3319 5242
750 437 875 503 138
1429 456 1728 503 wmALm
1769 455 2142 503 ims'roma
2188 453 2314 501 33-
2329 454 2405 502 so.

569 601 705 720 1147
745 596 1015 663 bullatas
1060 596 1408 664 Innocentii
1464 619 1700 685 papae,
1755 618 1912 683 quas
1958 618 2149 683 super
2193 596 2413 663 eodem
2454 596 2708 681 negotio
2751 593 3071 663 Leodiensi

745 715 1039 800 episcopo
1085 713 1386 781 Alberoni
1441 715 1815 781 transmisit.
1908 713 2012 780 Ad
2057 713 2434 780 veniendum
2480 718 2689 779 autem
2738 713 2820 778 ad
2860 732 2972 778 vos
3010 712 3072 778 in

742 830 1034 916 proximo
1078 850 1194 896 nos
1224 831 1426 897 modis
1456 831 1746 897 omnibus
1779 830 2146 916 expedimus
2179 836 2244 896 et
2271 830 2402 895 iam
2429 830 2560 896 iam
2590 829 2773 914 quasi
2802 828 3072 895 sarcinas

742 950 991 1013 nostras
1035 945 1422 1030 colligamus.
1501 947 1695 1014 Orate
1739 966 1856 1032 pro
1901 944 2103 1012 nobis.

746 1265 867 1335 59.
916 1267 1249 1334 Heinricus
1279 1268 1601 1355 episcopus
1622 1266 1990 1332 Leodt'ensis
2016 1266 2369 1332 11Τίὁαίάοηο
2394 1265 2482 1331 ad
2498 1288 2564 1331 00
2584 1276 2777 1330 vocat.
2826 1262 2935 1344 (M.
2951 1263 3076 1344 42.)

565 1415 701 1470 1147
915 1410 1259 1476 Henricus·
1315 1407 1437 1473 Dei
1488 1408 1698 1491 gratia
1749 1405 2118 1474 Leodiensis
2176 1408 2506 1493 episcopus
2573 1405 2923 1472 venerabili
2977 1405 3077 1472 ab·

573 1488 699 1536 0άῖ
736 1526 872 1592 bati
918 1525 1277 1592 Stabulensi
1306 1522 1596 1592 Wibaldo
1640 1524 1712 1589 in
1755 1543 2000 1590 summo
2048 1522 2327 1589 Salutari
2371 1522 2659 1589 salutem.

915 1640 1389 1706 Intolerantiam
1463 1639 1776 1706 malorum
1844 1639 2235 1725 episcopatui
2300 1644 2517 1706 nostro
2583 1637 3078 1704 incumbentium

736 1761 913 1822 tanto
971 1756 1398 1842 experientius
1445 1776 1635 1841 quam
1677 1777 1792 1823 vos
1838 1756 2061 1839 didici,
2120 1760 2353 1840 quanto
2397 1759 2643 1841 prestat
2687 1754 3080 1840 experimen-

734 1878 872 1939 tum
915 1871 1162 1938 relatui.
1254 1872 1341 1938 Et
1395 1874 1692 1957 quoniam
1749 1873 2025 1959 peccatis
2068 1873 2302 1939 nostris
2348 1870 2744 1955 exigentibus
2788 1870 2967 1937 mala
3008 1870 3080 1937 de

735 1986 838 2054 die
881 1988 950 2054 in
995 1989 1163 2054 diem
1205 1987 1724 2074 multiplicantur,
1770 2009 1900 2055 non
1946 1988 2287 2072 ambigitur
2333 1988 2501 2074 apud
2548 1986 2950 2054 discretionis
2979 2007 3080 2053 ve-

736 2110 904 2171 strae
950 2125 1234 2189 examen,
1281 2124 1396 2170 nos
1443 2124 1515 2171 eo
1563 2104 1835 2191 amplius
1879 2105 2078 2172 vestri
2122 2104 2370 2170 consilii
2413 2108 2477 2170 et
2523 2103 2744 2169 auxilii
2788 2103 3081 2170 ammini-

735 2221 874 2287 culo
919 2220 1231 2305 indigere,
1291 2241 1412 2306 quo
1461 2221 1833 2306 exquisitior
1878 2227 1943 2287 01
1984 2222 2326 2287 ferventior
2372 2221 2596 2287 ceteris
2643 2239 2949 2290 concessa
2991 2224 3083 2287 031

734 2337 912 2404 vobis
957 2338 1258 2410 divinitus
1303 2338 1511 2420 gratia
1553 2337 1622 2403 in
1666 2343 1950 2423 utroque.
2033 2337 2134 2403 Ex
2179 2337 2414 2403 nostris
2460 2342 2676 2403 tamen
2719 2338 3080 2423 occupatio-

731 2454 918 2521 nibus
960 2458 1205 2520 vestras
1252 2473 1498 2538 quoque
1542 2453 1905 2537 metienteS,
1960 2454 2310 2521 absentiam
2353 2457 2651 2536 vestram,
2705 2452 2859 2519 licet
2902 2453 3082 2520 nobis

733 2575 798 2637 et
841 2569 960 2653 his,
1008 2590 1167 2655 quae
1214 2570 1295 2636 ad
1332 2589 1444 2636 vos
1491 2567 1827 2655 specialius
1873 2575 2181 2656 spectant,
2229 2569 2566 2637 admodum
2594 2569 3082 2653 incommodam,

730 2687 1049 2773 patienter
1094 2688 1496 2768 sustinemuS,
1543 2685 1774 2752 obnixe
1815 2692 1880 2752 et
1909 2685 2291 2753 confidenter
2320 2691 2647 2753 monentes
2678 2684 3083 2752 dilectionem

730 2807 1029 2885 vestram,
1077 2809 1149 2869 ut
1190 2803 1566 2889 propensius
1614 2802 1762 2868 data
1808 2823 2004 2888 opera
2033 2803 2510 2889 exoccupationi
2538 2806 2812 2885 nostrae,
2862 2802 3082 2869 venire

729 2920 1061 2986 maturetis
1074 2918 1118 2985 ι’.
1187 2919 1456 2986 Necesse
1487 2924 1584 2986 est
1612 2919 1802 3003 enim,
1848 2925 1940 3002 ut,
1984 2919 2442 2986 communicato
2470 2919 2799 3002 utriusque
2832 2919 3083 3002 annisu,

730 3042 794 3103 et
846 3042 1202 3102 vestrorum
1268 3037 1593 3102 hominum
1649 3055 1943 3101 excessus
2003 3040 2067 3101 et
2118 3034 2489 3102 insolentiae
2543 3034 2722 3101 vobis
2779 3040 3083 3119 presente

729 3153 1144 3237 corrigantur,
1193 3157 1257 3219 01
1298 3157 1553 3219 nostrae
1597 3153 1799 3238 partis
1844 3151 2116 3235 malicia,
2162 3150 2296 3219 Deo
2332 3150 2741 3237 propitiante,
2789 3149 3081 3237 aliquan-

728 3269 931 3335 tulum
976 3268 1318 3352 mitigetur.

734 3498 857 3568 60.
908 3500 1255 3567 Monachus
1301 3499 1682 3565 stabulensis
1725 3500 2076 3571 Wibaldum
2128 3509 2338 3585 royac,
2396 3509 2466 3562 ut
2513 3500 2723 3563 venire
2755 3509 3080 3585 properet.

906 3617 1120 3696 Addit,
1170 3618 1247 3681 de
1291 3616 1438 3680 villa
1474 3616 1533 3680 T
1524 3617 1775 3680 omines
1818 3618 2115 3681 iudicium
2146 3615 2376 3680 Leodii
2412 3616 2662 3700 saepius
2691 3616 3081 3701 postulatum

907 3755 1050 3797 esse.
2710 3793 2714 3796 ,
2793 3728 2907 3809 (Μ.
2941 3731 3078 3811 43.)

553 3870 690 3924 1147
909 3864 1181 3930 1)01111110
1197 3874 1217 3898 ⁶
1265 3862 1572 3946 subditus,
1617 3864 1788 3949 patri
1831 3862 1998 3929 filius
2044 3862 2443 3929 dilectionem
2488 3868 2553 3928 et
2596 3861 2886 3929 salutem.

557 3943 692 3990 ΟΜ
910 3978 1221 4045 Gravibus
1275 3980 1441 4045 curis
1488 3985 1552 4045 et
1595 3980 1831 4046 crebris
1877 3980 2170 4066 expensis
2184 4028 2203 4063 ,
2264 3978 2533 4045 assiduis
2577 3979 2896 4064 pressuris
2941 4000 3078 4046 mo-

730 4097 940 4163 lestati
953 4145 971 4179 ,
1021 4095 1379 4183 aporiamur
1425 4096 1679 4182 quidem
1725 4095 1835 4161 sed
1878 4115 2005 4161 non
2051 4096 2482 4178 destituimur,
2527 4099 2811 4160 vestrum
2855 4115 3076 4162 neces·

730 4214 969 4281 sarium
1022 4219 1155 4279 tam
1210 4212 1391 4279 nobis
1451 4232 1639 4297 quam
1694 4216 1902 4278 terrae
1944 4217 2199 4278 nostrae
2244 4210 2662 4297 prestolantes
2710 4210 3072 4295 adventum,

729 4330 1125 4413 estimanteS,
1194 4334 1375 4414 tunc,
1444 4329 1563 4394 etsi
1621 4348 1750 4394 non
1807 4328 1887 4393 ad
1943 4327 2199 4414 plenum
2269 4347 2488 4414 pacem
2548 4326 2785 4411 cordiS,
2844 4327 3072 4394 saltem

872 4504 913 4536 a.
955 4488 1177 4536 Esuriens
1214 4513 1261 4520 —
1297 4488 1507 4534 wibaldo
1549 4491 1595 4533 ἰιι
1634 4488 1739 4533 eod.
1772 4505 1908 4534 erasa
1948 4497 2063 4535 cunt.
2195 4486 2239 4534 b.
2280 4488 2352 4533 Ῐιίι·
2395 4487 2622 4549 quaedam
2662 4487 2889 4535 «scidisse
2922 4496 3069 4549 petet.

730 4584 771 4617 c.
800 4570 995 4617 Domino
1033 4593 1082 4601 —
1119 4569 1311 4615 salutem
1340 4572 1386 4614 in
1418 4568 1521 4615 cod.
1553 4584 1692 4614 erosa
1723 4576 1839 4614 sunt.
