3319 5242
881 468 1484 520 3333110333111113
1529 468 1970 518 connumera
2501 449 2590 516 59

280 611 582 695 trutinari,
641 612 997 678 omnimodo
1051 611 1384 698 prohibere
1438 612 1684 696 sategit.
1777 610 2075 677 (lassatur
2129 613 2339 676 autem
2391 608 2590 675 domi-
2626 610 2834 733 Μὶἐέἷθ

278 727 403 794 11133
446 727 847 794 amminiculo
892 727 1037 794 talis
1098 728 1231 795 3133
1278 727 1672 794 adversatrix
1729 726 2057 810 emulatio,
2113 726 2291 812 (1313,
2347 727 2468 792 3131
2512 725 2592 793 (13

278 843 529 910 naturali
586 841 913 911 affectione
967 880 1052 890 -
1110 864 1258 910 nam
1325 848 1390 910 et
1440 844 1579 931 11133
1634 843 1714 910 ab
1728 853 1749 878 ⁸
1804 843 2343 927 consanguinitate
2401 842 2592 909 abba—

274 957 443 1026 tisse*
512 940 751 1026 lineam
815 961 1062 1044 generis
1132 959 1478 1027 deducebat
1534 996 1617 1006 —
1675 979 1803 1026 non
1866 964 2081 1025 tamen
2146 979 2297 1025 vera
2361 962 2589 1025 exstat.

275 1072 577 1142 Iterabant
623 1096 771 1159 ergo
800 1096 980 1160 reges
1011 1075 1174 1142 hanc
1201 1076 1613 1143 tradicionem
1643 1095 1762 1162 per
1792 1075 2078 1156 anulum3
2126 1078 2191 1141 31
2216 1075 2594 1159 ubicumque

273 1192 654 1276 oportunitas
699 1191 1000 1275 exigeret,
1043 1198 1337 1279 presente
1380 1192 1786 1259 nihilominus
1832 1191 2172 1278 apostolico
2214 1195 2280 1257 et
2306 1196 2438 1257 toto
2466 1188 2592 1256 Ro-

269 1326 586 1379 manorum
632 1308 941 1374 maiorum
972 1308 1252 1392 collegi0,
1297 1309 1557 1396 insuper
1599 1314 1664 1375 et
1692 1310 1760 1374 in
1789 1328 1984 1374 unum
2013 1306 2270 1373 collecto
2298 1308 2592 1380 universo

270 1423 508 1509 populo,
556 1423 678 1490 hoc
705 1425 940 1491 factum
969 1423 1167 1492 fixum
1203 1431 1268 1492 31
1293 1430 1503 1492 131313
1533 1430 1704 1491 31313
1733 1424 1979 1508 debere,
2026 1443 2101 1490 ac
2126 1422 2378 1490 firmare
2406 1442 2594 1510 posse

270 1558 336 1605 ac
373 1539 533 1607 velle
581 1546 821 1608 semoto
866 1540 1088 1627 procul
1132 1542 1303 1607 omni
1348 1540 1642 1628 scrupulo
1688 1541 1881 1607 etiam
1926 1540 2098 1606 omni
2128 1560 2241 1606 suo
2273 1558 2394 1625 quo
2423 1540 2595 1606 vitae

268 1653 439 1722 huius
482 1662 775 1743 tempore
830 1662 1164 1744 carperent
1219 1657 1451 1724 halitus
1464 1669 1506 1743 ⁰,
1566 1657 1986 1724 examinatius
2046 1654 2471 1738 affirmabant3
2531 1660 2598 1722 et

264 1770 436 1839 huius
466 1772 987 1861 astipulationem
1026 1773 1255 1840 litteris
1286 1774 1550 1857 signatis
1579 1773 1932 1841 tradebant.
2069 1772 2354 1839 Domnus
2386 1777 2596 1839 autem

265 1886 444 1955 abbas
499 1909 703 1975 penes
759 1910 827 1957 se
880 1910 998 1975 pro
1055 1909 1246 1955 causa
1300 1909 1429 1955 non
1485 1887 1805 1975 superflua
1861 1889 2098 1975 scripta
2139 1888 2295 1955 haec
2338 1889 2595 1974 detinet,

267 2004 444 2070 etiam
500 2024 654 2071 cum
711 2006 789 2071 de
843 2005 986 2091 ipsa
1042 2005 1218 2072 curia
1270 2004 1574 2092 procedat
1625 2004 1943 2071 mandatis
2007 2004 2199 2089 regiis
2265 2004 2597 2089 legationis

264 2121 461 2203 gratia
504 2120 593 2187 ad
638 2119 1146 2188 Cluniacensium
1187 2120 1416 2205 menia,
1468 2121 1579 2187 ubi
1622 2121 1836 2186 domni
1882 2121 2210 2206 apostolici
2252 2121 2601 2189 habebatur

262 2239 401 2303 tunc
442 2238 774 2324 presentia
791 2234 825 2302 ¹.

428 2352 554 2420 Set
606 2352 722 2420 1133
778 2353 927 2419 (1331
980 2357 1281 2437 aguntur,
1341 2351 1762 2418 Theodericus
1806 2351 1885 2419 de
1927 2350 2165 2436 Riclige
2208 2354 2597 2439 prepositum

261 2467 653 2537 Kimenaden
697 2488 842 2535 cum
868 2469 1191 2553 fratribus,
1237 2468 1395 2536 inibi
1425 2488 1539 2555 per
1569 2468 1870 2534 domnum
1899 2468 2189 2535 abbatem
2219 2469 2598 2555 constitutis,

261 2603 365 2670 per
405 2586 680 2653 nuncios
726 2605 873 2652 suos
919 2585 996 2652 de
1040 2584 1187 2652 inde
1231 2584 1682 2669 transmigrare
1697 2583 1720 2620 ‘¹
1766 2584 2078 2672 precepit,
2131 2585 2344 2652 dicens
2357 2637 2377 2671 ,
2424 2586 2601 2655 ducis

261 2706 408 2769 nutu
450 2703 526 2769 id
576 2703 802 2786 exequi
846 2701 1072 2769 debere
1114 2701 1291 2767 nulla
1330 2701 1461 2768 iam
1502 2701 1881 2788 interposita
1922 2702 2369 2769 intersticione.
2458 2702 2601 2790 11133

261 2837 398 2885 vero
444 2818 815 2906 prepositus
859 2837 1005 2885 cum
1048 2818 1272 2885 ceteris
1316 2817 1616 2884 fratribus
1659 2817 2091 2884 minitantium
2133 2816 2436 2885 fluctuum
2467 2821 2602 2887 3133

262 2931 745 3020 131131333113133
788 2932 998 3001 113331·
1041 2934 1376 3021 pendebat,
1424 2934 1571 3018 quia
1615 2933 1884 3017 degebat
1921 2933 2030 2999 31
2013 2953 2081 2998 13
2109 2932 2245 3001 1333
2274 2936 2601 3003 nobiscum

260 3052 574 3137 tempore,
623 3071 747 3135 quo
791 3051 1149 3138 prepositus
1194 3055 1410 3117 noster
1452 3048 1833 3116 Adelbertus
1878 3067 2021 3114 cum
2063 3049 2322 3134 reliquis
2369 3052 2451 3118 ad
2494 3072 2601 3119 cu-

262 3164 412 3232 riam
471 3166 962 3254 procedentibus
1005 3167 1180 3234 venit
1233 3172 1297 3234 et
1349 3166 1648 3253 reliquias
1692 3165 1944 3251 patroni
1988 3166 2190 3231 nostri
2234 3167 2437 3233 sancti
2471 3168 2601 3235 Viti

264 3279 645 3368 reportavi?
692 3288 777 3365 et,
823 3304 943 3368 que
989 3289 1167 3367 gesta
1206 3284 1458 3350 fuerant
1499 3282 1599 3349 vel
1645 3303 1767 3369 quo
1812 3282 2021 3368 modo,
2064 3303 2180 3370 1131
2220 3283 2551 3351 ordinem
2532 3304 2600 3349 m

266 3397 516 3466 auribus
563 3399 851 3465 omnium
892 3406 1181 3466 nostrum
1227 3399 1539 3486 exposuit,
1586 3399 1779 3465 etiam
1824 3398 2093 3484 qualiter
2136 3400 2273 3487 ipse
2318 3400 2447 3466 dux
2491 3401 2601 3467 ad·

269 3515 540 3581 vocatias
598 3519 1007 3600 utrorumque
1060 3514 1341 3582 locorum
1382 3514 1635 3581 illorum
1681 3515 1935 3599 regibus
1978 3516 2299 3600 redderet,
2353 3518 2601 3604 ipsique

269 3635 325 3694 31
363 3630 634 3698 ecclesie
679 3636 892 3697 nostre
935 3631 1289 3714 traderent,
1336 3635 1600 3717 postque
1646 3631 1726 3698 ab
1773 3630 1998 3698 abbate
2040 3633 2177 3719 ipse
2222 3633 2350 3698 dux
2395 3632 2600 3700 denuo

268 3744 325 3811 in
368 3745 750 3814 beneficium
794 3746 1121 3832 reciperet.
1193 3745 1305 3812 Set
1348 3746 1502 3813 haec
1531 3746 1949 3814 Theodericus
1996 3748 2051 3814 si
2095 3754 2358 3815 noverat
2381 3769 2599 3834 333113,

268 3879 385 3927 uon
429 3867 534 3929 est
576 3862 759 3929 nobis
805 3862 1324 3945 animadvertere,
1371 3882 1515 3929 cum
1558 3883 1674 3930 nos
1721 3864 1953 3950 quippe
1987 3868 2281 3931 tueantur
2309 3869 2374 3931 et
2402 3865 2602 3931 domi-

266 3984 519 4046 natores
563 3984 755 4061 terre,
799 3977 1055 4045 Domini
1096 3978 1260 4044 sicut
1288 3997 1614 4065 speramus
1644 3978 2087 4065 inspiratione‘
2115 3980 2217 4046 vel
2247 3979 2462 4047 domni
2493 3981 2602 4048 ab-

270 4091 425 4162 batis
472 4094 905 4161 conventione.
1061 4094 1225 4160 Nam
1272 4098 1338 4161 et
1379 4098 1566 4159 antea
1610 4130 1695 4140 —
1744 4093 1893 4160 dum
1936 4095 2240 4179 fungebar
2282 4097 2349 4162 in
2394 4097 2603 4164 locum

404 4240 449 4273 3.
494 4226 603 4275 abe
581 4229 850 4288 scriptume
828 4237 895 4273 est
934 4231 978 4274 in
1016 4228 1174 4274 cord.
1146 4245 1282 4354 :uper
1314 4227 1742 4285 consanguinitates
1866 4227 1911 4275 b.
1953 4228 2144 4275 abbone
2175 4228 2601 4278 3.,1113111118

271 4321 340 4365 cp.
369 4308 614 4355 Paetina.
741 4307 786 4354 d.
817 4309 1113 4366 transmigare
1311 4323 1351 4354 3.
1380 4307 1508 4354 flocti
1538 4326 1577 4354 c.
1695 4307 1728 4354 f.
1761 4308 2107 4367 133111131311333
2137 4326 2178 4354 c.

407 4393 462 4448 1.
511 4393 760 4450 Cluniaci
804 4394 895 4450 die
929 4395 999 4450 26
1035 4327 1217 4449 Martii
1257 4394 1392 4449 1147
1442 4392 1613 4449 fuisse
1657 4394 1967 4464 Eugenium
2002 4394 2085 4449 111
2128 4409 2351 4464 papam,
2398 4394 2601 4450 docent

272 4477 510 4552 Begesta
535 4484 1146 4553 113111.Β3111.3.6293.
1254 4484 1305 4537 2.
1345 4482 1628 4553 Reliquias
1652 4481 1709 4538 S.
1727 4483 1846 4539 Viti
1884 4483 1940 4537 13
1977 4484 2126 4538 curia
2152 4482 2599 4540 Franeofurtensi

274 4567 459 4642 muse,
497 4571 738 4630 ostendit
772 4573 1011 4630 conradi
1046 4573 1128 4629 111
1161 4572 1406 4643 diploma
1442 4574 1516 4642 (v.
1555 4587 1723 4642 supra
1754 4587 1812 4642 p.
1834 4572 1905 4628 55
1938 4588 1992 4627 11.
2019 4573 2097 4641 3).
