3319 5242
501 548 640 601 1136

455 620 580 679 Sept.
599 621 696 666 Oct.

498 2551 636 2604 1136

452 2625 577 2684 Sept.
595 2624 693 2671 Oct.

547 3962 684 4017 1137

554 4036 687 4082 Febr.

729 383 817 450 80
1446 401 1744 448 wmanm
1785 401 2158 449 amsronxr.
2199 402 2231 448 4
2246 423 2296 433 -
2310 401 2356 448 e.

729 541 910 609 Unde
955 542 1147 609 etiam
1192 540 1582 627 confidimus,
1627 544 1858 610 vestris
1890 543 2277 610 orationibus
2309 543 2480 628 apud
2506 542 2714 609 Deum
2741 541 2862 608 hoc
2890 561 3075 628 posse

730 659 1023 745 optineri,
1070 664 1141 724 ut
1187 659 1461 744 quietem
1505 660 1851 726 universali
1894 660 2120 727 reddat
2165 659 2464 726 ecclesiae
2496 664 2560 725 et
2589 678 2812 745 pacem
2840 659 3076 724 nostris

729 773 1033 840 concedat
1074 776 1480 861 temporibus.
1552 777 1714 843 Cum
1760 797 1909 859 ergo
1956 797 2037 842 ex
2065 774 2396 862 privilegio
2429 775 2724 860 antiquae
2753 773 3077 858 religionis

730 909 881 955 suae
927 890 1190 956 ecclesia
1228 897 1441 958 vestra
1481 892 1842 978 specialiter
1873 893 1952 958 ad
1981 892 2332 957 Romanam
2359 891 2734 975 dignitatem
2762 891 3080 977 respicere

730 1004 973 1089 debeat,
1021 1027 1488 1075 commonemus
1519 1031 1630 1075 vos
1673 1009 2050 1092 mandando,
2096 1013 2188 1091 ut,
2236 1009 2292 1074 si
2323 1008 2549 1074 timore
2581 1006 2843 1073 alicuius
2876 1006 3080 1073 coacti

730 1121 810 1187 ab
867 1122 1110 1190 unitate
1167 1124 1466 1191 ecclesiae
1515 1125 1918 1192 exorbitastis
1934 1176 1953 1211 ,
2012 1125 2093 1190 ad
2140 1145 2284 1190 eum
2302 1120 2338 1209 ¹,
2401 1144 2587 1209 quem
2631 1128 2767 1188 tota
2811 1122 3082 1189 ecclesia

727 1243 975 1324 patrem
1028 1242 1423 1325 recognovit,
1480 1242 1775 1308 redeatis,
1955 1241 2085 1307 Nos
2130 1261 2280 1306 vero
2337 1240 2406 1305 in
2461 1238 2751 1306 omnibus
2796 1239 3080 1306 debitam

727 1355 1061 1421 tuitionem
1106 1357 1407 1423 ecclesiae
1453 1362 1701 1424 vestrae
1747 1358 1999 1424 exibere
2044 1357 2323 1423 volentes
2337 1405 2356 1439 ,
2404 1376 2596 1442 quam
2639 1357 3077 1440 cognoscimus

727 1470 1163 1558 imperialibus
1223 1473 1504 1538 dotatam
1563 1473 1984 1540 oblationibus
1997 1524 2016 1558 ,
2074 1473 2448 1540 mandamus
2499 1472 2679 1539 vobis
2692 1522 2711 1556 ,
2769 1478 2873 1557 ut,
2931 1492 3079 1540 cum

726 1589 1005 1674 primum
1048 1589 1336 1675 partibus
1380 1588 1509 1655 illis
1557 1591 2195 1677 appropiaverimus·,
2254 1589 2446 1656 abbas
2491 1585 2736 1656 vester'
2783 1609 2930 1656 cum
2976 1610 3076 1655 sa-

726 1704 1143 1790 pientioribus
1192 1726 1270 1771 ex
1314 1706 1492 1772 vobis
1538 1706 1721 1772 nobis
1768 1713 2076 1791 occurrat,
2122 1712 2196 1773 ut
2224 1706 2302 1772 de
2332 1705 2451 1790 his,
2501 1726 2662 1791 quae
2692 1705 2775 1772 ad
2801 1706 3073 1772 tuendas

725 1839 829 1886 res
874 1825 1117 1886 vestras
1164 1821 1523 1908 expediant,
1569 1821 1853 1909 plenarie
1899 1823 2362 1890 conveniamus.
2544 1821 2844 1888 Latorem
2888 1843 3077 1909 prae-

727 1936 1022 2020 sentium,
1070 1938 1126 2003 si
1171 1958 1329 2025 opus
1374 1938 1740 2024 habueritis,
1787 1941 2020 2007 iterum
2063 1940 2145 2006 ad
2188 1959 2304 2006 nos
2333 1938 2694 2023 remittatis,
2743 1940 2895 2024 quia
2921 1938 3079 2006 fide-

724 2050 872 2119 liter
915 2072 1172 2120 causam
1218 2060 1493 2121 vestram
1540 2055 1689 2139 agit.

730 2285 800 2354 5.
858 2287 1124 2353 Riclu‘za
1158 2289 1525 2374 inperatrix
1562 2289 1989 2354 Casina-usibus
2034 2289 2510 2354 benevolentiam
2553 2311 2732 2353 suam
2777 2288 3076 2354 declarat.

862 2402 1287 2469 Senior-ectum
1334 2406 1616 2470 abbatem
1662 2406 1750 2469 ad
1789 2429 1855 2469 se
1897 2406 2105 2469 venire
2152 2401 2374 2490 cupitb.

905 2534 1206 2623 Rychyza
1233 2536 1355 2603 Dei
1399 2538 1606 2621 gratia
1635 2536 2062 2603 Romanorum
2105 2537 2481 2623 imperatrix
2519 2536 2822 2603 fratribus
2855 2536 3080 2603 Sancti

726 2651 1051 2718 Benedicti
1098 2654 1369 2737 gratiam
1416 2675 1597 2720 suam
1641 2660 1706 2720 et
1751 2654 1980 2720 bonam
2026 2653 2430 2720 voluntatem.

909 2768 1205 2854 Magnam
1274 2771 1470 2837 fuisse
1540 2792 1619 2837 ex
1690 2771 1945 2855 antiquo
2017 2769 2314 2836 ecclesiae
2367 2774 2615 2835 vestrae
2663 2769 3080 2855 religionem,

729 2886 1102 2953 audivimus.
1197 2887 1377 2954 Unde
1434 2887 1807 2953 memoriam
1861 2886 2064 2951 nostri
2121 2886 2289 2972 apud
2333 2906 2446 2950 vos
2491 2885 2711 2951 haberi
2753 2905 3080 2972 rogamus,

727 3003 1021 3089 quatinus
1068 3010 1279 3071 vestro
1340 3005 1599 3071 obtentu
1645 3002 1818 3069 Deus
1874 3023 2096 3088 pacem
2154 3001 2452 3069 ecclesiae
2509 3021 2660 3067 suae
2713 3002 2782 3067 in
2835 3004 3083 3070 nostris

724 3121 1027 3187 concedat
1071 3121 1481 3208 temporibus.
1552 3119 1684 3185 Nos
1733 3120 1945 3204 etiam,
1992 3124 2296 3203 quantum
2339 3119 2687 3204 poterimus
2725 3117 3083 3186 auxiliante

723 3235 878 3320 De0,
926 3258 1043 3323 pro
1092 3236 1412 3303 salvandis
1457 3236 1645 3302 rebus
1694 3234 1991 3301 ecclesiae
2037 3240 2286 3301 vestrae
2331 3234 2774 3318 cogitabimu83
2822 3239 3083 3302 tantum

722 3352 990 3418 domnus
1048 3348 1280 3419 abbas'
1339 3351 1714 3438 tempestive
1767 3352 1948 3418 nobis
2015 3372 2159 3417 cum
2216 3351 2701 3437 sapientioribus
2758 3358 3080 3438 occurrat,

721 3472 795 3534 ut
839 3469 917 3535 de
964 3468 1063 3534 his
1111 3474 1174 3536 et
1217 3468 1295 3534 de
1343 3468 1482 3533 aliis
1528 3468 1862 3534 convenire
1906 3466 2188 3555 plenarie
2232 3467 2566 3554 possimus.

726 3698 796 3769 6.
855 3701 1195 3769 Lotharius
1238 3704 1578 3790 imperator
1620 3703 1975 3768 Casium-ses
2021 3702 2326 3784 admonet,
2371 3712 2442 3764 ut
2483 3725 2600 3767 sua
2642 3702 2944 3766 mandata
2992 3705 3080 3770 ab

858 3818 1167 3907 Admoffo
1216 3830 1274 3884 et
1315 3819 1591 3907 Ver-tuffo
1639 3820 1833 3884 allata
1879 3826 2339 3907 exsequantur-⁶.

901 3950 1287 4034 Loth(arius)
1322 3951 1444 4018 Dei
1491 3951 1699 4037 gratia
1725 3950 2149 4016 Romanorum
2193 3950 2540 4036 imperator
2586 3953 2886 4033 augustus
2915 3947 3081 4018 fide-

720 4067 885 4136 libus
933 4068 1083 4152 suiS,
1129 4068 1442 4153 religiosis
1487 4068 1790 4134 fratribus
1836 4067 1913 4133 de
1944 4065 2157 4133 Monte
2188 4065 2415 4133 Casino
2463 4067 2728 4151 gratiam
2778 4086 2963 4132 suam
3011 4074 3085 4134 et

721 4185 950 4251 bonam
995 4183 1399 4251 voluntatem.

866 4350 908 4383 ι.
949 4336 1388 4396 appropriaverimus
1429 4335 1500 4381 ed.
1628 4334 1674 4381 b.
1716 4335 1880 4381 Edidit
1918 4337 2121 4399 Angelus
2163 4336 2221 4382 de
2261 4336 2387 4381 Nuce
2426 4335 2459 4380 1.
2484 4335 2515 4380 1.
2547 4350 2596 4393 p.
2614 4334 2689 4380 25.
2824 4345 2864 4379 c.
2907 4336 3081 4384 Edidit

719 4418 923 4481 Angelus
958 4418 1014 4463 de
1045 4419 1170 4463 Nuce
1202 4418 1284 4462 1.1.
1310 4432 1359 4475 p.
1378 4416 1452 4461 24.

863 4514 913 4567 1.
949 4510 1334 4567 Innocentium
1369 4508 1425 4564 H
1461 4523 1678 4577 papam.
1821 4509 1874 4565 2.
1912 4508 2281 4566 Seniorectus.
