<?xml version="1.0" encoding="UTF-8"?>
<!DOCTYPE html PUBLIC "-//W3C//DTD XHTML 1.0 Transitional//EN"
    "http://www.w3.org/TR/xhtml1/DTD/xhtml1-transitional.dtd">
<html xmlns="http://www.w3.org/1999/xhtml" xml:lang="en" lang="en">
 <head>
  <title>
</title>
<meta http-equiv="Content-Type" content="text/html;charset=utf-8" />
  <meta name='ocr-system' content='tesseract 3.04.00' />
  <meta name='ocr-capabilities' content='ocr_page ocr_carea ocr_par ocr_line ocrx_word'/>
</head>
<body>
  <div class='ocr_page' id='page_1' title='image "./monumentacorbei00corvgoog_0030.png"; bbox 0 0 3319 5242; ppageno 0'>
   <div class='ocr_carea' id='block_1_1' title="bbox 710 422 2230 491">
    <p class='ocr_par' dir='ltr' id='par_1_1' title="bbox 710 422 2230 491">
     <span class='ocr_line' id='line_1_1' title="bbox 710 422 2230 491; baseline -0.001 -4"><span class='ocrx_word' id='word_1_1' title='bbox 710 422 794 491; x_wconf 87' lang='lat'>14</span> <span class='ocrx_word' id='word_1_2' title='bbox 1525 438 1957 488; x_wconf 67' lang='lat' dir='ltr'>Tmsm‘no</span> <span class='ocrx_word' id='word_1_3' title='bbox 2002 438 2057 487; x_wconf 86' lang='lat' dir='ltr'>s.</span> <span class='ocrx_word' id='word_1_4' title='bbox 2087 439 2230 487; x_wconf 83' lang='lat' dir='ltr'>vm</span> 
     </span>
    </p>
   </div>
   <div class='ocr_carea' id='block_1_2' title="bbox 561 576 3075 4158">
    <p class='ocr_par' dir='ltr' id='par_1_2' title="bbox 703 576 3047 666">
     <span class='ocr_line' id='line_1_2' title="bbox 703 576 3047 666; baseline -0.001 -19"><span class='ocrx_word' id='word_1_5' title='bbox 703 581 1149 649; x_wconf 80' lang='lat' dir='ltr'>retractatione</span> <span class='ocrx_word' id='word_1_6' title='bbox 1189 579 1463 666; x_wconf 79' lang='lat' dir='ltr'>aliquem</span> <span class='ocrx_word' id='word_1_7' title='bbox 1493 601 1731 664; x_wconf 82' lang='lat' dir='ltr'>eorum,</span> <span class='ocrx_word' id='word_1_8' title='bbox 1778 580 1887 665; x_wconf 85' lang='lat' dir='ltr'>qui</span> <span class='ocrx_word' id='word_1_9' title='bbox 1915 580 2032 647; x_wconf 88' lang='lat' dir='ltr'>sub</span> <span class='ocrx_word' id='word_1_10' title='bbox 2064 579 2303 646; x_wconf 85' lang='lat' dir='ltr'>ditione</span> <span class='ocrx_word' id='word_1_11' title='bbox 2331 598 2448 646; x_wconf 86' lang='lat' dir='ltr'>sua</span> <span class='ocrx_word' id='word_1_12' title='bbox 2480 582 2681 662; x_wconf 66' lang='lat' dir='ltr'>erant,</span> <span class='ocrx_word' id='word_1_13' title='bbox 2725 577 2819 644; x_wconf 74' lang='lat' dir='ltr'>eis</span> <span class='ocrx_word' id='word_1_14' title='bbox 2847 576 3047 644; x_wconf 85' lang='lat' dir='ltr'>daret.</span> 
     </span>
    </p>

    <p class='ocr_par' dir='ltr' id='par_1_3' title="bbox 562 689 2860 787">
     <span class='ocr_line' id='line_1_3' title="bbox 562 689 2860 787; baseline -0.002 -23"><span class='ocrx_word' id='word_1_15' title='bbox 562 701 666 787; x_wconf 61' lang='lat'>833</span> <span class='ocrx_word' id='word_1_16' title='bbox 707 695 1059 782; x_wconf 80' lang='lat' dir='ltr'>Statimque</span> <span class='ocrx_word' id='word_1_17' title='bbox 1101 703 1249 784; x_wconf 90' lang='lat' dir='ltr'>post</span> <span class='ocrx_word' id='word_1_18' title='bbox 1294 697 1532 783; x_wconf 80' lang='lat' dir='ltr'>aliquot</span> <span class='ocrx_word' id='word_1_19' title='bbox 1575 697 1710 763; x_wconf 90' lang='lat' dir='ltr'>dies</span> <span class='ocrx_word' id='word_1_20' title='bbox 1755 695 1978 763; x_wconf 90' lang='lat' dir='ltr'>honori</span> <span class='ocrx_word' id='word_1_21' title='bbox 2021 696 2291 783; x_wconf 88' lang='lat' dir='ltr'>pristino</span> <span class='ocrx_word' id='word_1_22' title='bbox 2335 695 2665 762; x_wconf 87' lang='lat' dir='ltr'>restitutus</span> <span class='ocrx_word' id='word_1_23' title='bbox 2712 698 2811 760; x_wconf 90' lang='lat' dir='ltr'>est</span> <span class='ocrx_word' id='word_1_24' title='bbox 2825 689 2860 759; x_wconf 86' lang='lat'>¹.</span> 
     </span>
    </p>

    <p class='ocr_par' dir='ltr' id='par_1_4' title="bbox 564 775 3060 1711">
     <span class='ocr_line' id='line_1_4' title="bbox 564 775 3054 900; baseline -0.002 -21"><span class='ocrx_word' id='word_1_25' title='bbox 564 775 670 822; x_wconf 54' lang='grc' dir='ltr'>Μ’</span> <span class='ocrx_word' id='word_1_26' title='bbox 882 812 1036 879; x_wconf 84' lang='lat' dir='ltr'>Post</span> <span class='ocrx_word' id='word_1_27' title='bbox 1087 813 1206 880; x_wconf 87' lang='lat' dir='ltr'>hoc</span> <span class='ocrx_word' id='word_1_28' title='bbox 1259 814 1605 900; x_wconf 87' lang='lat' dir='ltr'>imperator</span> <span class='ocrx_word' id='word_1_29' title='bbox 1662 813 1853 878; x_wconf 87' lang='lat' dir='ltr'>etiam</span> <span class='ocrx_word' id='word_1_30' title='bbox 1909 811 2334 880; x_wconf 89' lang='lat' dir='ltr'>venerabilem</span> <span class='ocrx_word' id='word_1_31' title='bbox 2385 810 2676 878; x_wconf 78' lang='lat' dir='ltr'>abbatem</span> <span class='ocrx_word' id='word_1_32' title='bbox 2720 807 3054 879; x_wconf 83' lang='lat' dir='ltr'>Warinum</span> 
     </span>
     <span class='ocr_line' id='line_1_5' title="bbox 704 924 3053 1016; baseline -0.002 -21"><span class='ocrx_word' id='word_1_33' title='bbox 704 928 1036 1016; x_wconf 89' lang='lat' dir='ltr'>ampliavit</span> <span class='ocrx_word' id='word_1_34' title='bbox 1075 929 1312 997; x_wconf 90' lang='lat' dir='ltr'>honore</span> <span class='ocrx_word' id='word_1_35' title='bbox 1359 931 1539 1015; x_wconf 89' lang='lat' dir='ltr'>eique</span> <span class='ocrx_word' id='word_1_36' title='bbox 1582 929 2036 996; x_wconf 87' lang='lat' dir='ltr'>monasterium</span> <span class='ocrx_word' id='word_1_37' title='bbox 2078 924 2413 995; x_wconf 76' lang='lat' dir='ltr'>Rasbacis²</span> <span class='ocrx_word' id='word_1_38' title='bbox 2457 930 2870 1012; x_wconf 87' lang='lat' dir='ltr'>cognomento</span> <span class='ocrx_word' id='word_1_39' title='bbox 2899 924 3053 991; x_wconf 88' lang='lat' dir='ltr'>Hie-</span> 
     </span>
     <span class='ocr_line' id='line_1_6' title="bbox 701 1040 3053 1130; baseline -0.002 -19"><span class='ocrx_word' id='word_1_40' title='bbox 701 1044 979 1112; x_wconf 88' lang='lat' dir='ltr'>rusalem</span> <span class='ocrx_word' id='word_1_41' title='bbox 1023 1045 1105 1111; x_wconf 87' lang='lat' dir='ltr'>ad</span> <span class='ocrx_word' id='word_1_42' title='bbox 1148 1045 1624 1130; x_wconf 80' lang='lat' dir='ltr'>gubernandum</span> <span class='ocrx_word' id='word_1_43' title='bbox 1665 1044 1945 1111; x_wconf 79' lang='lat' dir='ltr'>tradidit.</span> <span class='ocrx_word' id='word_1_44' title='bbox 2017 1044 2193 1111; x_wconf 85' lang='lat' dir='ltr'>Tunc</span> <span class='ocrx_word' id='word_1_45' title='bbox 2222 1044 2488 1111; x_wconf 85' lang='lat' dir='ltr'>accessit</span> <span class='ocrx_word' id='word_1_46' title='bbox 2518 1043 2599 1110; x_wconf 88' lang='lat' dir='ltr'>ad</span> <span class='ocrx_word' id='word_1_47' title='bbox 2626 1040 3053 1110; x_wconf 87' lang='lat' dir='ltr'>venerabilem</span> 
     </span>
     <span class='ocr_line' id='line_1_7' title="bbox 702 1156 3055 1247; baseline -0.001 -20"><span class='ocrx_word' id='word_1_48' title='bbox 702 1162 912 1227; x_wconf 89' lang='lat' dir='ltr'>virum</span> <span class='ocrx_word' id='word_1_49' title='bbox 940 1160 1370 1228; x_wconf 83' lang='lat' dir='ltr'>Hilduwinum</span> <span class='ocrx_word' id='word_1_50' title='bbox 1418 1167 1482 1228; x_wconf 90' lang='lat' dir='ltr'>et</span> <span class='ocrx_word' id='word_1_51' title='bbox 1522 1161 1774 1244; x_wconf 84' lang='lat' dir='ltr'>rogavit</span> <span class='ocrx_word' id='word_1_52' title='bbox 1817 1182 1980 1245; x_wconf 86' lang='lat' dir='ltr'>eum,</span> <span class='ocrx_word' id='word_1_53' title='bbox 2027 1166 2100 1227; x_wconf 90' lang='lat' dir='ltr'>ut</span> <span class='ocrx_word' id='word_1_54' title='bbox 2141 1181 2385 1228; x_wconf 90' lang='lat' dir='ltr'>memor</span> <span class='ocrx_word' id='word_1_55' title='bbox 2415 1165 2583 1227; x_wconf 89' lang='lat' dir='ltr'>esset</span> <span class='ocrx_word' id='word_1_56' title='bbox 2611 1156 3055 1247; x_wconf 74' lang='lat' dir='ltr'>promissionis</span> 
     </span>
     <span class='ocr_line' id='line_1_8' title="bbox 703 1273 3056 1365; baseline -0.001 -22"><span class='ocrx_word' id='word_1_57' title='bbox 703 1297 855 1344; x_wconf 87' lang='lat' dir='ltr'>suae</span> <span class='ocrx_word' id='word_1_58' title='bbox 900 1281 965 1345; x_wconf 89' lang='lat' dir='ltr'>et</span> <span class='ocrx_word' id='word_1_59' title='bbox 1008 1278 1188 1344; x_wconf 88' lang='lat' dir='ltr'>daret</span> <span class='ocrx_word' id='word_1_60' title='bbox 1231 1277 1291 1344; x_wconf 90' lang='lat' dir='ltr'>ei</span> <span class='ocrx_word' id='word_1_61' title='bbox 1320 1297 1550 1365; x_wconf 85' lang='lat' dir='ltr'>corpus</span> <span class='ocrx_word' id='word_1_62' title='bbox 1583 1277 1934 1344; x_wconf 85' lang='lat' dir='ltr'>beatissimi</span> <span class='ocrx_word' id='word_1_63' title='bbox 1962 1278 2145 1364; x_wconf 90' lang='lat' dir='ltr'>pueri</span> <span class='ocrx_word' id='word_1_64' title='bbox 2175 1282 2239 1343; x_wconf 87' lang='lat' dir='ltr'>et</span> <span class='ocrx_word' id='word_1_65' title='bbox 2266 1277 2567 1363; x_wconf 86' lang='lat' dir='ltr'>martyris</span> <span class='ocrx_word' id='word_1_66' title='bbox 2597 1275 2749 1342; x_wconf 86' lang='lat' dir='ltr'>Viti.</span> <span class='ocrx_word' id='word_1_67' title='bbox 2886 1273 3056 1353; x_wconf 83' lang='lat' dir='ltr'>Qua-</span> 
     </span>
     <span class='ocr_line' id='line_1_9' title="bbox 702 1389 3056 1481; baseline -0.001 -22"><span class='ocrx_word' id='word_1_68' title='bbox 702 1392 849 1459; x_wconf 85' lang='lat' dir='ltr'>liter</span> <span class='ocrx_word' id='word_1_69' title='bbox 905 1398 1117 1461; x_wconf 90' lang='lat' dir='ltr'>autem</span> <span class='ocrx_word' id='word_1_70' title='bbox 1170 1393 1275 1461; x_wconf 85' lang='lat' dir='ltr'>vel</span> <span class='ocrx_word' id='word_1_71' title='bbox 1331 1415 1453 1480; x_wconf 91' lang='lat' dir='ltr'>quo</span> <span class='ocrx_word' id='word_1_72' title='bbox 1509 1400 1793 1480; x_wconf 87' lang='lat' dir='ltr'>tempore</span> <span class='ocrx_word' id='word_1_73' title='bbox 1845 1393 1962 1459; x_wconf 86' lang='lat' dir='ltr'>hoc</span> <span class='ocrx_word' id='word_1_74' title='bbox 2018 1413 2246 1481; x_wconf 86' lang='lat' dir='ltr'>corpus</span> <span class='ocrx_word' id='word_1_75' title='bbox 2302 1393 2504 1460; x_wconf 87' lang='lat' dir='ltr'>sancti</span> <span class='ocrx_word' id='word_1_76' title='bbox 2548 1391 2683 1458; x_wconf 88' lang='lat' dir='ltr'>Viti</span> <span class='ocrx_word' id='word_1_77' title='bbox 2735 1391 2806 1457; x_wconf 91' lang='lat' dir='ltr'>in</span> <span class='ocrx_word' id='word_1_78' title='bbox 2853 1389 3056 1456; x_wconf 86' lang='lat' dir='ltr'>Saxo-</span> 
     </span>
     <span class='ocr_line' id='line_1_10' title="bbox 702 1506 3060 1594; baseline -0.001 -20"><span class='ocrx_word' id='word_1_79' title='bbox 702 1510 874 1576; x_wconf 90' lang='lat' dir='ltr'>niam</span> <span class='ocrx_word' id='word_1_80' title='bbox 919 1509 1298 1577; x_wconf 88' lang='lat' dir='ltr'>translatum</span> <span class='ocrx_word' id='word_1_81' title='bbox 1344 1512 1430 1578; x_wconf 89' lang='lat' dir='ltr'>sit</span> <span class='ocrx_word' id='word_1_82' title='bbox 1473 1516 1538 1577; x_wconf 90' lang='lat' dir='ltr'>et</span> <span class='ocrx_word' id='word_1_83' title='bbox 1579 1511 1648 1576; x_wconf 89' lang='lat' dir='ltr'>in</span> <span class='ocrx_word' id='word_1_84' title='bbox 1691 1509 2074 1577; x_wconf 85' lang='lat' dir='ltr'>monasterio</span> <span class='ocrx_word' id='word_1_85' title='bbox 2121 1509 2289 1594; x_wconf 91' lang='lat' dir='ltr'>quod</span> <span class='ocrx_word' id='word_1_86' title='bbox 2317 1508 2586 1577; x_wconf 88' lang='lat' dir='ltr'>Corbeia</span> <span class='ocrx_word' id='word_1_87' title='bbox 2611 1526 2780 1574; x_wconf 89' lang='lat' dir='ltr'>nova</span> <span class='ocrx_word' id='word_1_88' title='bbox 2819 1506 3060 1573; x_wconf 91' lang='lat' dir='ltr'>dicitur</span> 
     </span>
     <span class='ocr_line' id='line_1_11' title="bbox 703 1624 1859 1711; baseline -0.001 -19"><span class='ocrx_word' id='word_1_89' title='bbox 703 1624 1096 1711; x_wconf 86' lang='lat' dir='ltr'>collocatum,</span> <span class='ocrx_word' id='word_1_90' title='bbox 1140 1626 1435 1694; x_wconf 91' lang='lat' dir='ltr'>intimare</span> <span class='ocrx_word' id='word_1_91' title='bbox 1482 1626 1859 1693; x_wconf 79' lang='lat' dir='ltr'>curavimus.</span> 
     </span>
    </p>

    <p class='ocr_par' dir='ltr' id='par_1_5' title="bbox 561 1738 3075 4158">
     <span class='ocr_line' id='line_1_12' title="bbox 561 1738 3058 1824; baseline -0.001 -18"><span class='ocrx_word' id='word_1_92' title='bbox 561 1751 668 1806; x_wconf 84' lang='lat'>836</span> <span class='ocrx_word' id='word_1_93' title='bbox 879 1742 1064 1809; x_wconf 89' lang='lat' dir='ltr'>Anno</span> <span class='ocrx_word' id='word_1_94' title='bbox 1109 1743 1561 1809; x_wconf 86' lang='lat' dir='ltr'>incarnationis</span> <span class='ocrx_word' id='word_1_95' title='bbox 1597 1742 1836 1808; x_wconf 91' lang='lat' dir='ltr'>domini</span> <span class='ocrx_word' id='word_1_96' title='bbox 1863 1742 2066 1808; x_wconf 88' lang='lat' dir='ltr'>nostri</span> <span class='ocrx_word' id='word_1_97' title='bbox 2095 1741 2237 1808; x_wconf 90' lang='lat' dir='ltr'>Iesu</span> <span class='ocrx_word' id='word_1_98' title='bbox 2267 1740 2503 1808; x_wconf 87' lang='lat' dir='ltr'>Christi</span> <span class='ocrx_word' id='word_1_99' title='bbox 2534 1738 3058 1824; x_wconf 78' lang='lat' dir='ltr'>octingentesimo</span> 
     </span>
     <span class='ocr_line' id='line_1_13' title="bbox 701 1854 3061 1944; baseline -0.002 -20"><span class='ocrx_word' id='word_1_100' title='bbox 701 1856 1021 1925; x_wconf 86' lang='lat' dir='ltr'>tricesimo</span> <span class='ocrx_word' id='word_1_101' title='bbox 1067 1863 1278 1943; x_wconf 83' lang='lat' dir='ltr'>sexto,</span> <span class='ocrx_word' id='word_1_102' title='bbox 1335 1860 1678 1927; x_wconf 76' lang='lat' dir='ltr'>indictione</span> <span class='ocrx_word' id='word_1_103' title='bbox 1734 1865 1960 1944; x_wconf 87' lang='lat' dir='ltr'>quarta</span> <span class='ocrx_word' id='word_1_104' title='bbox 2001 1858 2276 1941; x_wconf 84' lang='lat' dir='ltr'>decima,</span> <span class='ocrx_word' id='word_1_105' title='bbox 2335 1876 2501 1924; x_wconf 91' lang='lat' dir='ltr'>anno</span> <span class='ocrx_word' id='word_1_106' title='bbox 2546 1861 2757 1923; x_wconf 88' lang='lat' dir='ltr'>autem</span> <span class='ocrx_word' id='word_1_107' title='bbox 2801 1854 3061 1941; x_wconf 85' lang='lat' dir='ltr'>imperii</span> 
     </span>
     <span class='ocr_line' id='line_1_14' title="bbox 703 1970 3063 2062; baseline -0.001 -22"><span class='ocrx_word' id='word_1_108' title='bbox 703 1974 1115 2041; x_wconf 82' lang='lat' dir='ltr'>sacratissimi</span> <span class='ocrx_word' id='word_1_109' title='bbox 1158 1975 1557 2062; x_wconf 87' lang='lat' dir='ltr'>imperatoris</span> <span class='ocrx_word' id='word_1_110' title='bbox 1586 1974 1893 2042; x_wconf 89' lang='lat' dir='ltr'>Ludovici</span> <span class='ocrx_word' id='word_1_111' title='bbox 1937 1974 2236 2041; x_wconf 86' lang='lat' dir='ltr'>vicesimo</span> <span class='ocrx_word' id='word_1_112' title='bbox 2281 1973 2490 2056; x_wconf 84' lang='lat' dir='ltr'>tertio,</span> <span class='ocrx_word' id='word_1_113' title='bbox 2527 1970 2843 2055; x_wconf 76' lang='lat' dir='ltr'>Warinu8‚</span> <span class='ocrx_word' id='word_1_114' title='bbox 2892 1970 3063 2038; x_wconf 88' lang='lat' dir='ltr'>abba</span> 
     </span>
     <span class='ocr_line' id='line_1_15' title="bbox 703 2086 3062 2176; baseline -0.001 -21"><span class='ocrx_word' id='word_1_115' title='bbox 703 2091 1072 2158; x_wconf 87' lang='lat' dir='ltr'>monasterii</span> <span class='ocrx_word' id='word_1_116' title='bbox 1099 2089 1511 2158; x_wconf 88' lang='lat' dir='ltr'>Rasbacensis</span> <span class='ocrx_word' id='word_1_117' title='bbox 1541 2096 1954 2176; x_wconf 85' lang='lat' dir='ltr'>cognomento</span> <span class='ocrx_word' id='word_1_118' title='bbox 1985 2088 2380 2157; x_wconf 88' lang='lat' dir='ltr'>Hierusalem</span> <span class='ocrx_word' id='word_1_119' title='bbox 2424 2088 2536 2155; x_wconf 83' lang='lat' dir='ltr'>sed</span> <span class='ocrx_word' id='word_1_120' title='bbox 2565 2093 2629 2154; x_wconf 90' lang='lat' dir='ltr'>et</span> <span class='ocrx_word' id='word_1_121' title='bbox 2657 2086 3062 2155; x_wconf 86' lang='lat' dir='ltr'>Corbeiensis</span> 
     </span>
     <span class='ocr_line' id='line_1_16' title="bbox 704 2205 3063 2289; baseline -0.001 -18"><span class='ocrx_word' id='word_1_122' title='bbox 704 2206 872 2289; x_wconf 86' lang='lat' dir='ltr'>novi,</span> <span class='ocrx_word' id='word_1_123' title='bbox 919 2227 960 2272; x_wconf 90' lang='lat' dir='ltr'>a</span> <span class='ocrx_word' id='word_1_124' title='bbox 1002 2208 1180 2273; x_wconf 89' lang='lat' dir='ltr'>cuius</span> <span class='ocrx_word' id='word_1_125' title='bbox 1224 2207 1590 2275; x_wconf 87' lang='lat' dir='ltr'>fundatione</span> <span class='ocrx_word' id='word_1_126' title='bbox 1635 2228 1838 2274; x_wconf 89' lang='lat' dir='ltr'>annus</span> <span class='ocrx_word' id='word_1_127' title='bbox 1869 2206 2231 2274; x_wconf 85' lang='lat' dir='ltr'>vertebatur</span> <span class='ocrx_word' id='word_1_128' title='bbox 2264 2205 2543 2271; x_wconf 89' lang='lat' dir='ltr'>decimus</span> <span class='ocrx_word' id='word_1_129' title='bbox 2576 2210 2860 2288; x_wconf 84' lang='lat' dir='ltr'>quartus,</span> <span class='ocrx_word' id='word_1_130' title='bbox 2907 2222 3063 2269; x_wconf 93' lang='lat' dir='ltr'>con-</span> 
     </span>
     <span class='ocr_line' id='line_1_17' title="bbox 705 2318 3066 2410; baseline -0.001 -23"><span class='ocrx_word' id='word_1_131' title='bbox 705 2320 917 2388; x_wconf 88' lang='lat' dir='ltr'>sulens</span> <span class='ocrx_word' id='word_1_132' title='bbox 949 2321 1217 2390; x_wconf 90' lang='lat' dir='ltr'>salutem</span> <span class='ocrx_word' id='word_1_133' title='bbox 1246 2325 1512 2410; x_wconf 86' lang='lat' dir='ltr'>patriae,</span> <span class='ocrx_word' id='word_1_134' title='bbox 1560 2324 1831 2391; x_wconf 89' lang='lat' dir='ltr'>salutem</span> <span class='ocrx_word' id='word_1_135' title='bbox 1866 2324 2058 2390; x_wconf 87' lang='lat' dir='ltr'>etiam</span> <span class='ocrx_word' id='word_1_136' title='bbox 2088 2322 2295 2407; x_wconf 86' lang='lat' dir='ltr'>gentis</span> <span class='ocrx_word' id='word_1_137' title='bbox 2326 2341 2479 2387; x_wconf 90' lang='lat' dir='ltr'>suae</span> <span class='ocrx_word' id='word_1_138' title='bbox 2513 2325 2579 2387; x_wconf 92' lang='lat' dir='ltr'>et</span> <span class='ocrx_word' id='word_1_139' title='bbox 2608 2318 3066 2386; x_wconf 83' lang='lat' dir='ltr'>exaltationem</span> 
     </span>
     <span class='ocr_line' id='line_1_18' title="bbox 703 2435 3064 2524; baseline -0 -22"><span class='ocrx_word' id='word_1_140' title='bbox 703 2435 826 2503; x_wconf 91' lang='lat' dir='ltr'>loci</span> <span class='ocrx_word' id='word_1_141' title='bbox 868 2437 1068 2524; x_wconf 90' lang='lat' dir='ltr'>ipsius</span> <span class='ocrx_word' id='word_1_142' title='bbox 1081 2448 1122 2522; x_wconf 82' lang='lat'>⁸,</span> <span class='ocrx_word' id='word_1_143' title='bbox 1170 2439 1249 2505; x_wconf 92' lang='lat' dir='ltr'>ob</span> <span class='ocrx_word' id='word_1_144' title='bbox 1305 2460 1560 2506; x_wconf 88' lang='lat' dir='ltr'>causam</span> <span class='ocrx_word' id='word_1_145' title='bbox 1616 2440 1765 2507; x_wconf 87' lang='lat' dir='ltr'>fidei</span> <span class='ocrx_word' id='word_1_146' title='bbox 1811 2446 1875 2507; x_wconf 88' lang='lat' dir='ltr'>et</span> <span class='ocrx_word' id='word_1_147' title='bbox 1917 2438 2242 2522; x_wconf 85' lang='lat' dir='ltr'>religionis</span> <span class='ocrx_word' id='word_1_148' title='bbox 2288 2436 2596 2524; x_wconf 85' lang='lat' dir='ltr'>expetivit</span> <span class='ocrx_word' id='word_1_149' title='bbox 2641 2457 2682 2502; x_wconf 92' lang='lat' dir='ltr'>a</span> <span class='ocrx_word' id='word_1_150' title='bbox 2724 2437 2863 2502; x_wconf 91' lang='lat' dir='ltr'>viro</span> <span class='ocrx_word' id='word_1_151' title='bbox 2907 2435 3064 2502; x_wconf 89' lang='lat' dir='ltr'>reli-</span> 
     </span>
     <span class='ocr_line' id='line_1_19' title="bbox 704 2551 3063 2639; baseline -0.001 -20"><span class='ocrx_word' id='word_1_152' title='bbox 704 2553 879 2638; x_wconf 84' lang='lat' dir='ltr'>gioso</span> <span class='ocrx_word' id='word_1_153' title='bbox 926 2559 990 2620; x_wconf 87' lang='lat' dir='ltr'>et</span> <span class='ocrx_word' id='word_1_154' title='bbox 1031 2555 1377 2623; x_wconf 88' lang='lat' dir='ltr'>venerabili</span> <span class='ocrx_word' id='word_1_155' title='bbox 1423 2557 1648 2625; x_wconf 85' lang='lat' dir='ltr'>abbate</span> <span class='ocrx_word' id='word_1_156' title='bbox 1685 2554 2046 2621; x_wconf 84' lang='lat' dir='ltr'>Hilduwino</span> <span class='ocrx_word' id='word_1_157' title='bbox 2092 2554 2461 2620; x_wconf 87' lang='lat' dir='ltr'>monasterii</span> <span class='ocrx_word' id='word_1_158' title='bbox 2506 2552 2709 2619; x_wconf 89' lang='lat' dir='ltr'>sancti</span> <span class='ocrx_word' id='word_1_159' title='bbox 2739 2551 3063 2639; x_wconf 81' lang='lat' dir='ltr'>Dionysii,</span> 
     </span>
     <span class='ocr_line' id='line_1_20' title="bbox 701 2668 3063 2759; baseline 0 -23"><span class='ocrx_word' id='word_1_160' title='bbox 701 2676 776 2737; x_wconf 90' lang='lat' dir='ltr'>ut</span> <span class='ocrx_word' id='word_1_161' title='bbox 820 2671 898 2737; x_wconf 89' lang='lat' dir='ltr'>de</span> <span class='ocrx_word' id='word_1_162' title='bbox 942 2673 1176 2738; x_wconf 87' lang='lat' dir='ltr'>sanctis</span> <span class='ocrx_word' id='word_1_163' title='bbox 1219 2674 1605 2759; x_wconf 83' lang='lat' dir='ltr'>martyribus</span> <span class='ocrx_word' id='word_1_164' title='bbox 1649 2671 2136 2755; x_wconf 88' lang='lat' dir='ltr'>venerabilibus,</span> <span class='ocrx_word' id='word_1_165' title='bbox 2184 2690 2451 2756; x_wconf 89' lang='lat' dir='ltr'>quorum</span> <span class='ocrx_word' id='word_1_166' title='bbox 2496 2689 2762 2757; x_wconf 87' lang='lat' dir='ltr'>corpora</span> <span class='ocrx_word' id='word_1_167' title='bbox 2803 2670 2872 2734; x_wconf 93' lang='lat' dir='ltr'>in</span> <span class='ocrx_word' id='word_1_168' title='bbox 2916 2668 3063 2736; x_wconf 86' lang='lat' dir='ltr'>loco</span> 
     </span>
     <span class='ocr_line' id='line_1_21' title="bbox 703 2783 3065 2874; baseline -0 -21"><span class='ocrx_word' id='word_1_169' title='bbox 703 2787 987 2872; x_wconf 88' lang='lat' dir='ltr'>praefato</span> <span class='ocrx_word' id='word_1_170' title='bbox 1030 2788 1291 2855; x_wconf 90' lang='lat' dir='ltr'>humata</span> <span class='ocrx_word' id='word_1_171' title='bbox 1336 2789 1758 2874; x_wconf 80' lang='lat' dir='ltr'>quiescebant,</span> <span class='ocrx_word' id='word_1_172' title='bbox 1806 2787 2080 2872; x_wconf 88' lang='lat' dir='ltr'>aliquem</span> <span class='ocrx_word' id='word_1_173' title='bbox 2126 2787 2184 2853; x_wconf 89' lang='lat' dir='ltr'>ei</span> <span class='ocrx_word' id='word_1_174' title='bbox 2231 2786 2312 2853; x_wconf 89' lang='lat' dir='ltr'>ad</span> <span class='ocrx_word' id='word_1_175' title='bbox 2341 2785 2834 2853; x_wconf 86' lang='lat' dir='ltr'>confirmandam</span> <span class='ocrx_word' id='word_1_176' title='bbox 2862 2783 3065 2852; x_wconf 87' lang='lat' dir='ltr'>fidem</span> 
     </span>
     <span class='ocr_line' id='line_1_22' title="bbox 703 2900 3066 2991; baseline -0.001 -22"><span class='ocrx_word' id='word_1_177' title='bbox 703 2903 909 2986; x_wconf 84' lang='lat' dir='ltr'>gentis</span> <span class='ocrx_word' id='word_1_178' title='bbox 954 2925 1105 2971; x_wconf 89' lang='lat' dir='ltr'>suae</span> <span class='ocrx_word' id='word_1_179' title='bbox 1134 2905 1442 2973; x_wconf 86' lang='lat' dir='ltr'>tribueret</span> <span class='ocrx_word' id='word_1_180' title='bbox 1470 2912 1657 2991; x_wconf 86' lang='lat' dir='ltr'>atque</span> <span class='ocrx_word' id='word_1_181' title='bbox 1687 2905 2008 2972; x_wconf 89' lang='lat' dir='ltr'>licentiam</span> <span class='ocrx_word' id='word_1_182' title='bbox 2036 2901 2367 2990; x_wconf 55' lang='lat' dir='ltr'>portandi*</span> <span class='ocrx_word' id='word_1_183' title='bbox 2398 2902 2783 2969; x_wconf 86' lang='lat' dir='ltr'>concederet.</span> <span class='ocrx_word' id='word_1_184' title='bbox 2852 2900 3066 2979; x_wconf 82' lang='lat' dir='ltr'>Quam</span> 
     </span>
     <span class='ocr_line' id='line_1_23' title="bbox 703 3017 3068 3106; baseline 0 -21"><span class='ocrx_word' id='word_1_185' title='bbox 703 3019 1074 3106; x_wconf 90' lang='lat' dir='ltr'>petitionem</span> <span class='ocrx_word' id='word_1_186' title='bbox 1118 3020 1517 3088; x_wconf 82' lang='lat' dir='ltr'>Hilduwinus</span> <span class='ocrx_word' id='word_1_187' title='bbox 1564 3021 1758 3105; x_wconf 87' lang='lat' dir='ltr'>abba,</span> <span class='ocrx_word' id='word_1_188' title='bbox 1818 3040 1964 3087; x_wconf 92' lang='lat' dir='ltr'>cum</span> <span class='ocrx_word' id='word_1_189' title='bbox 2008 3019 2330 3086; x_wconf 85' lang='lat' dir='ltr'>voluntate</span> <span class='ocrx_word' id='word_1_190' title='bbox 2375 3024 2440 3085; x_wconf 91' lang='lat' dir='ltr'>et</span> <span class='ocrx_word' id='word_1_191' title='bbox 2481 3018 2739 3085; x_wconf 86' lang='lat' dir='ltr'>licentia</span> <span class='ocrx_word' id='word_1_192' title='bbox 2779 3017 3068 3103; x_wconf 83' lang='lat' dir='ltr'>piissimi</span> 
     </span>
     <span class='ocr_line' id='line_1_24' title="bbox 704 3129 3067 3223; baseline -0.001 -20"><span class='ocrx_word' id='word_1_193' title='bbox 704 3135 1104 3221; x_wconf 86' lang='lat' dir='ltr'>imperatoris</span> <span class='ocrx_word' id='word_1_194' title='bbox 1131 3136 1480 3220; x_wconf 82' lang='lat' dir='ltr'>Luduwici‚</span> <span class='ocrx_word' id='word_1_195' title='bbox 1527 3157 1838 3203; x_wconf 85' lang='lat' dir='ltr'>consensu</span> <span class='ocrx_word' id='word_1_196' title='bbox 1883 3137 2075 3204; x_wconf 91' lang='lat' dir='ltr'>etiam</span> <span class='ocrx_word' id='word_1_197' title='bbox 2121 3135 2401 3223; x_wconf 88' lang='lat' dir='ltr'>episcopi</span> <span class='ocrx_word' id='word_1_198' title='bbox 2416 3129 2438 3163; x_wconf 82' lang='lat'>⁸</span> <span class='ocrx_word' id='word_1_199' title='bbox 2477 3133 2834 3201; x_wconf 89' lang='lat' dir='ltr'>Parisiacae</span> <span class='ocrx_word' id='word_1_200' title='bbox 2877 3134 3067 3201; x_wconf 83' lang='lat' dir='ltr'>urbis</span> 
     </span>
     <span class='ocr_line' id='line_1_25' title="bbox 705 3250 3068 3339; baseline -0 -21"><span class='ocrx_word' id='word_1_201' title='bbox 705 3256 1178 3339; x_wconf 90' lang='lat' dir='ltr'>ceterorumque</span> <span class='ocrx_word' id='word_1_202' title='bbox 1222 3253 1531 3321; x_wconf 90' lang='lat' dir='ltr'>nobilium</span> <span class='ocrx_word' id='word_1_203' title='bbox 1576 3253 1858 3319; x_wconf 87' lang='lat' dir='ltr'>virorum</span> <span class='ocrx_word' id='word_1_204' title='bbox 1900 3253 1970 3318; x_wconf 90' lang='lat' dir='ltr'>in</span> <span class='ocrx_word' id='word_1_205' title='bbox 2016 3272 2212 3338; x_wconf 87' lang='lat' dir='ltr'>supra</span> <span class='ocrx_word' id='word_1_206' title='bbox 2254 3251 2426 3317; x_wconf 86' lang='lat' dir='ltr'>dicta</span> <span class='ocrx_word' id='word_1_207' title='bbox 2464 3250 2735 3317; x_wconf 86' lang='lat' dir='ltr'>dioecesi</span> <span class='ocrx_word' id='word_1_208' title='bbox 2779 3269 3068 3317; x_wconf 91' lang='lat' dir='ltr'>commo·</span> 
     </span>
     <span class='ocr_line' id='line_1_26' title="bbox 704 3367 3070 3455; baseline 0 -21"><span class='ocrx_word' id='word_1_209' title='bbox 704 3368 1001 3452; x_wconf 75' lang='lat' dir='ltr'>mutium,</span> <span class='ocrx_word' id='word_1_210' title='bbox 1045 3369 1315 3436; x_wconf 88' lang='lat' dir='ltr'>libenter</span> <span class='ocrx_word' id='word_1_211' title='bbox 1360 3389 1663 3452; x_wconf 87' lang='lat' dir='ltr'>annuens,</span> <span class='ocrx_word' id='word_1_212' title='bbox 1711 3368 1885 3436; x_wconf 89' lang='lat' dir='ltr'>dedit</span> <span class='ocrx_word' id='word_1_213' title='bbox 1930 3368 2009 3452; x_wconf 85' lang='lat' dir='ltr'>ei,</span> <span class='ocrx_word' id='word_1_214' title='bbox 2056 3374 2129 3434; x_wconf 90' lang='lat' dir='ltr'>ut</span> <span class='ocrx_word' id='word_1_215' title='bbox 2167 3387 2362 3455; x_wconf 89' lang='lat' dir='ltr'>supra</span> <span class='ocrx_word' id='word_1_216' title='bbox 2393 3367 2633 3434; x_wconf 87' lang='lat' dir='ltr'>dictum</span> <span class='ocrx_word' id='word_1_217' title='bbox 2663 3372 2780 3450; x_wconf 86' lang='lat' dir='ltr'>est,</span> <span class='ocrx_word' id='word_1_218' title='bbox 2826 3386 3070 3453; x_wconf 84' lang='lat' dir='ltr'>corpus</span> 
     </span>
     <span class='ocr_line' id='line_1_27' title="bbox 706 3481 3070 3572; baseline -0.001 -21"><span class='ocrx_word' id='word_1_219' title='bbox 706 3484 910 3552; x_wconf 82' lang='lat' dir='ltr'>sancti</span> <span class='ocrx_word' id='word_1_220' title='bbox 936 3484 1072 3551; x_wconf 86' lang='lat' dir='ltr'>Viti</span> <span class='ocrx_word' id='word_1_221' title='bbox 1109 3485 1291 3571; x_wconf 90' lang='lat' dir='ltr'>pueri</span> <span class='ocrx_word' id='word_1_222' title='bbox 1334 3491 1398 3552; x_wconf 90' lang='lat' dir='ltr'>et</span> <span class='ocrx_word' id='word_1_223' title='bbox 1424 3485 1727 3572; x_wconf 85' lang='lat' dir='ltr'>martyris</span> <span class='ocrx_word' id='word_1_224' title='bbox 1755 3483 2016 3568; x_wconf 81' lang='lat' dir='ltr'>Lucani,</span> <span class='ocrx_word' id='word_1_225' title='bbox 2063 3485 2172 3569; x_wconf 93' lang='lat' dir='ltr'>qui</span> <span class='ocrx_word' id='word_1_226' title='bbox 2202 3483 2319 3550; x_wconf 92' lang='lat' dir='ltr'>sub</span> <span class='ocrx_word' id='word_1_227' title='bbox 2350 3482 2730 3549; x_wconf 86' lang='lat' dir='ltr'>Diocletiani</span> <span class='ocrx_word' id='word_1_228' title='bbox 2759 3487 2823 3548; x_wconf 91' lang='lat' dir='ltr'>et</span> <span class='ocrx_word' id='word_1_229' title='bbox 2850 3481 3070 3549; x_wconf 82' lang='lat' dir='ltr'>Maxi-</span> 
     </span>
     <span class='ocr_line' id='line_1_28' title="bbox 705 3598 3071 3688; baseline 0 -21"><span class='ocrx_word' id='word_1_230' title='bbox 705 3600 931 3667; x_wconf 78' lang='lat' dir='ltr'>miani⁰</span> <span class='ocrx_word' id='word_1_231' title='bbox 956 3600 1344 3687; x_wconf 87' lang='lat' dir='ltr'>temporibus</span> <span class='ocrx_word' id='word_1_232' title='bbox 1374 3621 1600 3688; x_wconf 88' lang='lat' dir='ltr'>passus</span> <span class='ocrx_word' id='word_1_233' title='bbox 1632 3622 1770 3668; x_wconf 89' lang='lat' dir='ltr'>esse</span> <span class='ocrx_word' id='word_1_234' title='bbox 1800 3607 1864 3668; x_wconf 86' lang='lat' dir='ltr'>et</span> <span class='ocrx_word' id='word_1_235' title='bbox 1887 3621 1926 3667; x_wconf 89' lang='lat' dir='ltr'>a</span> <span class='ocrx_word' id='word_1_236' title='bbox 1949 3600 2222 3686; x_wconf 89' lang='lat' dir='ltr'>quodam</span> <span class='ocrx_word' id='word_1_237' title='bbox 2245 3600 2382 3665; x_wconf 88' lang='lat' dir='ltr'>viro</span> <span class='ocrx_word' id='word_1_238' title='bbox 2403 3598 2721 3682; x_wconf 80' lang='lat' dir='ltr'>religioso,</span> <span class='ocrx_word' id='word_1_239' title='bbox 2752 3604 3071 3681; x_wconf 86' lang='lat' dir='ltr'>regnante</span> 
     </span>
     <span class='ocr_line' id='line_1_29' title="bbox 704 3713 3074 3804; baseline -0 -21"><span class='ocrx_word' id='word_1_240' title='bbox 704 3715 997 3804; x_wconf 86' lang='lat' dir='ltr'>Pippino,</span> <span class='ocrx_word' id='word_1_241' title='bbox 1042 3717 1387 3784; x_wconf 81' lang='lat' dir='ltr'>translatus</span> <span class='ocrx_word' id='word_1_242' title='bbox 1434 3717 1513 3784; x_wconf 88' lang='lat' dir='ltr'>ab</span> <span class='ocrx_word' id='word_1_243' title='bbox 1558 3716 1744 3784; x_wconf 87' lang='lat' dir='ltr'>Italia</span> <span class='ocrx_word' id='word_1_244' title='bbox 1782 3717 1850 3782; x_wconf 92' lang='lat' dir='ltr'>in</span> <span class='ocrx_word' id='word_1_245' title='bbox 1878 3716 2215 3783; x_wconf 86' lang='lat' dir='ltr'>Franciam</span> <span class='ocrx_word' id='word_1_246' title='bbox 2247 3720 2312 3781; x_wconf 91' lang='lat' dir='ltr'>et</span> <span class='ocrx_word' id='word_1_247' title='bbox 2336 3715 2406 3781; x_wconf 90' lang='lat' dir='ltr'>in</span> <span class='ocrx_word' id='word_1_248' title='bbox 2436 3714 2706 3780; x_wconf 88' lang='lat' dir='ltr'>dioecesi</span> <span class='ocrx_word' id='word_1_249' title='bbox 2734 3713 3074 3783; x_wconf 85' lang='lat' dir='ltr'>Parisiaca</span> 
     </span>
     <span class='ocr_line' id='line_1_30' title="bbox 704 3830 3072 3918; baseline -0 -20"><span class='ocrx_word' id='word_1_250' title='bbox 704 3831 946 3899; x_wconf 84' lang='lat' dir='ltr'>locatus</span> <span class='ocrx_word' id='word_1_251' title='bbox 991 3838 1288 3900; x_wconf 86' lang='lat' dir='ltr'>narratur</span> <span class='ocrx_word' id='word_1_252' title='bbox 1300 3830 1339 3900; x_wconf 85' lang='lat'>⁴.</span> <span class='ocrx_word' id='word_1_253' title='bbox 1411 3833 1603 3901; x_wconf 86' lang='lat' dir='ltr'>Cuius</span> <span class='ocrx_word' id='word_1_254' title='bbox 1633 3833 1861 3899; x_wconf 90' lang='lat' dir='ltr'>merito</span> <span class='ocrx_word' id='word_1_255' title='bbox 1892 3832 1961 3899; x_wconf 89' lang='lat' dir='ltr'>in</span> <span class='ocrx_word' id='word_1_256' title='bbox 1989 3831 2148 3915; x_wconf 83' lang='lat' dir='ltr'>loeo,</span> <span class='ocrx_word' id='word_1_257' title='bbox 2194 3831 2303 3898; x_wconf 92' lang='lat' dir='ltr'>ubi</span> <span class='ocrx_word' id='word_1_258' title='bbox 2346 3831 2625 3918; x_wconf 89' lang='lat' dir='ltr'>positum</span> <span class='ocrx_word' id='word_1_259' title='bbox 2668 3831 2876 3896; x_wconf 87' lang='lat' dir='ltr'>fuerat</span> <span class='ocrx_word' id='word_1_260' title='bbox 2919 3849 3072 3897; x_wconf 91' lang='lat' dir='ltr'>cor-</span> 
     </span>
     <span class='ocr_line' id='line_1_31' title="bbox 704 3947 3071 4038; baseline 0 -24"><span class='ocrx_word' id='word_1_261' title='bbox 704 3969 826 4035; x_wconf 88' lang='lat' dir='ltr'>pus</span> <span class='ocrx_word' id='word_1_262' title='bbox 870 3949 1100 4036; x_wconf 85' lang='lat' dir='ltr'>ipsius,</span> <span class='ocrx_word' id='word_1_263' title='bbox 1147 3956 1220 4016; x_wconf 92' lang='lat' dir='ltr'>ut</span> <span class='ocrx_word' id='word_1_264' title='bbox 1264 3971 1459 4038; x_wconf 86' lang='lat' dir='ltr'>supra</span> <span class='ocrx_word' id='word_1_265' title='bbox 1503 3949 1742 4016; x_wconf 86' lang='lat' dir='ltr'>dictum</span> <span class='ocrx_word' id='word_1_266' title='bbox 1788 3953 1913 4035; x_wconf 88' lang='lat' dir='ltr'>est,</span> <span class='ocrx_word' id='word_1_267' title='bbox 1961 3948 2192 4015; x_wconf 85' lang='lat' dir='ltr'>multas</span> <span class='ocrx_word' id='word_1_268' title='bbox 2239 3947 2549 4014; x_wconf 90' lang='lat' dir='ltr'>Dominus</span> <span class='ocrx_word' id='word_1_269' title='bbox 2593 3947 2859 4012; x_wconf 68' lang='lat' dir='ltr'>vi1tutes</span> <span class='ocrx_word' id='word_1_270' title='bbox 2907 3967 3071 4034; x_wconf 92' lang='lat' dir='ltr'>ope—</span> 
     </span>
     <span class='ocr_line' id='line_1_32' title="bbox 706 4063 3075 4158; baseline -0.001 -27"><span class='ocrx_word' id='word_1_271' title='bbox 706 4070 882 4131; x_wconf 88' lang='lat' dir='ltr'>ratus</span> <span class='ocrx_word' id='word_1_272' title='bbox 914 4071 1039 4149; x_wconf 81' lang='lat' dir='ltr'>est3</span> <span class='ocrx_word' id='word_1_273' title='bbox 1070 4066 1271 4133; x_wconf 84' lang='lat' dir='ltr'>fertur</span> <span class='ocrx_word' id='word_1_274' title='bbox 1300 4067 1469 4133; x_wconf 90' lang='lat' dir='ltr'>enim</span> <span class='ocrx_word' id='word_1_275' title='bbox 1500 4067 1578 4133; x_wconf 89' lang='lat' dir='ltr'>ab</span> <span class='ocrx_word' id='word_1_276' title='bbox 1610 4064 1831 4132; x_wconf 90' lang='lat' dir='ltr'>incolis</span> <span class='ocrx_word' id='word_1_277' title='bbox 1861 4065 1984 4131; x_wconf 91' lang='lat' dir='ltr'>loci</span> <span class='ocrx_word' id='word_1_278' title='bbox 2016 4065 2206 4149; x_wconf 84' lang='lat' dir='ltr'>illius,</span> <span class='ocrx_word' id='word_1_279' title='bbox 2240 4065 2349 4132; x_wconf 90' lang='lat' dir='ltr'>ubi</span> <span class='ocrx_word' id='word_1_280' title='bbox 2380 4063 2780 4158; x_wconf 87' lang='lat' dir='ltr'>beatissimus</span> <span class='ocrx_word' id='word_1_281' title='bbox 2810 4069 3075 4150; x_wconf 83' lang='lat' dir='ltr'>martyr</span> 
     </span>
    </p>
   </div>
   <div class='ocr_carea' id='block_1_3' title="bbox 706 4196 3076 4613">
    <p class='ocr_par' dir='ltr' id='par_1_6' title="bbox 707 4196 3076 4327">
     <span class='ocr_line' id='line_1_33' title="bbox 847 4196 3076 4260; baseline -0 -14"><span class='ocrx_word' id='word_1_282' title='bbox 847 4213 890 4246; x_wconf 76' lang='lat' dir='ltr'>a.</span> <span class='ocrx_word' id='word_1_283' title='bbox 919 4200 1183 4247; x_wconf 77' lang='lat' dir='ltr'>monasterii</span> <span class='ocrx_word' id='word_1_284' title='bbox 1213 4201 1336 4260; x_wconf 88' lang='lat' dir='ltr'>quod</span> <span class='ocrx_word' id='word_1_285' title='bbox 1364 4214 1486 4249; x_wconf 75' lang='lat' dir='ltr'>nova</span> <span class='ocrx_word' id='word_1_286' title='bbox 1515 4199 1709 4248; x_wconf 71' lang='lat' dir='ltr'>corbeia</span> <span class='ocrx_word' id='word_1_287' title='bbox 1738 4199 1907 4247; x_wconf 85' lang='lat' dir='ltr'>dicitur</span> <span class='ocrx_word' id='word_1_288' title='bbox 1936 4200 2052 4246; x_wconf 75' lang='lat' dir='ltr'>odd.</span> <span class='ocrx_word' id='word_1_289' title='bbox 2073 4200 2118 4245; x_wconf 85' lang='lat'>2.</span> <span class='ocrx_word' id='word_1_290' title='bbox 2241 4199 2290 4246; x_wconf 90' lang='lat' dir='ltr'>b.</span> <span class='ocrx_word' id='word_1_291' title='bbox 2331 4198 2550 4246; x_wconf 77' lang='lat' dir='ltr'>efferendi</span> <span class='ocrx_word' id='word_1_292' title='bbox 2580 4200 2626 4245; x_wconf 81' lang='lat'>2.</span> <span class='ocrx_word' id='word_1_293' title='bbox 2752 4210 2794 4244; x_wconf 87' lang='lat' dir='ltr'>c.</span> <span class='ocrx_word' id='word_1_294' title='bbox 2823 4196 3076 4245; x_wconf 71' lang='lat' dir='ltr'>Valeriani</span> 
     </span>
     <span class='ocr_line' id='line_1_34' title="bbox 707 4277 1428 4327; baseline -0.001 -1"><span class='ocrx_word' id='word_1_295' title='bbox 707 4279 756 4326; x_wconf 86' lang='lat' dir='ltr'>et</span> <span class='ocrx_word' id='word_1_296' title='bbox 784 4277 1058 4327; x_wconf 76' lang='lat' dir='ltr'>Diocletiani</span> <span class='ocrx_word' id='word_1_297' title='bbox 1088 4283 1133 4326; x_wconf 82' lang='lat'>2.</span> <span class='ocrx_word' id='word_1_298' title='bbox 1154 4281 1199 4326; x_wconf 80' lang='lat'>3.</span> <span class='ocrx_word' id='word_1_299' title='bbox 1422 4303 1428 4310; x_wconf 85' lang='lat'><strong>·</strong></span> 
     </span>
    </p>

    <p class='ocr_par' dir='ltr' id='par_1_7' title="bbox 706 4362 3075 4613">
     <span class='ocr_line' id='line_1_35' title="bbox 850 4362 3075 4435; baseline 0 -15"><span class='ocrx_word' id='word_1_300' title='bbox 850 4366 902 4421; x_wconf 90' lang='lat'>1.</span> <span class='ocrx_word' id='word_1_301' title='bbox 939 4384 1013 4422; x_wconf 89' lang='lat' dir='ltr'>m.</span> <span class='ocrx_word' id='word_1_302' title='bbox 1037 4366 1179 4423; x_wconf 81' lang='lat' dir='ltr'>Maio</span> <span class='ocrx_word' id='word_1_303' title='bbox 1215 4382 1266 4422; x_wconf 86' lang='lat' dir='ltr'>a.</span> <span class='ocrx_word' id='word_1_304' title='bbox 1290 4367 1415 4422; x_wconf 88' lang='grc'><strong>831.</strong></span> <span class='ocrx_word' id='word_1_305' title='bbox 1453 4366 1522 4422; x_wconf 89' lang='lat' dir='ltr'>V.</span> <span class='ocrx_word' id='word_1_306' title='bbox 1548 4365 1681 4422; x_wconf 83' lang='lat' dir='ltr'>Vita</span> <span class='ocrx_word' id='word_1_307' title='bbox 1701 4364 2142 4435; x_wconf 71' lang='lat' dir='ltr'>Ludoviciimp.</span> <span class='ocrx_word' id='word_1_308' title='bbox 2172 4379 2222 4420; x_wconf 89' lang='lat' dir='ltr'>c.</span> <span class='ocrx_word' id='word_1_309' title='bbox 2247 4364 2335 4432; x_wconf 84' lang='lat'>46,</span> <span class='ocrx_word' id='word_1_310' title='bbox 2371 4363 2576 4420; x_wconf 86' lang='lat' dir='ltr'>Annal.</span> <span class='ocrx_word' id='word_1_311' title='bbox 2601 4362 2907 4419; x_wconf 84' lang='lat' dir='ltr'>Bertinian.</span> <span class='ocrx_word' id='word_1_312' title='bbox 2930 4363 3075 4420; x_wconf 84' lang='lat'>831.</span> 
     </span>
     <span class='ocr_line' id='line_1_36' title="bbox 706 4451 3074 4524; baseline 0 -14"><span class='ocrx_word' id='word_1_313' title='bbox 706 4454 760 4511; x_wconf 77' lang='lat'>2.</span> <span class='ocrx_word' id='word_1_314' title='bbox 805 4455 1009 4512; x_wconf 76' lang='lat' dir='ltr'>Rebais</span> <span class='ocrx_word' id='word_1_315' title='bbox 1055 4456 1114 4510; x_wconf 90' lang='lat' dir='ltr'>in</span> <span class='ocrx_word' id='word_1_316' title='bbox 1159 4454 1401 4512; x_wconf 79' lang='lat' dir='ltr'>dioecesi</span> <span class='ocrx_word' id='word_1_317' title='bbox 1446 4453 1742 4524; x_wconf 76' lang='lat' dir='ltr'>Meldensi3</span> <span class='ocrx_word' id='word_1_318' title='bbox 1804 4470 1839 4509; x_wconf 88' lang='lat' dir='ltr'>a</span> <span class='ocrx_word' id='word_1_319' title='bbox 1880 4453 2078 4510; x_wconf 76' lang='lat' dir='ltr'>Meldis</span> <span class='ocrx_word' id='word_1_320' title='bbox 2134 4453 2279 4509; x_wconf 86' lang='lat' dir='ltr'>inter</span> <span class='ocrx_word' id='word_1_321' title='bbox 2323 4453 2589 4510; x_wconf 84' lang='lat' dir='ltr'>orientem</span> <span class='ocrx_word' id='word_1_322' title='bbox 2643 4456 2701 4509; x_wconf 86' lang='lat' dir='ltr'>et</span> <span class='ocrx_word' id='word_1_323' title='bbox 2747 4451 3074 4510; x_wconf 81' lang='lat' dir='ltr'>meridiem.</span> 
     </span>
     <span class='ocr_line' id='line_1_37' title="bbox 706 4543 1946 4613; baseline -0.001 -14"><span class='ocrx_word' id='word_1_324' title='bbox 706 4544 761 4599; x_wconf 85' lang='lat'>3.</span> <span class='ocrx_word' id='word_1_325' title='bbox 806 4543 1145 4601; x_wconf 83' lang='lat' dir='ltr'>Ercbanradi</span> <span class='ocrx_word' id='word_1_326' title='bbox 1180 4544 1250 4599; x_wconf 91' lang='lat'>11.</span> <span class='ocrx_word' id='word_1_327' title='bbox 1394 4544 1446 4599; x_wconf 86' lang='lat'>4.</span> <span class='ocrx_word' id='word_1_328' title='bbox 1488 4543 1573 4601; x_wconf 81' lang='lat' dir='ltr'>Cf.</span> <span class='ocrx_word' id='word_1_329' title='bbox 1610 4559 1778 4613; x_wconf 85' lang='lat' dir='ltr'>supra</span> <span class='ocrx_word' id='word_1_330' title='bbox 1811 4559 1868 4613; x_wconf 92' lang='lat' dir='ltr'>p.</span> <span class='ocrx_word' id='word_1_331' title='bbox 1893 4545 1946 4599; x_wconf 80' lang='lat'>5.</span> 
     </span>
    </p>
   </div>
  </div>
 </body>
</html>
