3319 5242
710 446 841 513 356
1468 460 1767 508 wrasnm
1809 456 2138 507 EPISTOLA
2185 457 2291 503 287.

530 613 669 667 1150
705 627 921 673 corum
966 604 1334 691 imperatori
1380 608 1643 687 augusto
1656 652 1678 686 ,
1726 601 1979 669 sublimi
1993 650 2012 686 ,
2058 598 2543 682 Porfirogenito,
2589 594 2780 680 felici,
2825 592 3026 662 stater·

528 686 660 732 ab*
704 744 852 789 nam
899 722 1297 788 dilectionem
1344 726 1408 786 et
1452 739 1636 785 omne
1681 719 1932 785 bonum.

882 838 1129 917 Quanta
1171 858 1286 903 nos
1334 835 1625 902 karitatis
1673 840 1736 901 et
1780 834 2128 900 devotionis
2174 831 2498 914 instantia,
2546 833 2782 914 quanto
2811 827 2955 893 fidei
2980 832 3032 892 ει

703 955 1076 1022 humilitatis
1121 953 1329 1019 studio
1373 954 1443 1018 in
1488 952 1685 1018 sacris
1733 951 1950 1018 edibus
1984 949 2241 1033 gloriosi
2270 946 2522 1033 imperii
2549 946 2644 1010 tui
2677 945 3031 1030 susceperis,

704 1076 938 1156 quanta
1002 1069 1412 1135 humanitatis
1483 1072 1547 1134 et
1611 1067 2008 1134 liberalitatis
2066 1064 2272 1148 gratia
2325 1064 2392 1129 in
2448 1061 2609 1127 lecto
2665 1059 3034 1127 infirmitatis

701 1192 914 1253 nostre
959 1206 1085 1252 non
1130 1184 1332 1252 solum
1378 1205 1492 1270 per
1537 1190 1680 1249 tuos
1725 1189 1789 1249 et
1832 1188 1943 1248 tua
1986 1185 2083 1248 set
2137 1180 2328 1246 etiam
2372 1179 2441 1244 in
2485 1178 2745 1264 propria
2786 1196 3036 1263 persona

703 1307 765 1369 et
808 1303 1084 1390 propriis
1130 1301 1422 1368 manibus
1467 1300 1949 1382 ministraveris,
1997 1302 2147 1362 tunc
2177 1294 2488 1378 videlicet,
2535 1294 2787 1379 quando
2826 1312 3035 1358 manus

703 1418 822 1485 Dei
868 1418 1317 1504 omnipotentis
1365 1435 1480 1482 nos
1525 1436 1652 1482 non
1699 1415 1903 1482 solum
1948 1415 2015 1479 in
2058 1413 2436 1479 detrimento
2480 1410 2697 1476 amissi
2741 1408 3034 1476 exercitus

702 1556 919 1602 verum
968 1535 1160 1601 etiam
1206 1533 1271 1599 in
1305 1533 1564 1600 verbere
1599 1530 1942 1618 corporalis
1976 1527 2383 1614 egrotationis
2415 1532 2835 1613 percusserat,
2880 1523 3035 1590 nulla

702 1655 912 1738 potest
967 1670 1179 1716 rerum
1240 1648 1470 1716 oblivio
1525 1649 1602 1715 ab
1650 1649 1857 1715 anime
1901 1652 2116 1712 nostre
2159 1645 2367 1711 tenaci
2413 1642 2720 1710 memoria
2765 1641 3032 1708 evellere.

703 1765 850 1832 Pari
909 1786 1153 1852 quoque
1211 1770 1275 1832 et
1328 1764 1520 1831 simili
1566 1763 2018 1831 recordationis
2065 1762 2420 1828 constantia
2461 1759 2658 1826 fixum
2705 1758 2915 1824 animo
2956 1763 3035 1821 tc

703 1902 945 1966 nemuS,
994 1902 1115 1967 que
1159 1882 1351 1948 fuerit
1392 1882 1559 1948 inter
1603 1902 1719 1947 nos
1765 1886 1981 1947 mutue
2025 1878 2338 1966 pactionis
2385 1876 2705 1960 obligatio,
2754 1873 2906 1960 quid
2944 1879 3035 1938 tue

704 1997 1063 2065 celsitudini
1107 1998 1650 2084 spoponderimuS,
1699 1997 1850 2083 quid
1895 1995 2197 2083 perficere
2240 1993 2736 2081 promiserimus.

886 2113 998 2181 Set
1025 2134 1168 2181 cum
1199 2135 1238 2180 a
1267 2113 1672 2181 sublimitatis
1708 2118 1815 2179 tue
1844 2132 2037 2195 regno
2084 2110 2494 2197 corporaliter
2523 2107 3036 2188 discessissemus,

706 2232 772 2297 in
807 2250 929 2316 quo
974 2251 1089 2297 nos
1134 2252 1248 2318 per
1292 2215 1490 2296 fidem
1527 2234 1591 2296 et
1633 2228 2123 2295 benivolentiam
2166 2227 2453 2293 habitare
2498 2225 2828 2308 sentimus,
2874 2224 3037 2308 inpe-

706 2347 890 2431 rium,
940 2346 1106 2433 quod
1148 2347 1329 2414 nobis
1373 2368 1411 2413 a
1441 2366 1716 2432 superna
1744 2344 2074 2411 maiestate
2105 2342 2401 2410 collatum
2434 2346 2550 2425 est,
2593 2340 2950 2407 invenimus
2980 2338 3038 2402 in

706 2462 1080 2548 quibusdam
1124 2463 1411 2548 partibus
1443 2463 1573 2529 suis
1618 2483 1697 2527 ex
1728 2460 2052 2528 occasione
2078 2460 2300 2544 longe·
2334 2457 2614 2526 absentie
2656 2462 2877 2523 nostre
2919 2461 3041 2520 tur-

706 2577 940 2646 batum.
1032 2578 1137 2645 Ad
1195 2599 1348 2666 quos
1407 2583 1615 2646 motus
1663 2576 2166 2664 comprimendos
2214 2582 2277 2643 et
2319 2595 2542 2663 pacem
2586 2572 3040 2641 reformandam

707 2695 856 2761 dum
903 2700 1037 2761 tota
1082 2696 1288 2761 cordis
1334 2697 1682 2762 intentione
1713 2694 2116 2778 accingimur,
2163 2692 2352 2760 Pater
2381 2692 2489 2759 ille
2518 2691 2900 2774 misericors,
2944 2686 3042 2774 qui

706 2809 982 2895 flagellat
1027 2831 1277 2877 omnem
1322 2810 1521 2877 filium
1568 2831 1754 2897 quem
1798 2810 2026 2896 recipit
2044 2806 2079 2894 ¹,
2135 2809 2416 2876 extendit
2458 2828 2715 2875 manum
2763 2826 2940 2873 suam
2983 2805 3041 2869 in

707 2926 1107 2994 retribuendo
1120 2922 1162 3011 ²,
1209 2927 1509 3014 gravique
1558 2927 1840 2994 terciana
1882 2927 2057 2994 febre
2100 2931 2450 2993 maceratos
2497 2945 2612 2990 nos
2645 2943 2906 3012 prorsus
2935 2922 3043 2987 im-

706 3043 961 3110 becilles
1008 3046 1072 3110 et
1115 3043 1245 3110 fere
1290 3044 1542 3111 inutiles
1588 3065 1704 3131 per
1749 3064 1861 3110 sex
1905 3037 2251 3110 mensium⁸
2296 3042 2572 3129 spatium
2619 3040 2907 3106 detinuit.
2981 3035 3044 3102 Si

707 3159 939 3245 itaque,
971 3159 1106 3226 Deo
1138 3161 1540 3247 impediente,
1585 3159 1983 3246 propositum
2012 3164 2300 3225 nostrum
2330 3158 2412 3223 ad
2445 3163 2695 3244 tempus
2728 3162 2827 3222 est
2855 3160 3046 3223 retar-

709 3275 947 3361 datum,
993 3296 1119 3342 non
1165 3282 1378 3343 tamen
1410 3282 1505 3343 est
1537 3277 1793 3343 omnino
1828 3280 2230 3357 evacuatum3
2279 3278 2342 3341 et
2368 3273 2810 3360 promissionis
2842 3276 3047 3338 nostre

710 3390 963 3459 effectus
1028 3392 1231 3477 magis
1300 3398 1398 3459 est
1452 3392 1683 3459 dilatus
1752 3412 1937 3479 quam
1995 3391 2353 3458 frustratus.
2456 3388 2559 3455 Ad
2629 3388 3046 3456 excusandam

708 3508 921 3595 itaque
965 3512 1180 3575 nostre
1225 3529 1400 3575 more
1444 3509 1918 3592 necessitatem,
1978 3508 2059 3574 ad
2111 3507 2507 3573 salutandam
2552 3510 2659 3571 tue
2702 3499 3044 3570 nobilitatis

709 3625 1078 3711 sospitatem
1121 3624 1374 3691 mittere
1420 3626 1778 3691 curavimus
1835 3644 1979 3690 cum
2034 3623 2264 3690 litteris
2308 3621 2706 3709 presentibus
2752 3619 3043 3685 nuncium

709 3741 976 3808 celerem
1023 3745 1088 3807 et
1131 3741 1527 3826 expeditum3
1578 3741 1686 3828 qui
1731 3741 1810 3807 de
1852 3745 2071 3806 nostra
2103 3739 2270 3807 bona
2309 3737 2656 3804 valitudine
2701 3740 2939 3802 certum
2983 3738 3044 3797 te

709 3863 773 3923 et
817 3856 1100 3943 hylarem
1148 3854 1440 3941 efficeret,
1489 3863 1552 3923 et
1596 3877 1711 3923 nos
1756 3856 2099 3923 identidem
2132 3856 2208 3922 de
2238 3861 2350 3922 tua
2380 3860 2443 3921 et
2472 3852 2636 3919 filiae
2665 3858 2901 3935 nostre,
2943 3855 3043 3915 tue

707 3968 1024 4057 coniugis⁴
1069 3971 1403 4039 karissime
1445 3973 1823 4060 imperiique
1867 3973 2205 4057 consortis,
2252 3971 2557 4058 sospitate
2610 3974 2673 4035 et
2718 3967 2797 4035 de
2841 3982 3039 4034 rerum

706 4095 1061 4158 vestrarum
1103 4089 1525 4177 prosperitate
1569 4088 1917 4156 letificaret.

853 4274 894 4307 ⁸.
934 4259 1099 4318 longae
1130 4278 1170 4306 c.

853 4356 904 4411 1.
940 4354 1110 4411 Hebr.
1136 4354 1221 4422 12,
1247 4353 1298 4408 6.
1443 4353 1497 4407 2.
1543 4353 1634 4407 Ps.
1662 4351 1747 4421 54,
1773 4354 1858 4407 21.
2005 4354 2055 4407 3.
2103 4351 2160 4406 id
2200 4356 2287 4406 eat
2319 4351 2449 4407 inde
2484 4350 2553 4407 ab
2591 4352 2829 4405 exeunte
2864 4338 3035 4402 mense

709 4443 967 4515 Augusto
991 4443 1120 4498 anni
1148 4443 1285 4497 1149
1322 4443 1453 4511 (quo
1478 4446 1729 4509 tempore
1753 4456 1815 4496 se
1838 4445 2125 4510 aegrotare
2136 4439 2418 4509 coepisse,
2450 4437 2733 4494 Conradus
2757 4437 2815 4493 in
2839 4451 2920 4504 ep.
2937 4429 3035 4487 243

708 4548 765 4603 p.
791 4533 898 4588 364
943 4529 1088 4585 infra
1130 4528 1426 4600 significat)
1484 4528 1555 4584 ad
1609 4544 1854 4584 mensem
1900 4529 2257 4584 Februarium
2310 4544 2361 4583 a.
2399 4527 2552 4582 1150.
2721 4526 2774 4582 4.
2822 4524 3034 4580 Eirenes

710 4637 756 4676 s.
781 4620 1036 4688 Berthae‚
1073 4634 1214 4688 quae
1250 4623 1369 4675 erat
1402 4634 1558 4675 soror
1593 4617 1883 4675 Ger-trudis
1918 4618 2159 4688 reginae.
2436 4608 2439 4613 ’
