3319 5242
760 437 884 504 128
1534 456 1831 503 wmALm
1871 454 2199 503 nprs'roLA
2243 454 2319 502 σο.

575 601 713 657 1147
752 597 1016 664 solidam
1060 602 1313 663 nostrae
1355 595 1676 680 religionis
1710 597 2175 664 observantiam
2219 593 2615 663 reflorescere
2654 593 2982 660 videamus
3023 597 3079 659 et

599 676 682 721 Μ’
750 719 1031 780 nostram
1061 712 1390 780 Corbeiam
1435 713 1502 778 in
1540 732 1694 779 vera
1724 732 1838 778 sua
1866 713 2160 800 ymagine
2188 731 2724 795 recognoscamus.
2794 708 3081 776 Preterea

750 831 1195 916 possessiones,
1244 850 1397 916 quas
1444 829 1776 895 Heinricus
1823 827 1948 913 ille,
1998 849 2183 914 quem
2228 827 2606 922 venerabilis
2648 827 2895 911 legatus
2941 845 3080 912 apo—

750 945 1008 1012 stolicae
1063 947 1230 1013 sedis
1275 946 1539 1012 domnus
1586 945 1857 1011 Thomas
1904 945 2243 1011 cardinalis
2287 944 2518 1010 iudicio
2568 943 2843 1031 Spiritus
2890 942 3084 1008 sancti

749 1063 1044 1129 canonice
1090 1062 1409 1149 deposuit,
1458 1061 1863 1146 alienaverat,
1912 1082 2071 1147 quae
2117 1066 2368 1128 centum
2412 1061 2545 1127 fere
2589 1079 2845 1126 mansos
2890 1058 3084 1126 bonae

750 1197 823 1244 ac
877 1178 1103 1245 fertilis
1160 1183 1367 1246 terrae
1414 1178 1831 1261 excedebant,
1892 1178 1973 1244 ad
2018 1179 2333 1261 integrum
2376 1175 2700 1261 recollegit
2743 1182 2808 1243 et
2851 1175 3084 1242 utilita-

746 1293 914 1361 tibus
972 1295 1341 1361 monasterii
1382 1295 1679 1361 restituit.
1772 1292 1895 1359 Pro
1941 1293 2300 1360 huiusmodi
2344 1291 2662 1360 beneficiis
2710 1297 2774 1359 et
2817 1291 2963 1358 aliis
3008 1292 3083 1358 si-

746 1410 1000 1477 milibus
1046 1410 1147 1477 vel
1191 1410 1555 1494 maioribus,
1604 1430 1725 1495 que
1772 1409 1973 1476 adhuc
2018 1411 2096 1477 ab
2130 1431 2202 1476 eo
2234 1429 2583 1497 speramus,
2628 1407 2766 1475 Deo
2795 1413 2860 1475 et
2888 1409 3082 1492 vobis,

746 1526 908 1593 tanti
964 1528 1164 1614 patris
1221 1526 1657 1610 largitoribuS,
1715 1527 1951 1609 gratias
2008 1527 2357 1593 referimus,
2451 1525 2647 1604 Quem
2692 1526 2759 1591 in
2805 1529 3083 1611 tempore

747 1644 1001 1729 quidem
1047 1643 1368 1710 electionis
1415 1662 1565 1709 suae
1608 1648 1871 1729 propter
1901 1662 2080 1730 spem
2112 1648 2176 1710 et
2205 1643 2434 1714 bonam
2464 1642 2701 1708 famam
2729 1640 3082 1725 dileximus,

746 1779 914 1826 nunc
969 1765 1179 1826 autem
1234 1764 1494 1846 propter
1546 1779 1682 1826 rem
1728 1764 1792 1825 et
1836 1757 2065 1825 collata
2105 1759 2175 1826 in
2219 1779 2333 1826 nos
2379 1756 2712 1842 beneficia,
2766 1762 2840 1823 ut
2882 1758 3086 1824 virum

748 1876 921 1941 omni
964 1875 1300 1942 dilectione
1343 1875 1624 1959 dignum,
1671 1875 1954 1941 unanimi
2001 1881 2065 1942 et
2108 1876 2336 1941 intima
2379 1875 2708 1941 devotione
2746 1873 3082 1958 diligimus.

746 1991 1124 2058 Audivimus
1172 1992 1211 2058 a
1252 1991 1480 2058 dilecto
1525 1992 1721 2058 fratre
1766 1997 1982 2058 nostro
2028 1990 2325 2057 Heinrico
2347 1987 2379 2075 ¹,
2434 1991 2823 2077 presentium
2867 1990 3083 2074 latore,

747 2113 811 2173 et
856 2128 895 2173 a
939 2108 1167 2174 domno
1197 2106 1548 2193 W(altero),
1595 2113 1747 2173 tunc
1791 2107 2093 2194 temporis
2139 2113 2354 2174 nostro
2401 2108 2633 2193 priore,
2678 2112 2743 2174 et
2781 2108 2821 2174 a
2860 2126 3086 2194 prepo-

745 2218 903 2289 sito'
934 2223 1129 2290 fratre
1159 2223 1542 2307 R(einhero),
1591 2223 1759 2309 quod
1804 2243 1910 2290 eos
1957 2243 2072 2310 per
2117 2223 2355 2309 aliquot
2399 2224 2535 2290 dies
2569 2228 2890 2290 morantes
2922 2222 3085 2309 apud

744 2334 891 2407 vos⁸
936 2339 1205 2424 benigne
1264 2345 1327 2406 et
1380 2340 1641 2407 honeste
1687 2340 2132 2424 tractaveritis,
2178 2346 2244 2407 et
2282 2341 2373 2407 eis
2416 2340 2583 2406 inter
2612 2340 2770 2406 alias
2800 2339 3084 2408 humani-

744 2460 906 2522 tates
962 2456 1425 2523 fraternitatem
1480 2462 1544 2523 et
1588 2457 1949 2523 societatem
1995 2456 2163 2523 inter
2210 2477 2317 2523 vos
2330 2505 2350 2540 ,
2408 2455 2932 2542 quemadmodum
2976 2454 3085 2520 uni

746 2571 824 2639 de
854 2572 1053 2657 vobis,
1091 2572 1544 2640 concesseritis.
1620 2572 1824 2660 Super
1853 2573 1952 2640 his
1984 2592 2229 2660 quoque
2261 2573 2496 2658 gratias
2527 2578 2775 2640 vestrae
2804 2571 3085 2656 benigni-

744 2690 865 2755 tati
907 2690 1256 2756 referimus.
1391 2689 1671 2756 Verbum
1717 2710 1886 2773 vero,
1934 2690 2012 2756 de
2059 2709 2179 2774 quo
2226 2694 2292 2755 et
2335 2711 2450 2756 nos
2496 2690 2674 2757 vobis
2720 2690 3084 2776 scripsimus

746 2810 811 2873 et
862 2805 989 2892 ipsi
1033 2806 1355 2872 vobiscum
1412 2811 1871 2890 tractaverunt,
1929 2805 2192 2872 verbum
2234 2806 2494 2891 inquam
2539 2806 2819 2874 eiusdem
2863 2806 3084 2873 frater-

742 2921 963 2988 nitatis
996 2926 1061 2989 et
1088 2922 1426 3007 societatis,
1469 2928 1541 2989 ut
1569 2922 1863 2989 videlicet
1890 2927 2104 2988 vestra
2132 2928 2196 2989 et
2224 2928 2441 2989 nostra
2471 2923 2556 2989 sit
2582 2943 2710 2988 una
2738 2922 2806 2989 in
2838 2920 3085 2988 Christo

746 3037 1029 3123 ecclesia,
1074 3038 1241 3105 inter
1282 3059 1399 3105 nos
1444 3039 1827 3105 unanimiter
1857 3039 2261 3106 convenimus
2274 3048 2315 3122 ¹,
2363 3044 2427 3105 et
2456 3038 2750 3123 quatinus
2781 3039 2850 3105 id
2877 3038 3086 3124 ipsum

741 3160 991 3222 vestrae
1049 3155 1455 3221 unanimitati
1497 3153 1777 3241 placeat,
1834 3155 2064 3222 obnixe
2108 3175 2423 3239 rogamus.
2516 3154 2698 3222 Hanc
2739 3155 3088 3222 unitionem

742 3271 1012 3338 duarum
1068 3270 1472 3338 ecclesiarum
1527 3290 1641 3356 per
1687 3270 1987 3337 dilectum
2032 3272 2355 3338 dominum
2401 3276 2465 3337 et
2508 3275 2756 3357 patrem
2801 3275 3089 3336 nostrum

742 3383 881 3453 fieri
939 3393 1312 3473 exoptamus
1325 3382 1375 3468 ⁴3
1433 3386 1738 3472 vobisque
1792 3408 1906 3474 per
1961 3408 2105 3454 eum
2150 3387 2365 3455 debita
2405 3387 2819 3454 fraternitatis
2866 3406 3090 3454 secun-

887 3516 929 3548 a.
969 3506 1039 3550 n‘c
1071 3503 1175 3549 cod.

886 3581 935 3634 1.
975 3579 1243 3635 monacho
1280 3578 1612 3634 Stabulensi.
1757 3581 1810 3635 2.
1848 3580 2267 3651 Eresburgensi.
2410 3582 2463 3635 3.
2501 3585 2839 3636 revertentes
2875 3580 3090 3648 Meldis,

742 3668 838 3724 ubi
886 3683 1086 3737 papam
1123 3667 1367 3723 Wibaldi
1415 3683 1582 3723 causa
1617 3667 1816 3724 diebus
1855 3670 2082 3723 10—22
2119 3669 2262 3723 Iunii
2304 3668 2438 3723 1147
2475 3669 2741 3724 adierant.
2798 3670 2864 3725 V.
2903 3685 2995 3739 ep.
3020 3670 3092 3723 46

743 3771 909 3825 supra
941 3772 996 3826 p.
1029 3759 1131 3812 123
1161 3762 1218 3812 et
1241 3771 1330 3825 ep.
1358 3756 1460 3811 150
1484 3755 1640 3811 infra.
1668 3787 1733 3798 —
1760 3758 1954 3826 Itaque
1978 3757 2120 3812 hanc
2147 3758 2559 3814 corbeiensium
2584 3759 2874 3827 epistolam
2900 3772 3094 3815 mense

742 3844 883 3901 Iulio
933 3846 1070 3901 1147
1117 3844 1378 3914 scriptam
1427 3861 1549 3901 esse
1598 3861 1747 3915 reor,
1804 3846 2061 3903 Wibaldo
2113 3846 2186 3901 ad
2237 3846 2444 3903 bellum
2492 3846 2768 3903 Slavicum
2816 3846 3094 3917 profecto.

740 3933 795 3989 4.
832 3934 988 3990 Hanc
1024 3932 1422 3990 fraternitatem
1459 3935 1645 4003 paullo
1681 3930 1809 4004 post
1845 3934 2153 3991 confectam
2189 3950 2326 4005 esse,
2365 3936 2529 3992 docet
2564 3936 2772 4006 relatio,
2809 3941 2943 4006 post
2976 3935 3094 3991 wi·

740 4020 893 4078 baldi
940 4028 1169 4079 mortem
1217 4039 1381 4077 manu
1431 4040 1575 4078 saec.
1610 4024 1721 4078 XII
1757 4025 1939 4093 posita
1983 4024 2042 4078 in
2091 4023 2186 4080 fol.
2213 4025 2283 4079 20
2333 4025 2456 4080 cod.
2483 4025 2782 4081 membran.
2809 4026 3093 4095 quondam

742 4109 1115 4180 Corbeiensis,
1172 4111 1336 4168 hodie
1384 4113 1836 4169 monasteriensis
1892 4113 2096 4183 signati
2155 4113 2198 4168 Ι.
2233 4113 2304 4169 A.
2341 4115 2463 4169 133.
2545 4115 2648 4169 Est
2691 4119 2876 4169 autem
2923 4114 3094 4169 haec:

741 4198 1062 4270 „Nomina
1098 4198 1387 4256 fratrum
1425 4208 1813 4258 nostrorum
1850 4201 2399 4271 stabulensium,
2440 4218 2669 4273 quorum
2695 4208 2945 4272 tempore
2970 4202 3095 4259 Sta·

739 4285 938 4343 bulaus
976 4293 1033 4343 et
1068 4304 1211 4345 nova
1236 4290 1584 4347 Corbeiensis
1618 4292 1888 4347 aecclesia
1922 4292 1979 4347 in
2015 4292 2181 4362 plena
2204 4290 2547 4347 fraternitate
2571 4297 2628 4347 et
2652 4309 2761 4347 una
2783 4292 3095 4363 eademque

741 4377 1007 4433 societate
1044 4394 1243 4447 magno
1282 4380 1559 4450 utrimque
1596 4381 1779 4436 studio
1818 4385 1875 4435 et
1911 4381 2028 4450 pari
2064 4380 2349 4436 voluntate
2385 4386 2785 4448 convenerunt,
2834 4396 2902 4436 eo
2939 4380 3095 4435 vide-

740 4466 875 4523 licet
898 4473 1104 4537 tenore,
1141 4471 1204 4522 ut
1227 4468 1285 4522 in
1310 4469 1571 4525 utralibet
1594 4469 1865 4525 aecclesia
1888 4469 2074 4524 omnia
2095 4469 2285 4524 debita
2308 4469 2632 4539 orationum,
2668 4484 2810 4539 quae
2846 4468 3093 4539 propriis

743 4554 1003 4614 fratribus
1039 4556 1328 4628 utriusque
1362 4558 1808 4629 congregationis
1839 4557 2126 4627 debentur,
2162 4563 2275 4614 tam
2311 4558 2455 4615 vivis
2477 4574 2642 4629 quam
2678 4556 2963 4615 defunctis
2985 4556 3092 4613 fra·
