3319 5242
771 434 902 503 306
1444 447 1744 495 wmanm
1784 442 2158 494 unsa-om
2198 441 2306 489 186.
2339 439 2445 488 186.

579 601 718 656 1149
771 595 982 682 ipsum
1025 596 1347 677 geruntur,
1392 595 1458 658 et
1501 594 1738 657 statum
1781 587 1962 672 regni
2005 607 2121 674 per
2161 584 2429 652 eundem
2458 580 2896 665 F(ranconem)
2921 575 3078 646 uobis

562 675 657 721 Im
679 675 739 721 ²3
772 709 1026 777 studeas
1055 709 1380 788 intimare;
1430 711 1494 773 et
1529 705 1648 772 hoc
1678 711 1962 791 tempore
1993 702 2408 784 devotionem,
2446 720 2635 784 quam
2667 718 2820 782 erga
2844 700 3080 763 matrem

773 831 951 894 tuam
996 828 1279 891 sanctam
1322 821 1673 888 Romanam
1719 820 2086 886 aecclesiam
2140 818 2339 903 geris,
2399 815 2726 898 ostendas,
2783 818 2857 880 ut
2894 814 3082 877 nostro

773 940 1152 1027 respondere
1207 937 1458 1005 affectui
1511 956 1785 1021 congrue
1829 935 2102 1002 videaris
2148 941 2214 1001 et
2255 933 2426 1000 beati
2469 931 2643 999 Petri
2689 926 3085 1016 apostolorum

775 1057 1079 1145 principis
1122 1053 1700 1138 intercessionibus,
1747 1052 1849 1119 cui
1885 1058 1947 1119 te
1977 1056 2180 1117 totum
2211 1051 2400 1117 debes
2431 1067 2768 1136 exponere,
2816 1038 3086 1112 creatoris

773 1174 976 1240 nostri
1043 1172 1380 1257 largiorem
1448 1170 1676 1238 debeas
1744 1168 2016 1253 gratiam
2079 1166 2446 1253 promereri.
2550 1164 2722 1231 Data
2782 1154 3089 1229 Tusculani

774 1291 816 1357 9
830 1299 853 1325 ·
882 1288 1021 1357 Kal.
1055 1288 1217 1357 Iulii.

782 1563 955 1635 186.
990 1564 1310 1631 Wibaldus
1356 1562 1635 1629 Gnidom'
1677 1562 1988 1628 cardinali
2026 1562 2384 1650 respondet,
2439 1553 2503 1624 se
2548 1559 2624 1623 ob
2671 1554 3097 1639 Lotkoeinyiae

995 1692 1195 1747 motus
1249 1692 1308 1746 et
1352 1677 1627 1746 Conradi
1679 1682 1843 1766 reyt's
1887 1691 2295 1767 praeceptum
2345 1679 2415 1742 in
2460 1675 2810 1741 Samonium
2855 1671 2943 1736 ad
2980 1688 3097 1732 eum

994 1819 1123 1860 non
1168 1820 1292 1861 esse
1332 1807 1671 1861 venturum.
2804 1783 2917 1867 (M.
2948 1779 3097 1858 166.)

600 1938 739 1995 1149
951 1927 1314 1994 Reverendo
1358 1926 1529 2014 patri
1574 1947 1688 1993 suo
1735 1933 1801 1994 et
1843 1925 2097 1993 domino
2128 1923 2452 2008 G(uidoni)
2482 1919 2829 1989 venerabili
2869 1920 3101 1985 sanctae

620 2014 716 2060 ¹¹¹⁰·
774 2043 1092 2110 Romanae
1145 2044 1481 2111 aecclesiae
1538 2043 1801 2109 diacono
1860 2042 2166 2109 cardinali
2182 2037 2199 2069 ¹
2254 2038 2634 2127 apostolicae
2690 2036 2861 2104 sedis
2918 2034 3099 2117 legat⁰

775 2159 973 2229 frater
1014 2159 1392 2242 W(ibaldus)
1430 2158 1552 2226 Dei
1596 2160 1805 2244 gratia
1847 2159 1935 2243 id,
1984 2157 2150 2245 quod
2196 2161 2292 2224 est
2336 2157 2403 2222 in
2449 2153 2751 2223 aecclesia
2795 2149 3100 2228 catholica,

778 2278 1037 2362 exiguas
1083 2277 1397 2343 orationes
1444 2278 1510 2342 et
1552 2274 1847 2341 devotum
1891 2275 2235 2341 servitium.

954 2393 1298 2478 Postquam
1367 2391 1445 2458 de
1511 2390 1786 2457 transitu
1842 2395 2051 2457 vestro
2111 2390 2180 2456 in
2234 2386 2560 2454 Poloniam
2614 2404 2769 2452 vera
2820 2381 3102 2449 relatione

778 2511 1199 2597 comperimus
1211 2505 1256 2593 ²,
1307 2507 1494 2592 longo
1538 2513 1824 2594 tempore
1870 2506 2038 2593 apud
2083 2504 2413 2572 Corbeiam
2456 2503 2524 2568 in
2570 2523 2645 2569 ea
2688 2499 3105 2587 expectatione

781 2626 1034 2694 solliciti
1079 2631 1267 2712 atque
1311 2626 1602 2713 suspensi
1644 2626 1912 2709 fuimu8‚
1967 2628 2040 2689 ut
2080 2623 2150 2689 in
2193 2620 2403 2688 reditu
2444 2624 2653 2686 vestro
2698 2620 3105 2705 competenter

780 2744 958 2810 vobis
1016 2761 1342 2808 occurrere
1393 2762 1723 2828 possemus
1779 2746 1844 2808 et
1897 2746 2031 2807 tam
2087 2739 2384 2806 devotum
2430 2756 2619 2822 quam
2662 2733 2949 2800 debitum
2988 2736 3103 2796 tum

779 2859 849 2925 in
891 2877 1164 2946 persona
1206 2864 1343 2925 tum
1387 2858 1455 2923 in
1498 2858 1686 2924 rebus
1732 2856 2101 2941 obsequium
2144 2875 2260 2941 pro
2293 2851 2648 2920 reverentia
2677 2850 2895 2917 domni
2921 2864 3105 2935 papae

782 2979 847 3042 et
893 2974 1109 3040 domni
1154 2972 1511 3040 cancellarii
1557 2979 1620 3040 et
1664 2993 1780 3059 pro
1826 2978 2075 3039 vestrae
2117 2990 2423 3058 personae
2468 2965 2942 3034 honorificentia
2981 2981 3106 3028 cum

782 3092 955 3157 omni
999 3089 1123 3157 fide
1168 3094 1232 3157 et
1277 3089 1636 3156 sinceritate
1683 3088 2138 3155 exhiberemus,
2204 3085 2314 3153 Set
2359 3085 2653 3171 quoniam
2689 3082 2913 3149 crebra
2938 3076 3103 3158 mala,

784 3227 945 3292 quae
1009 3204 1487 3290 Lotharingiam
1553 3210 1615 3272 et
1683 3204 1980 3292 precipue
2033 3202 2444 3269 Arduennam
2508 3205 2792 3266 nostram
2860 3193 3103 3264 assiduis

783 3322 998 3410 predis
1063 3328 1250 3408 atque
1316 3321 1558 3408 rapinis
1618 3325 1683 3387 et
1734 3319 2041 3387 incendiis
2102 3317 2417 3402 affligunt,
2486 3337 2602 3382 nos
2654 3314 2804 3381 illac
2858 3310 3104 3379 transire

785 3437 1226 3525 compulerunt
1281 3443 1346 3505 et
1400 3457 1514 3503 nos
1573 3437 1906 3503 cotidianis
1949 3435 2264 3523 pressuris
2307 3440 2611 3519 tanquam
2652 3432 2720 3496 in
2766 3431 2903 3497 acie
2945 3424 3105 3494 dimi-

787 3560 1002 3622 cantes
1057 3554 1399 3641 implicitos
1455 3558 1703 3638 tenent,
1761 3553 2031 3619 multum
2090 3573 2168 3619 ex
2214 3550 2425 3617 animo
2471 3547 2783 3630 dolemus,v
2841 3545 3001 3631 quod
3038 3539 3103 3607 ad

787 3676 1036 3737 vestrae
1099 3670 1396 3737 iussionis
1462 3669 1832 3736 mandatum
1895 3675 2105 3736 vestre
2169 3665 2544 3734 sublimitati
2609 3682 2935 3729 occurrere
2994 3665 3102 3725 tam

788 3786 974 3870 longe
1026 3787 1218 3873 positi
1261 3807 1389 3853 non
1432 3785 1747 3871 valemu8‚
1804 3786 2104 3872 precipue
2148 3803 2292 3850 cum
2336 3781 2562 3849 vestris
2607 3774 3103 3846 sollicitudinibus

792 3902 958 3969 desit
1000 3908 1367 3988 cooperator
1400 3903 1730 3990 episcopus
1758 3901 2099 3969 Anselmus
2110 3896 2156 3984 ⁸,
2198 3900 2268 3965 in
2298 3898 2475 3965 cuius
2505 3895 2845 3983 prudentia
2874 3898 2938 3962 et
2960 3886 3105 3957 fideli

790 4017 1051 4087 consilio
1096 4017 1438 4106 plurimum
1481 4025 1702 4107 posset
1742 4018 1930 4084 inniti
1965 4021 2176 4083 vestra
2218 4013 2531 4081 discretio.
2682 4009 2977 4077 Preterea
3013 4005 3104 4070 do-

791 4134 1002 4203 minus
1045 4141 1263 4203 noster
1307 4158 1422 4205 rex
1451 4135 1876 4202 Romanorum
1906 4132 2296 4216 Guonradus,
2340 4130 2751 4215 Ratisponam
2794 4128 2864 4193 in
2898 4118 3101 4193 octavis

938 4294 981 4328 a.
1022 4281 1051 4328 s
1086 4298 1163 4341 ap.
1186 4256 1390 4327 oleam
1422 4281 1619 4342 aaa&

935 4377 990 4431 1.
1026 4374 1083 4431 S.
1107 4375 1311 4430 Mariae
1345 4374 1405 4429 in
1441 4370 1677 4443 porticu.
1782 4371 1837 4426 2.
1875 4387 2020 4427 anno
2058 4369 2199 4425 1148
2230 4371 2359 4438 post
2385 4382 2459 4421 m.
2482 4364 2789 4435 Septembr.
2826 4362 2896 4419 V.
2919 4352 3093 4430 ep.121

795 4480 965 4535 supra
1006 4480 1063 4534 p.
1089 4462 1209 4519 195.
1363 4464 1417 4517 3.
1463 4460 1956 4531 Havelbergensis,
2016 4459 2111 4528 qui
2157 4463 2276 4513 tum
2324 4456 2382 4512 in
2429 4456 2592 4511 Italia
2633 4458 2770 4509 erat.
2832 4452 2901 4510 V.
2930 4448 3092 4504 librum

798 4571 1004 4612 meum:
1043 4552 1240 4611 Gesch.
1266 4552 1367 4608 des
1401 4549 1709 4608 deutschen
1746 4548 1977 4606 Reiches
2011 4553 2175 4604 unter
2210 4545 2428 4628 conrad
2461 4545 2541 4600 111
2577 4560 2632 4614 p.
2658 4543 2784 4600 279.
