3319 5242
879 458 1176 505 wmALm
1218 458 1591 507 nrrsronffl
1640 458 1746 505 soe.
1780 459 1886 506 eos.
2416 440 2549 507 435

213 602 464 664 nostrae
518 597 930 665 admonitioni
987 599 1210 667 devote
1264 600 1705 687 obtemperans
1759 599 1986 683 fueris,
2042 604 2109 666 et
2150 598 2548 684 sententiam,
2655 603 2797 661 1150

212 733 330 798 que
374 715 440 779 in
477 714 820 781 vindictam
863 715 1322 783 inobedientiae
1368 717 1677 784 intentata
1720 716 1836 783 tibi
1880 716 2104 801 fuerat,
2150 714 2442 799 religiose
2487 721 2550 782 et
2578 677 2676 726 ⁰⁰²
2694 702 2743 709 “
2756 677 2867 725 ⁰⁶⁶

208 828 553 914 prudenter
597 831 992 898 devitaveris,
1151 832 1248 899 De
1292 832 1391 899 his
1436 853 1605 917 vero,
1653 834 1761 918 qui
1803 832 2086 918 predicto
2129 830 2547 914 E(verhardo)

208 965 324 1011 sua
367 945 783 1032 diripuerunt,
829 948 1143 1016 iusticiam
1174 970 1213 1016 a
1242 948 1470 1015 domno
1502 949 1794 1036 episcopo
1825 952 2129 1035 reposcet,
2175 947 2354 1033 iuxta
2383 946 2549 1033 quod

206 1061 414 1128 eidem
470 1062 723 1129 domino
778 1068 995 1130 nostro
1041 1064 1335 1152 episcopo
1384 1086 1423 1131 a
1466 1065 1695 1132 domno
1741 1085 1908 1152 papa
1949 1064 2299 1131 iniunctum
2345 1069 2442 1130 est
2486 1069 2550 1131 et

204 1178 345 1263 ipse
412 1178 593 1249 nobis
659 1200 728 1246 se
791 1180 1103 1248 facturum
1171 1202 1285 1267 per
1337 1181 1581 1249 litteras
1637 1202 1785 1248 suas
1841 1179 2109 1247 fideliter
2164 1180 2545 1267 repromisit.

204 1294 302 1359 Tu
346 1299 560 1361 autem
605 1295 902 1363 adversus
948 1297 1215 1365 eundem
1243 1296 1728 1380 E(verhardum)
1773 1296 2194 1384 presbiterum
2230 1296 2306 1363 de
2341 1301 2547 1364 cetero

201 1408 443 1476 nullius
502 1409 772 1478 offensae
815 1402 1258 1497 memoreris,
1317 1418 1415 1481 set
1458 1434 1601 1479 cum
1647 1434 1720 1480 eo
1764 1434 1979 1480 veram
2025 1432 2248 1499 pacem
2293 1417 2357 1479 et
2398 1432 2546 1479 con-

200 1525 485 1592 cordiam
531 1526 609 1594 de
655 1529 825 1594 omni
871 1534 1014 1595 ante
1060 1535 1201 1597 acta
1244 1529 1671 1597 controversia
1711 1530 1780 1594 in
1824 1530 1990 1596 bona
2034 1527 2156 1596 fide
2199 1528 2479 1595 habebis.

203 1736 384 1809 306.
424 1741 738 1807 Wbaldus
770 1743 1131 1809 Heinricum
1177 1745 1529 1830 episcopum
1561 1744 1946 1810 Mindon-sem
1990 1745 2067 1809 de
2099 1744 2447 1811 Godeboldi
2491 1756 2548 1810 et

426 1856 781 1923 Eva-hardi
824 1859 927 1922 lite
973 1860 1177 1924 decisa
1223 1861 1541 1924 certiorem
1573 1859 1758 1947 facit.
2223 1857 2332 1940 (M.
2367 1859 2543 1940 286.)

377 1988 743 2056 Reverendo
788 1990 957 2076 patri
1003 2011 1115 2057 suo
1158 1996 1221 2058 et
1250 1991 1502 2058 domino
1533 1991 1882 2074 H(einrico)
1913 1997 2167 2058 sanctae
2188 1990 2544 2060 Mindensis
2653 2005 2793 2059 1150

193 2104 502 2172 ecclesiae
543 2105 888 2173 venerabili
945 2106 1238 2193 episcopo
1295 2107 1490 2174 frater
1535 2106 1911 2189 W(ibaldus)
1964 2106 2088 2174 Dei
2142 2109 2348 2192 gratia
2393 2108 2545 2175 Cor·
2575 2078 2673 2125 ⁰⁶¹*
2690 2102 2738 2109 “
2754 2078 2863 2125 ⁰⁰²

192 2220 474 2309 beiensis
520 2221 817 2289 ecclesiae
852 2243 1070 2290 servus
1118 2223 1377 2307 exiguas
1422 2223 1736 2291 orationes
1779 2228 1842 2290 et
1872 2224 2168 2290 devotum
2198 2225 2541 2291 servitium.

377 2336 670 2405 Meminit
710 2339 1059 2425 paternitas
1088 2345 1321 2424 vestra,
1368 2340 1534 2425 quod
1578 2338 1797 2406 literas
1838 2339 2054 2405 domni
2083 2359 2289 2426 papae
2320 2340 2402 2405 ad
2428 2359 2545 2405 nos

189 2454 577 2540 accepimus,
621 2460 694 2522 ut
739 2455 1107 2523 canonicum
1137 2461 1419 2523 vestrum
1461 2457 1837 2540 magistrum
1882 2453 2364 2541 G(odeboldum)
2410 2460 2543 2521 stu-

188 2571 374 2639 diose
401 2572 1095 2656 commonefaceremus,
1129 2573 1422 2659 quatinus
1444 2571 1810 2641 Everhardo
1841 2571 2190 2659 presbitero
2216 2570 2543 2640 ecclesiam

187 2688 269 2754 de
305 2687 756 2773 Hemmeringe
801 2694 865 2756 et
909 2690 1123 2756 omnia
1166 2690 1224 2756 ei
1269 2689 1480 2756 ablata
1521 2710 1638 2777 per
1685 2710 1753 2756 se
1800 2696 1864 2756 et
1906 2710 2022 2777 per
2068 2688 2224 2756 alios
2270 2689 2336 2755 in
2381 2688 2543 2755 inte-

183 2825 382 2890 grum
438 2805 606 2871 infra
647 2805 872 2889 viginti
925 2805 1059 2872 dies
1115 2812 1262 2892 post
1316 2811 1639 2892 acceptam
1698 2806 2212 2872 ammonitionem
2261 2811 2544 2872 nostram

184 2921 455 2988 omnino
482 2922 841 2989 restitueret
872 2926 936 2988 et
964 2921 1041 2988 de
1072 2928 1278 2988 cetero
1308 2919 1567 3008 pacifice
1598 2943 1744 2988 eum
1774 2922 2096 3009 possidere
2127 2923 2539 3009 permitteret.

181 3036 488 3105 Fecimus
531 3037 764 3122 itaque,
811 3038 977 3123 quod
1009 3037 1202 3104 nobis
1248 3038 1627 3124 imperatum
1672 3038 1897 3104 fuerat.
1962 3037 2072 3105 Set
2102 3042 2313 3104 vestra
2349 3036 2542 3103 subli-

179 3156 386 3220 mitas
430 3159 682 3221 nostrae
724 3155 1026 3241 parvitati
1072 3153 1338 3221 sollicite
1383 3153 1708 3237 iniungere
1747 3154 2006 3238 dignata
2035 3154 2176 3237 fuit,
2222 3160 2294 3219 ut
2321 3173 2540 3219 recon-

178 3270 535 3337 ciliationis
581 3275 645 3338 et
688 3271 1055 3337 concordiae
1100 3270 1478 3337 mediatores
1524 3291 1661 3337 esse
1706 3279 2153 3354 satageremuS,
2206 3269 2323 3336 hac
2366 3269 2540 3336 vide-

175 3385 340 3454 licet
385 3385 659 3469 ratione,
714 3392 785 3453 ut
827 3386 995 3452 idem
1039 3384 1491 3468 E(verhardus)
1538 3386 1664 3452 tria
1707 3386 1947 3453 talenta
1989 3406 2392 3453 nummorum
2438 3405 2540 3451 ac-

175 3504 465 3589 ciperet,
535 3506 598 3568 et
656 3501 733 3568 de
791 3502 932 3568 aliis
988 3502 1305 3589 personis,
1364 3523 1403 3567 a
1461 3502 1686 3588 quibus
1742 3523 1859 3568 sua
1917 3502 2083 3570 bona
2138 3502 2540 3587 conqueritur

173 3618 528 3702 distracta,
587 3617 1074 3685 ecclesiasticam
1130 3619 1188 3684 ei
1241 3618 1556 3685 iusticiam
1611 3639 1725 3684 vos
1780 3618 2089 3685 faceretis.
2189 3617 2294 3683 Ad
2351 3638 2541 3704 quam

172 3734 615 3801 conditionem
661 3734 1084 3821 recipiendam
1129 3733 1277 3800 licet
1320 3735 1489 3801 idem
1516 3733 1969 3818 E(verhardus)
2018 3735 2173 3801 satis
2216 3739 2539 3801 cunctare-

169 3857 323 3934 tur,
376 3855 594 3915 nostro
640 3855 855 3916 tamen
899 3850 1105 3916 studio
1149 3870 1267 3937 pro
1312 3871 1466 3938 pace
1513 3849 1858 3918 Mindensis
1906 3850 2206 3918 ecclesiae
2252 3850 2538 3916 devotius

168 3966 549 4049 annitente,
604 3966 766 4033 sicut
810 3965 989 4032 vobis
1033 3965 1385 4051 placuerat,
1430 3967 1780 4054 perfectum
1826 3973 1940 4034 est.
2032 3966 2217 4050 Nam,
2264 3966 2537 4052 acceptis

166 4083 251 4150 de
304 4102 511 4149 manu
552 4088 771 4149 nostra
813 4081 1015 4148 tribus
1060 4080 1315 4147 talentis
1360 4103 1779 4167 nummorum,
1830 4103 2078 4150 omnem
2123 4080 2443 4168 querelam
2474 4085 2537 4146 et

165 4200 526 4282 actionem,
574 4219 762 4284 quam
809 4199 1108 4265 adversus
1145 4198 1515 4282 magistrum
1546 4197 2028 4282 G(odeboldum)
2074 4197 2377 4263 hactenus
2422 4196 2534 4261 ha-

163 4316 435 4398 buerat,
484 4320 707 4401 sponte
749 4313 1064 4402 deposuit,
1111 4318 1175 4380 et
1208 4332 1354 4380 cum
1398 4335 1470 4381 eo
1516 4315 1585 4381 in
1627 4336 1844 4381 veram
1888 4334 2110 4401 pacem
2156 4317 2220 4380 et
2263 4313 2535 4397 gratiam

161 4433 429 4518 absque
485 4430 885 4499 simulatione
946 4436 1011 4498 et
1065 4429 1207 4497 dolo
1264 4430 1470 4496 rediit.
1651 4429 1968 4516 Rogamus
2024 4430 2238 4515 itaque
2283 4428 2534 4495 celsitu-

158 4549 403 4616 dinem
448 4552 758 4631 vestram,
817 4568 1006 4633 quam
1062 4566 1211 4613 vera
1267 4545 1330 4612 in
1377 4545 1648 4613 Domino
1695 4547 1957 4613 caritate
2000 4545 2347 4633 plurimum
2392 4544 2534 4611 dili-

1986 4658 2109 4715 28*
