3319 5242
901 431 1199 479 wnuLm
1240 430 1614 480 nnsromn
1653 431 1746 478 3¹1⁶
1764 431 1935 478 -377,
2457 415 2591 484 505

426 569 565 638 Hoc
605 569 748 638 ideo
792 570 1081 662 glicimus,
1128 573 1294 660 quod
1337 575 1635 661 princeps
1680 578 1913 659 noster,
1959 574 2241 642 nondum
2284 580 2356 643 ut
2390 576 2591 645 credi·
2624 585 2768 642 1152

245 707 389 755 mus
435 707 742 755 annorum
786 688 1068 774 triginta,
1113 689 1234 756 fuit
1280 690 1545 758 antehac
1587 690 1840 775 ingenio
1876 711 2040 777 acer,
2087 691 2348 759 consilio
2378 713 2591 780 prom·
2633 659 2765 707 Μ

242 809 348 872 tus
361 854 381 889 ,
442 803 603 871 bello
655 803 808 871 felix
821 853 841 888 ,
895 825 1109 872 rerum
1155 806 1494 873 arduarum
1540 812 1604 874 et
1646 807 1884 891 gloriae
1931 813 2266 896 appetens,
2322 809 2592 878 iniuriae

243 921 502 988 omnino
530 921 892 1009 impatiens,
930 920 1198 990 affabilis
1229 942 1303 990 ac
1331 922 1630 1008 liberalis,
1665 928 1728 990 et
1757 922 2082 1011 splendide
2111 924 2383 992 disertus
2412 927 2592 994 iuxta

239 1036 480 1122 gentile
530 1037 803 1104 idioma·
856 1037 1109 1123 linguae
1164 1060 1333 1107 suae.
1520 1033 1773 1124 Augeat
1823 1040 1892 1106 in
1948 1061 2022 1108 eo
2077 1040 2251 1107 Deus
2309 1043 2589 1109 omnium

239 1154 553 1221 virtutum
606 1154 1024 1239 nutrimenta,
1080 1160 1154 1222 ut
1208 1157 1402 1223 faciat
1455 1156 1760 1222 iudicium
1818 1161 1881 1223 et
1925 1156 2240 1224 iusticiam
2284 1158 2353 1224 in
2396 1164 2585 1227 terra.

236 1268 332 1338 Et
384 1270 472 1337 sit
512 1270 834 1338 vobiscum
891 1272 1105 1356 magni
1161 1271 1408 1339 consilii
1465 1271 1725 1358 angelus
1738 1272 1783 1358 ¹³,
1840 1279 1912 1340 ut
1957 1273 2287 1341 declaretis
2331 1295 2475 1341 eum
2520 1276 2589 1342 in

236 1406 461 1471 regem
504 1405 579 1454 ac
622 1386 1014 1455 defensorem
1053 1387 1335 1455 Romane
1379 1389 1747 1473 aecclesiae3
1807 1394 1871 1456 et
1909 1388 2025 1456 illa
2064 1390 2192 1478 ipsi
2237 1410 2311 1457 ac
2351 1391 2586 1477 princi-

234 1502 431 1597 pibus
475 1503 610 1570 suis
651 1503 859 1572 facere
899 1505 1265 1590 iniungatis,
1312 1526 1473 1592 quae
1517 1506 1599 1572 ad
1640 1506 1942 1573 honorem
1980 1506 2320 1574 catholicae
2352 1507 2585 1575 aeccle-

237 1620 392 1688 siae·
421 1623 488 1687 et
527 1619 796 1689 salutem
840 1621 1061 1710 populi
1104 1622 1431 1689 christiani
1472 1619 1823 1710 proficiant.

241 1833 425 1905 376.
467 1835 798 1903 Hem-im
840 1840 1052 1925 reqiae
1111 1841 1321 1906 curiae
1377 1840 1656 1903 notarius
1696 1837 2048 1904 Wibaldum
2094 1839 2368 1926 exayitat
2412 1849 2469 1903 et
2512 1839 2589 1904 de

465 1944 666 2032 siyillo
712 1945 1012 2033 bullisque
1056 1948 1262 2011 aua-eis
1304 1946 1581 2011 nondum
1609 1947 1811 2011 missis
1852 1956 1911 2011 et
1940 1946 2016 2011 de
2044 1947 2301 2012 verbosa
2331 1948 2589 2033 epistola

470 2052 558 2117 ad
587 2074 833 2138 papam
876 2054 1191 2119 mittenda.
1262 2054 1366 2119 De
1408 2076 1554 2141 reye
1599 2054 1791 2118 addit.
2264 2051 2372 2133 (M.
2407 2053 2585 2136 347.)

421 2174 694 2242 Domino
741 2196 852 2241 suo
901 2175 1129 2243 dilecto
1159 2175 1500 2259 W(ibaldo)
1547 2175 1910 2243 Corbeiensi
1956 2174 2168 2242 abbati
2198 2174 2584 2259 H(einricus)
2625 2186 2766 2242 1152

231 2293 453 2378 regiae
499 2293 709 2359 curiae
752 2292 1036 2358 notarius
1083 2271 1410 2359 servitium
1457 2292 1642 2359 servi.
2622 2260 2755 2308 ω

423 2407 742 2496 Sapientis
788 2416 903 2495 est,
948 2409 1345 2497 propositum
1397 2408 1518 2475 sibi
1562 2408 1894 2492 negocium
1939 2427 2017 2474 ex
2062 2406 2323 2475 consilio
2370 2413 2435 2475 et
2479 2408 2585 2475 de-

230 2526 616 2594 liberatione
659 2526 1157 2614 promovendum
1203 2545 1551 2610 assumere,
1599 2529 1995 2611 assumptum
2039 2529 2444 2611 compensata
2486 2545 2586 2592 re-

230 2664 386 2712 rum
431 2648 496 2710 et
522 2643 826 2731 temporis
858 2643 1286 2731 oportunitate
1316 2640 1564 2709 effectui
1596 2641 1979 2729 mancipare.
2047 2641 2585 2727 Bavenbergensis

233 2759 575 2848 episcopus
596 2755 631 2843 ¹,
677 2760 776 2826 vir
820 2743 1096 2847 prudens
1144 2764 1207 2826 et
1251 2764 1565 2844 constans,
1612 2758 1696 2825 ad
1738 2759 2162 2845 peragendam
2207 2757 2584 2845 legationem

229 2992 537 3077 misistis,
598 3012 676 3058 ex
732 2996 916 3079 parte
960 2996 1175 3058 vestra
1185 3002 1227 3076 ⁰,
1287 2992 1414 3058 iam
1460 2990 1700 3057 dudum
1744 2990 2096 3056 succinctus
2143 2992 2222 3056 ad
2266 2991 2417 3075 iter,
2476 3012 2584 3059 ex-

229 3113 501 3198 spectat.
582 3107 710 3174 Vos
768 3113 978 3175 autem
1032 3108 1235 3175 nudas
1290 3107 1535 3174 litteras
1595 3106 1678 3173 ad
1736 3125 1893 3192 opus
1951 3105 2165 3173 domni
2231 3101 2433 3191 regis'
2501 3107 2584 3174 ad

230 3226 483 3295 curiam
526 3225 990 3292 transmisistis,
1062 3224 1268 3309 Certe,
1315 3223 1371 3291 si
1405 3222 1587 3290 nobis
1618 3226 1801 3288 tanta
1833 3227 1999 3288 esset
2041 3222 2224 3309 copia
2264 3221 2581 3289 bullarum

231 3362 596 3426 aurearum,
644 3347 879 3427 quanta
921 3341 1277 3426 verborum,
1322 3339 1556 3425 legatio
1601 3337 1819 3404 domni
1846 3337 2025 3421 regis·
2060 3357 2138 3404 ex
2183 3339 2353 3405 omni
2396 3343 2580 3426 parte

228 3462 533 3547 promota
589 3462 653 3525 et
705 3462 1023 3524 maturata
1075 3458 1205 3524 iam
1260 3457 1495 3524 dudum
1550 3454 1979 3543 processisset.
2158 3453 2257 3522 De
2301 3459 2472 3522 statu
2518 3460 2581 3522 et

231 3593 543 3664 processu
587 3575 802 3641 domni
847 3574 1014 3658 regis
1060 3574 1274 3641 sciatis
1288 3624 1307 3659 ,
1366 3574 1517 3661 quia
1559 3573 1718 3642 bene
1763 3592 1953 3639 sanus
1999 3575 2097 3639 est
2140 3576 2233 3657 et,
2291 3572 2579 3640 omnibus

203 3692 311 3760 ¹in
340 3691 627 3759 Traiecto
670 3691 795 3759 rite
837 3691 1131 3779 peractis,
1177 3710 1293 3779 per
1322 3689 1738 3758 Daventriam
1764 3709 1986 3757 versus
2018 3693 2234 3776 partes
2266 3688 2580 3756 Saxoniae

230 3806 542 3896 procedit.

240 3992 423 4066 377.
460 3994 778 4061 Wibaldus
808 3992 1102 4059 Heinrico
1146 3995 1387 4057 notario
1432 4016 1559 4058 non
1588 3996 1723 4059 sine
1752 3994 2027 4059 molestia
2055 3995 2349 4073 rescribit,
2396 4016 2579 4080 seque

466 4103 543 4168 de
585 4103 801 4190 siqillt's
845 4101 1142 4188 bullisque
1190 4101 1395 4166 aureis
1427 4113 1683 4188 purgat.
1751 4102 1926 4169 Num
1966 4125 2081 4166 rex
2111 4101 2431 4166 Corbeiam
2460 4102 2578 4163 im-

462 4233 571 4274 rus
612 4211 708 4291 sit,
753 4210 909 4274 scire
949 4208 1092 4272 vult.
2257 4203 2365 4287 (M.
2398 4204 2575 4287 348.)

419 4331 646 4400 Frater
673 4329 1049 4415 W(ibaldus)
1079 4329 1201 4398 Dei
1230 4329 1438 4415 gratia
1464 4331 1553 4416 id,
1583 4331 1751 4417 quod
1794 4336 1891 4399 est
1930 4330 1999 4397 in
2032 4328 2332 4397 aecclesia
2362 4328 2575 4397 catho-
2614 4345 2753 4402 1152

386 4481 428 4514 a.
469 4466 672 4513 indicna
701 4483 741 4513 c.
862 4465 910 4513 b.
940 4464 1202 4524 angelornm
1235 4482 1275 4512 c.
1398 4477 1438 4511 c.
1481 4464 1624 4511 vestri
1655 4482 1694 4511 e.
2620 4419 2732 4481 Apr’

386 4546 440 4600 1.
473 4542 843 4601 Eberhardns.
986 4543 1037 4599 2.
1077 4540 1163 4600 Of.
1188 4557 1274 4613 ep.
1302 4542 1410 4598 374
1445 4556 1614 4612 supra
1645 4557 1703 4612 p.
1728 4542 1831 4598 501
1869 4557 1924 4597 n.
1948 4540 2003 4597 5.
