3319 5242
225 648 385 715 Quod
421 649 655 704 maxime
691 648 763 704 de
797 648 957 705 nobis
1031 690 1043 703 .
1120 691 1133 704 .
1206 691 1219 703 .
1294 653 1399 706 225
1468 650 1765 707 Scribimus
1800 651 1901 706 tibi
1938 667 2008 706 en
2092 691 2459 706 .....
2533 654 2637 708 205

223 737 383 802 Quod
420 739 723 808 negocium,
760 754 858 808 pro
895 754 1003 808 quo
1029 779 1042 791 .
1118 779 1130 793 .
1208 779 1221 792 .
1292 741 1398 795 519
1467 739 1695 810 Scripsit
1730 741 1936 795 dudum
1974 741 2245 796 maiestati
2269 781 2282 793 .
2356 779 2371 793 .
2445 780 2458 793 .
2529 741 2635 796 427

223 826 384 891 Quod
420 828 618 896 omnia,
655 842 797 896 quae
833 827 905 882 ad
939 867 953 881 .
1027 868 1039 880 .
1116 868 1129 880 .
1200 845 1212 858 ·
1291 829 1396 883 599
1466 827 1695 899 Scripsit
1728 829 1885 885 nobis
1920 829 2152 885 eruditio
2178 869 2191 883 .
2267 869 2279 882 .
2355 868 2369 882 .
2445 868 2457 881 .
2533 830 2637 883 140

225 914 385 980 Quod
420 931 519 984 per
552 914 811 977 sublimes
852 955 1218 970 .....
1290 919 1396 972 399
1465 916 1693 987 Semper
1727 918 2024 987 apostolica
2058 918 2219 973 sedes
2264 956 2279 971 .
2354 956 2368 970 .
2444 957 2455 969 .
2528 918 2634 972 566

223 1003 386 1068 Quod
421 1019 509 1058 res
543 1009 760 1059 vestrae
795 1005 1066 1075 prosperis
1115 1045 1128 1058 .
1203 1045 1217 1058 .
1465 1005 1694 1075 Semper
1728 1008 1893 1062 moris
1930 1007 2101 1062 nostri
2174 1047 2187 1059 .
2266 1047 2277 1058 .
2353 1046 2365 1057 .
2441 1045 2453 1059 .
2562 1008 2635 1060 82

223 1092 385 1157 Quod
420 1092 558 1147 tanti
593 1098 651 1147 et
684 1098 798 1147 tam
845 1132 1215 1147 .....
1464 1093 1803 1150 Serenissimi
1839 1097 2190 1164 imperatores
2264 1132 2276 1145 .
2353 1133 2365 1147 .
2441 1133 2452 1145 .
2526 1095 2632 1149 579

1462 1181 1753 1238 Serenitati
1787 1190 2004 1240 vestrae
2039 1181 2287 1254 significo
2352 1221 2364 1234 .
2439 1221 2452 1234 .
2524 1183 2631 1237 595

1461 1270 1519 1326 Si
1556 1272 1627 1326 ad
1664 1273 1906 1342 regenda
1997 1310 2450 1325 ......
2526 1272 2629 1325 158

1460 1358 1518 1414 Si
1554 1361 1846 1415 assiduitas
1882 1360 2298 1415 familiaritatem
2345 1397 2358 1411 .
2434 1397 2447 1411 .
2520 1359 2626 1413 376

1459 1447 1517 1504 Si
1553 1464 1677 1504 cum
1715 1449 2026 1519 integritate
2081 1486 2448 1501 .....
2520 1448 2628 1502 563

1459 1536 1612 1592 Sicut
1649 1538 1796 1608 apud
1831 1544 2070 1594 vestram
2168 1575 2181 1590 .
2257 1576 2269 1589 .
2346 1575 2359 1588 .
2434 1575 2446 1588 .
2519 1536 2626 1604 409

1458 1625 1612 1681 Sicut
1647 1643 1683 1681 a
1716 1634 1927 1682 rectore
2080 1663 2448 1678 .....
2521 1624 2628 1678 490

1458 1713 1613 1771 Sicut
1646 1715 1892 1786 dignatio
1928 1719 2115 1769 vestra
2166 1752 2181 1766 .
2258 1752 2270 1765 .
2347 1753 2360 1765 .
2437 1753 2448 1764 .
2520 1713 2627 1767 302

1457 1802 1612 1859 Sicut
1647 1805 1859 1859 diutina
1894 1802 2143 1858 absentia
2171 1840 2184 1855 .
2258 1840 2271 1853 .
2347 1840 2359 1852 .
2435 1840 2447 1854 .
2519 1801 2623 1856 317

1456 1891 1611 1948 Sicut
1645 1893 1863 1949 divinae
1898 1889 2321 1962 preordinationi
2344 1927 2357 1940 .
2432 1929 2443 1941 .
2521 1890 2625 1944 103

1455 1980 1610 2037 Sicut
1643 1981 1833 2037 divina
1867 1980 2139 2036 ordinavit
2167 2018 2180 2032 .
2256 2017 2269 2032 .
2344 2017 2358 2030 .
2432 2016 2445 2029 .
2521 1979 2624 2033 102

1456 2068 1610 2125 Sicut
1644 2069 1832 2125 divina
1866 2069 2138 2124 ordinavit
2167 2107 2179 2120 .
2258 2107 2269 2118 .
2342 2106 2357 2119 .
2433 2106 2445 2117 .
2522 2068 2624 2122 102

1455 2157 1609 2213 Sicut
1642 2159 1700 2213 in
1734 2158 2059 2213 detrimento
2166 2195 2180 2208 .
2256 2194 2268 2207 .
2343 2194 2356 2208 .
2431 2193 2444 2208 .
2518 2156 2624 2210 210

1454 2245 1610 2301 Sicut
1642 2245 1939 2301 infidelium
1976 2250 2189 2301 mentes
2254 2283 2266 2296 .
2341 2282 2352 2294 .
2430 2282 2443 2296 .
2516 2244 2623 2297 300

1454 2332 1608 2389 Sicut
1642 2336 1700 2389 in
1735 2335 1929 2390 litteris
1964 2334 2162 2389 vestris
2256 2373 2266 2384 .
2343 2372 2354 2384 .
2429 2371 2441 2384 .
2513 2332 2620 2386 459

1453 2422 1607 2478 Sicut
1640 2424 1783 2479 inter
1817 2439 1905 2479 me
1941 2428 1998 2478 et
2072 2488 2075 2493 .
2077 2460 2440 2475 .....
2518 2421 2621 2474 160

1455 2512 1609 2566 Sicut
1642 2511 1928 2568 manifeste
1963 2517 2177 2567 vestra.
2253 2550 2265 2563 .
2341 2551 2353 2564 .
2427 2549 2440 2562 .
2516 2510 2620 2563 155

1456 2599 1609 2656 Sicut
1643 2600 1801 2657 nobis
1838 2600 2186 2672 significastis
2252 2641 2263 2653 .
2341 2639 2353 2653 .
2428 2639 2441 2654 .
2518 2599 2621 2654 140

1456 2691 1608 2745 Sicut
1642 2690 1808 2746 officii
1844 2692 2014 2746 nostri
2077 2728 2439 2743 .....
2513 2689 2618 2742 329

1455 2779 1609 2835 Sicut
1641 2781 1898 2851 parvitati
1936 2794 2089 2834 meae
2164 2819 2175 2831 .
2251 2818 2263 2829 .
2340 2818 2350 2829 .
2427 2817 2438 2829 .
2512 2778 2618 2832 522

1455 2868 1608 2923 Sicut
1639 2870 1981 2939 paternitatis
2015 2873 2264 2923 vestrae.
2341 2907 2350 2917 .
2427 2906 2438 2918 .
2511 2866 2617 2921 479

1453 2955 1607 3012 Sicut
1638 2973 1740 3028 per
1772 2959 1880 3013 alia
1913 2956 2234 3012 sratemitati
2339 2995 2350 3007 .
2427 2994 2439 3007 .
2512 2955 2619 3010 554

1453 3046 1606 3101 Sicut
1640 3047 1882 3116 propicia
1916 3046 2172 3101 divinitas
2250 3083 2262 3097 .
2340 3084 2351 3096 .
2425 3082 2438 3097 .
2510 3045 2615 3098 366

1452 3133 1605 3189 Sicut
1638 3141 1858 3190 vestrae
1895 3134 2202 3190 celsitudini
2249 3174 2259 3184 .
2336 3172 2347 3184 .
2424 3172 2435 3184 .
2509 3133 2615 3186 298

1449 3222 1508 3278 Si
1544 3225 1895 3279 excellentiae
1931 3229 2146 3278 vestrae
2248 3262 2259 3273 .
2335 3261 2347 3274 .
2423 3260 2436 3273 .
2508 3221 2614 3275 383

1448 3311 1829 3381 Significamus
1867 3311 2207 3368 universitati
2246 3349 2258 3363 .
2334 3349 2346 3361 .
2421 3348 2434 3361 .
2506 3310 2610 3364 341

1448 3400 1829 3471 Significamus
1863 3400 2038 3470 vobis,
2074 3399 2221 3469 quod
2247 3440 2257 3450 .
2332 3438 2344 3451 .
2422 3439 2433 3451 .
2507 3399 2613 3454 605

1446 3488 1503 3544 Si
1539 3491 1596 3544 in
1631 3490 1790 3546 vobis
1826 3505 1934 3545 non
1970 3488 2291 3544 remanserit
2334 3529 2345 3540 .
2421 3527 2433 3540 .
2541 3488 2609 3543 81

1446 3578 1785 3634 Sinceritatis
1820 3585 2038 3634 vestrae
2074 3578 2258 3647 apices
2332 3617 2342 3629 .
2420 3617 2431 3628 .
2505 3577 2608 3631 211

1445 3668 1782 3723 Sinceritatis
1816 3673 2032 3723 vestrae
2068 3667 2273 3721 litteras
2332 3705 2344 3718 .
2418 3705 2430 3717 .
2507 3666 2610 3720 136

1444 3755 1752 3812 Sinceritati
1786 3763 1913 3812 tuae
1950 3761 2170 3812 notum.
2247 3794 2260 3807 .
2334 3794 2345 3806 .
2419 3793 2433 3807 .
2502 3755 2609 3810 449

1443 3844 1501 3900 Si
1537 3852 1723 3902 nostre
1759 3845 2042 3916 parvitatis
2068 3881 2429 3897 .....
2502 3843 2605 3897 361

1442 3932 1500 3989 Si
1537 3935 1809 4004 palatinus
1844 3949 2027 3989 comes
2065 3969 2427 3984 .....
2500 3932 2609 3986 560

1442 4021 1502 4077 Si
1535 4023 1859 4078 universalis
1895 4019 2192 4077 aecclesiae
2239 4058 2250 4070 .
2326 4058 2337 4069 .
2414 4057 2426 4071 .
2498 4021 2605 4075 489

1438 4108 1501 4174 si
1532 4112 1680 4167 vivis
1716 4116 1773 4166 et
1805 4111 1957 4165 vales
2064 4146 2426 4161 .....
2499 4109 2607 4163 380

1439 4196 1500 4254 Si
1534 4215 1635 4254 vos
1673 4215 1796 4255 cum
1833 4198 2008 4253 salute
2061 4234 2424 4248 .....
2498 4198 2607 4252 564

1439 4286 1629 4343 Solent
1664 4288 1908 4344 homines
1944 4286 2076 4340 artis
2150 4324 2161 4336 .
2237 4323 2248 4335 .
2324 4322 2337 4336 .
2412 4324 2425 4336 .
2500 4286 2605 4341 194

1439 4375 1826 4432 Sollicitudinis
1861 4381 2078 4430 vestrae
2112 4371 2280 4428 verbo
2324 4413 2335 4425 .
2412 4414 2424 4425 .
2496 4375 2604 4430 445

1438 4463 1797 4520 Sollicitudini
1831 4470 2047 4520 vestrae
2083 4463 2253 4518 artius
2326 4502 2338 4515 .
2413 4502 2425 4515 .
2496 4464 2603 4519 466

1339 4553 1362 4567 ”
1438 4552 1738 4611 Succenset
1772 4552 1930 4610 nobis
1964 4553 2131 4609 etiam
2236 4592 2247 4604 .
2324 4592 2335 4604 .
2412 4593 2422 4603 .
2497 4554 2603 4607 330
