3319 5242
944 453 1242 504 mnam
1283 455 1656 505 nme-romu
1696 456 1805 503 212.
1841 456 1948 503 218.
2482 441 2607 507 331

280 597 321 668 2
335 598 371 668 l
386 597 456 668 2.
497 601 843 666 Βσὸοιαὶάω
876 596 1274 687 praepositus
1310 599 1847 667 Hildesheimensis
1889 600 2171 668 Wt‘baldo
2218 604 2444 678 scribit,
2490 606 2615 667 Ar-

495 718 752 782 noldmn
790 717 836 782 I
880 717 1407 804 archiepiscopum
1462 717 1877 781 Coloniensem
1934 740 2000 782 se
2053 740 2307 783 munere
2364 719 2617 785 abdica-

498 845 737 916 mrum5
781 832 1133 900 Wibaldum
1178 832 1344 897 illius
1385 855 1791 898 successorem
1835 833 2133 900 denotari.
2205 834 2353 902 Sese
2399 836 2499 900 die
2527 835 2617 901 25

479 935 859 1016 'Decembris
904 949 1196 1014 Coloniae
1226 948 1396 1036 fore.
1464 949 1775 1014 Mandata
1808 951 2028 1035 poscit.
2292 948 2402 1030 (Μ.
2436 950 2616 1032 209.)

451 1081 725 1148 Domino
772 1101 884 1147 suo
907 1079 1217 1165 Wibaldo,
1262 1080 1565 1148 laudabili
1600 1102 1717 1169 per
1747 1083 1963 1149 omnia
1992 1082 2203 1149 abbati
2230 1084 2298 1149 in
2331 1082 2615 1169 Corbeia,
2654 1095 2793 1151 1149

270 1198 668 1281 Meinaldus)
712 1197 989 1264 humilis·
1013 1198 1372 1284 prepositus
1419 1198 1787 1284 obsequium
1834 1218 1978 1265 cum
2024 1199 2430 1266 orationibus.
2667 1169 2778 1217 ⁰⁶⁰·

450 1314 763 1382 Reversus
829 1314 909 1381 de
965 1313 1227 1380 Colonia
1291 1335 1494 1401 nuper
1557 1315 1822 1381 nuncius
1880 1335 2057 1383 meus
2114 1315 2621 1384 constantissime

271 1431 552 1499 asseruit
593 1436 658 1498 et
699 1431 946 1516 asserit,
990 1431 1291 1497 domnum
1339 1431 1878 1519 archiepiscopum
1899 1428 1915 1460 ¹
1957 1433 2093 1499 sine
2130 1433 2622 1500 contradictione

268 1549 347 1616 ab
409 1547 756 1635 episcopali
811 1567 963 1614 cura
1018 1552 1081 1614 et
1136 1547 1441 1631 dignitate
1497 1554 1908 1615 cessaturum.
2001 1548 2267 1616 Addidit
2308 1555 2618 1637 preterea,

268 1666 306 1732 a
347 1664 775 1732 familiaribus
819 1664 977 1731 meis
1023 1664 1310 1731 auditum
1355 1669 1419 1730 et
1451 1670 1862 1751 compertum,
1909 1686 2021 1732 vos
2054 1686 2477 1734 successorem
2507 1687 2619 1734 an-

266 1781 514 1864 notari3
562 1780 728 1867 quod
754 1780 932 1847 vobis
979 1781 1225 1868 aperire
1271 1779 1530 1865 dignum
1578 1781 1749 1846 duxi.
1827 1781 2135 1869 Quicquid
2174 1784 2389 1869 itaque
2430 1804 2620 1870 super

267 1899 391 1966 hac
435 1918 511 1965 re
553 1902 764 1966 vestra
807 1897 1066 1981 elegerit
1108 1897 1434 1983 discretio,
1479 1897 1673 1964 michi
1716 1896 2080 1966 fidelissimo
2127 1905 2335 1968 vestro
2378 1900 2620 1970 relitte-

266 2015 473 2083 rando
521 2014 829 2097 insinuet3
890 2019 953 2081 et
995 2034 1139 2081 mea
1181 2015 1430 2081 devotio
1475 2019 1727 2082 vestrae
1769 2014 2079 2083 voluntati
2125 2021 2188 2083 et
2229 2016 2619 2104 beneplacito

268 2132 746 2200 accuratissime
802 2131 1165 2198 satisfacere
1216 2130 1510 2198 studebit.
1602 2131 1678 2198 In
1720 2131 1841 2199 hac
1884 2133 2052 2199 enim
2096 2133 2444 2200 nativitatis
2491 2134 2619 2201 Do-

266 2250 432 2316 mini
479 2244 936 2315 sollemnitate²
980 2241 1168 2313 illuc⁸
1206 2247 1477 2313 transire
1508 2247 1827 2335 disposui3
1875 2253 1939 2316 et
1969 2249 2024 2315 si
2055 2249 2205 2335 quid
2235 2249 2337 2316 vel
2366 2251 2620 2337 scriptis

267 2366 372 2434 vel
419 2364 632 2432 verbis
683 2363 1073 2452 simplicibus
1119 2364 1412 2450 cuiquam
1454 2362 1733 2431 fidelium
1777 2370 2131 2433 vestrorum
2174 2367 2472 2434 mandare
2516 2387 2619 2433 co-

267 2483 515 2568 gitatiS,
561 2481 962 2549 devotissime
1004 2501 1294 2567 exequar.
1357 2478 1582 2548 Valeat
1609 2482 1961 2582 paternitas
1992 2487 2202 2551 vestra
2228 2483 2298 2549 in
2326 2483 2617 2551 Domino.

274 2697 367 2768 21
384 2696 458 2768 3.
495 2698 812 2765 Wibaldus
862 2698 1172 2763 Reinaldo
1217 2700 1580 2785 praeposito
1627 2697 2139 2765 Hildesheimensi
2192 2702 2497 2781 rescribit,
2554 2712 2623 2767 ut

499 2815 577 2880 de
620 2815 802 2880 rebus
849 2814 1305 2879 Coloniensibus
1350 2826 1525 2880 caute
1571 2826 1736 2902 aqat.
2299 2813 2407 2899 (M.
2443 2814 2618 2897 210.)

455 2946 818 3014 Reverendo
869 2946 1054 3013 fratri
1099 2951 1164 3012 et
1207 2946 1405 3013 amico
1452 2967 1564 3014 suo
1609 2946 1963 3030 R(einaldo)
2007 2948 2351 3015 venerabili
2394 2968 2620 3037 prepo-
2657 2960 2794 3017 1149

271 3068 398 3134 sito
457 3065 658 3132 frater
700 3061 1076 3146 wibaldus)
1122 3061 1244 3129 Dei
1298 3063 1505 3146 gratia
1557 3062 1654 3148 id,
1712 3064 1878 3149 quod
1922 3068 2019 3130 est
2061 3064 2127 3130 in
2173 3065 2474 3133 aeeclesia
2516 3087 2619 3133 ca·
2668 3035 2778 3083 ¹³⁰⁰·

268 3183 530 3266 thalisa,
574 3179 1072 3248 benedictionem
1118 3184 1182 3247 et
1224 3179 1422 3245 vitam
1466 3200 1664 3267 usque
1708 3181 1778 3246 in
1823 3180 2118 3247 seculum.

454 3297 625 3365 Visis
676 3296 1056 3364 sinceritatis
1102 3301 1249 3363 tuae
1291 3295 1551 3382 litteris,
1606 3296 1954 3384 plurimum
1998 3297 2201 3381 gavisi
2245 3318 2459 3364 sumus
2472 3348 2491 3383 ,
2544 3318 2617 3366 eo

271 3415 446 3504 quod
489 3417 822 3503 provectus
869 3417 1117 3479 nostros
1161 3417 1341 3480 tanta
1382 3410 1530 3479 fidei
1574 3413 1930 3479 constantia
1974 3412 2182 3498 diligis
2229 3419 2294 3481 et
2335 3414 2517 3482 nobis
2548 3416 2619 3482 in

268 3555 342 3602 re
385 3531 661 3600 necdum
706 3530 1015 3597 existente
1059 3534 1192 3595 tam
1235 3528 1523 3596 benivolo
1569 3531 1779 3596 animo
1826 3530 2182 3615 gratularis.
2250 3528 2361 3598 Set
2389 3531 2618 3600 obnixe

270 3656 454 3717 tuam
498 3647 925 3715 sinceritatem
969 3665 1299 3712 exoramus
1313 3695 1332 3731 ,
1377 3666 1459 3713 ne
1501 3645 1661 3713 illud
1705 3667 1875 3732 agas,
1923 3646 2109 3732 quod,
2157 3648 2404 3715 etiamsi
2450 3649 2616 3717 vires

271 3770 533 3834 nostrae
587 3764 752 3830 ferre
808 3767 1094 3850 possent,
1153 3763 1665 3850 intempestivum
1714 3769 1810 3830 est
1855 3763 1958 3848 agi
2004 3769 2086 3847 et,
2131 3783 2273 3831 cum
2318 3765 2619 3851 prodesse

271 3882 484 3971 possit
535 3878 758 3964 nichil,
815 3878 983 3945 obsit
1032 3877 1394 3966 plurimum.
1489 3879 1813 3967 Siquidem
1856 3880 2163 3965 invidiae,
2219 3881 2615 3968 suspicionis,

275 3999 407 4065 odii
452 3997 736 4064 fomitem
779 3996 1140 4063 ministrare
1184 4000 1412 4083 potest.
1502 3994 1924 4063 Audieramus
1972 3997 2244 4083 quidem,
2292 3998 2610 4065 dominum

274 4120 341 4181 et
399 4118 648 4201 patrem
700 4117 988 4179 nostrum
1044 4110 1477 4179 Coloniensem
1535 4113 2072 4201 archiepiscopum
2131 4114 2171 4180 a
2224 4114 2493 4180 dominis
2551 4119 2617 4182 et

274 4229 565 4317 patribus
608 4230 840 4296 nostris
870 4227 1258 4296 coloniensis
1304 4230 1601 4298 ecclesiae
1632 4229 1949 4317 prioribus
1979 4228 2310 4314 diligenter
2338 4248 2612 4296 commo-

273 4346 437 4430 neri,
482 4350 573 4430 ut,
608 4346 904 4432 quoniam
933 4346 1306 4430 dignitatem
1340 4345 1636 4414 ecclesiae
1667 4366 1817 4413 suae
1847 4351 1911 4413 et
1939 4345 2177 4412 ordinis
2210 4347 2309 4413 sui
2339 4344 2611 4413 officium

273 4461 595 4547 negligere
633 4462 883 4531 videtur
926 4469 994 4532 et
1031 4463 1163 4529 iam
1207 4468 1338 4529 tam
1384 4464 1592 4530 animo
1638 4483 1828 4549 quam
1871 4481 2134 4549 corpore
2176 4461 2469 4533 deficiens
2515 4463 2609 4530 la-

423 4578 473 4632 1.
509 4575 815 4633 Amoldum
854 4575 896 4631 1.
1038 4577 1090 4631 2.
1132 4576 1269 4632 1149
1305 4575 1438 4633 Deo.
1465 4577 1550 4633 25.
1696 4577 1749 4631 3.
1785 4574 2084 4634 coloniam.
