3319 5242
914 435 1214 484 wmanm
1255 434 1628 485 nrm-om
1670 436 1777 484 που.
1812 434 1918 483 201.
2450 415 2581 484 319

265 574 555 661 volumus,
601 581 695 662 ut,
722 575 972 644 rediens
1001 576 1137 644 Deo
1167 582 1578 665 prosperante
1609 577 1692 644 ad
1719 597 1833 644 nos
1853 572 1888 662 ¹,
1927 575 2088 644 nulli
2113 572 2475 643 mortalium
2503 576 2582 643 de
2666 582 2802 637 1149

264 711 440 759 causa
479 698 718 778 nostra,
763 693 889 760 nisi
929 694 1134 779 nobis,
1180 694 1520 779 quidquam
1534 704 1556 729 ·
1599 693 1959 779 patefacias.
2030 692 2207 771 Quod
2247 698 2584 780 propterea
2616 655 2715 704 ⁰⁶⁸⁶
2733 657 2847 704 nov.

263 809 651 894 prudentiam
678 814 854 877 tuam
884 829 1244 877 ammonere
1271 809 1652 897 putavimus,
1700 809 1867 893 quod
1893 808 2005 875 illa
2032 809 2584 895 impudentissima

261 923 332 992 de
358 921 623 993 Giseka²
649 925 966 994 rumorem
1010 926 1078 994 in
1122 926 1355 1013 populo
1386 925 1640 1012 sparsit,
1688 944 1755 991 se
1785 924 1871 1008 id,
1919 925 2085 1010 quod
2119 920 2322 1010 fecit⁸,
2369 932 2583 994 aucto-

260 1040 434 1108 ritate
477 1047 544 1109 et
585 1043 761 1111 iussu
805 1041 1021 1108 domni
1063 1042 1231 1126 regis
1274 1042 1529 1124 fecisse;
1578 1041 1746 1126 quod
1774 1039 1984 1108 nullus
2013 1040 2418 1109 honestorum
2446 1063 2582 1110 cre-

259 1155 395 1224 dere
422 1158 626 1226 debet.
771 1157 1082 1227 Perduces
1112 1178 1260 1225 vero
1288 1163 1499 1225 tecum
1527 1160 1915 1245 presentium
1944 1159 2228 1244 latorem,
2261 1159 2369 1245 qui
2396 1159 2582 1226 fami-

257 1270 504 1341 liaribus
559 1274 794 1342 nostris
851 1275 932 1342 de
985 1274 1163 1341 curia
1216 1276 1455 1362 scripta
1509 1272 1761 1344 nostra*
1818 1275 2128 1364 perferat,
2186 1280 2250 1343 et
2305 1275 2387 1342 ad
2441 1296 2580 1360 nos,

258 1408 613 1477 quecunque
653 1390 991 1477 inveneris,
1035 1388 1306 1458 fideliter
1348 1390 1600 1459 referat.

261 1625 427 1699 201.
462 1632 783 1699 Wibaldus
826 1657 869 1698 a
915 1633 1200 1698 Conrado
1244 1631 1358 1698 ΙΙΙ
1384 1656 1529 1719 reqe
1561 1636 1751 1719 petit,
1804 1643 1876 1699 ut
1928 1635 2193 1700 iniurias
2249 1658 2292 1699 a
2331 1630 2582 1700 Iuditha

466 1750 778 1816 abbatim
825 1747 1143 1815 Giseleensi
1183 1749 1302 1815 sibu·
1341 1749 1550 1814 macas
1591 1749 1782 1815 tonat.
2260 1747 2368 1832 (M.
2401 1748 2581 1830 200.)

423 1879 648 1948 Inclito
692 1879 1137 1968 triumphatori
1167 1880 1207 1946 a
1233 1879 1368 1947 Deo
1399 1885 1694 1947 coronato
1730 1886 1796 1948 et
1838 1880 2134 1966 exaltato,
2182 1882 2580 1949 serenissimo
2661 1889 2801 1945 1149

256 1995 498 2063 domino
560 2017 674 2063 suo
730 1995 1068 2079 C(onrado)
1125 1995 1548 2063 Romanorum
1617 1998 1987 2084 imperatori
2052 2003 2316 2082 augusto
2384 1999 2582 2066 frater
2614 1963 2713 2012 (Μ’
2730 1964 2844 2012 Nov.

257 2110 626 2196 W(ibaldus)
655 2112 778 2180 Dei
809 2113 1016 2197 gratia
1040 2112 1128 2196 id,
1174 2113 1341 2198 quod
1373 2118 1471 2180 est
1510 2113 1581 2179 in
1609 2112 1915 2180 aecclesia
1942 2113 2267 2199 catholica,
2314 2114 2582 2182 salutem

254 2227 317 2294 in
359 2249 452 2315 eo,
502 2230 615 2316 qui
657 2229 769 2295 dat
810 2228 1080 2296 salutem
1121 2228 1374 2313 regibus
1388 2226 1429 2294 ⁶.

420 2345 767 2431 Postquam
811 2345 851 2411 a
890 2350 1103 2413 vestra
1152 2344 1525 2413 celsitudine
1572 2343 1941 2411 mandatum
1984 2346 2338 2432 accepimus
2351 2395 2371 2430 ,
2427 2366 2581 2432 qua·
2628 2366 2743 2424 Aug.

253 2463 414 2529 tinus
458 2461 772 2529 ordinatis
813 2460 1002 2529 rebus
1046 2462 1278 2528 nostris
1322 2462 1414 2528 ita
1457 2461 1735 2548 expediti
1788 2466 1852 2528 et
1893 2462 2103 2548 parati
2146 2482 2454 2546 essemus,
2510 2467 2584 2528 ut

255 2576 628 2664 legationem
671 2582 948 2645 vestram
992 2577 1074 2645 ad
1118 2578 1415 2646 domnum
1458 2598 1694 2666 papam
1740 2583 1805 2645 et
1847 2578 1929 2646 ad
1971 2579 2193 2647 urbem
2235 2577 2583 2646 Romanam

254 2714 387 2762 cum
443 2693 818 2763 cancellario
867 2690 1115 2760 vestro⁶
1157 2695 1227 2760 in
1282 2694 1458 2762 brevi
1512 2700 1797 2782 tempore
1849 2696 2302 2783 perferremus,
2363 2717 2581 2763 versus

256 2807 687 2879 stabulensem
731 2808 1116 2894 aecclesiam,
1166 2830 1326 2896 quae
1371 2811 1640 2878 assiduis
1683 2812 1898 2898 predis
1943 2817 2006 2879 et
2044 2813 2285 2899 rapinis
2315 2813 2581 2878 nimium

255 2927 329 2994 ab
369 2927 679 3016 improbis
724 2931 1008 3010 vexatur,
1053 2927 1559 3013 properavimus,
1605 2932 1707 3011 ut,
1755 2927 2170 3014 qualicunque
2212 2949 2368 3015 pace
2412 2948 2580 2995 com-

251 3045 483 3130 posita,
543 3042 625 3109 ad
668 3042 1108 3111 Corbeiensem
1162 3043 1528 3110 aecclesiam
1584 3043 1864 3110 securius
1920 3044 2190 3110 transire
2233 3064 2577 3130 possemus.

254 3158 320 3226 In
363 3181 485 3247 quo
533 3160 836 3247 temporis
880 3158 1230 3243 intervallo,
1277 3158 1568 3225 videlicet
1594 3159 1662 3225 in
1693 3159 1912 3243 vigilia
1947 3160 2297 3226 nativitatis
2327 3164 2581 3227 sanctae
2615 3176 2742 3237 Sept.
2762 3178 2791 3223 ἰ

253 3273 485 3344 Mariae
501 3325 522 3361 ,
578 3276 897 3344 abbatissa
950 3276 1064 3342 illa
1116 3275 1210 3342 de.
1239 3270 1504 3342 Giseka⁷
1546 3276 1616 3341 in
1659 3274 2171 3342 Kaminatensem
2215 3275 2582 3343 aecclesiam

254 3398 493 3459 armata
548 3412 739 3459 manu
795 3392 1082 3459 introivit
1137 3396 1229 3476 et,
1287 3392 1501 3459 eiectis
1545 3391 1693 3459 inde
1735 3391 2044 3458 violenter
2084 3391 2383 3460 fratribus
2427 3391 2581 3459 Cor-

256 3505 629 3593 beiensibus,
676 3529 830 3594 quos
876 3507 958 3574 ad
1002 3507 1399 3574 serviendum
1443 3507 1578 3573 Deo
1625 3528 1707 3574 ex
1747 3513 1957 3574 vestro
2003 3508 2301 3575 mandato
2347 3508 2582 3576 ibidem

255 3624 784 3708 ordinaveramus,
829 3624 1218 3711 prepositum
1262 3624 1629 3691 monasterii
1671 3623 1741 3689 in
1779 3622 2013 3691 flumen
2044 3625 2268 3691 iactari
2299 3626 2585 3713 precepit

255 3758 325 3805 ac
364 3740 595 3807 turrim
640 3739 936 3807 ecclesiae
979 3740 1292 3826 impositis
1338 3740 1598 3806 armatis
1633 3759 1707 3807 ac
1735 3739 2111 3808 victualibus
2143 3740 2578 3809 incastellavit.

254 3834 306 3920 E
348 3863 571 3924 contra
613 3855 1018 3923 Corbeienses
1062 3860 1196 3922 tam
1239 3854 1424 3923 liberi
1452 3876 1643 3943 quam
1682 3856 2147 3942 ministerialeS,
2194 3877 2337 3923 cum
2366 3862 2584 3924 nostra

255 3974 572 4057 presentia
614 3977 900 4039 carerent
942 3992 1145 4058 neque
1188 3978 1404 4040 nostro
1449 3971 1708 4039 consilio
1753 3973 1849 4038 uti
1891 3979 2168 4059 possent,
2214 3993 2403 4059 super
2446 3993 2582 4038 eos-

256 4085 391 4154 dem
435 4088 869 4157 malefactores
912 4088 1234 4154 irmeer
1279 4093 1362 4171 et,
1406 4088 1537 4155 vim
1568 4088 1632 4154 vi
1661 4087 2056 4176 repellentes,
2104 4110 2207 4155 eos
2239 4088 2317 4154 de
2348 4087 2581 4155 aeccle-

255 4202 347 4270 sia
388 4209 456 4273 et
495 4204 633 4271 loco
676 4224 819 4273 cum
862 4204 1210 4290 ignominia
1251 4204 1627 4291 expulerunt
1671 4209 1735 4271 et
1778 4204 2082 4291 quosdam
2126 4208 2341 4291 captos
2370 4221 2580 4271 secum

394 4369 439 4403 a.
479 4356 725 4418 quipquam
754 4375 794 4405 c.

391 4451 443 4506 1.
480 4450 784 4508 corbeiam.
926 4453 981 4508 2.
1015 4448 1237 4507 Iuditha
1269 4448 1566 4508 abbatissa.
1696 4450 1746 4505 3.
1787 4449 1926 4505 1149
1962 4447 2117 4519 Sept.
2141 4448 2191 4503 7.
2240 4447 2312 4505 V.
2340 4463 2428 4518 ep.
2453 4449 2577 4506 201.

256 4538 307 4594 4.
341 4554 472 4610 epp.
494 4542 596 4596 201
624 4546 685 4597 et
705 4542 830 4597 202.
970 4540 1025 4596 5.
1060 4540 1153 4596 Ps.
1181 4541 1299 4609 143,
1326 4541 1412 4596 10.
1554 4540 1608 4595 6.
1643 4538 1910 4595 Arnoldo.
2052 4538 2105 4594 7.
2140 4537 2378 4596 Iuditha.
