3319 5242
892 434 1190 482 wmanm
1230 433 1604 483 anemonas:
1646 434 1723 481 15.
1755 434 1829 481 16.
2441 416 2525 482 97

233 573 589 641 carissimum
654 579 942 641 nostrum
1010 575 1312 642 domnum
1369 576 1674 642 decanum
1733 572 2076 656 O(ttonem)
2134 579 2197 641 et
2252 574 2526 660 reliquos
2632 577 2773 632 1137

230 688 417 756 batres
462 695 713 757 nostros
760 698 823 758 et
865 691 1149 758 homines
1197 692 1274 758 de
1322 690 1550 758 Sancto
1596 690 1805 775 Petro,
1853 692 1961 776 qui
2004 688 2273 758 fideliter
2316 692 2528 758 nobis·
2554 650 2863 711 ¹³⁰⁸tN⁰''¹4

229 824 344 871 cum
392 808 458 873 in
513 807 917 874 tribulatione
969 812 1188 874 nostra
1231 813 1813 894 perseveraverunt.
1904 806 2304 875 Remittimus
2349 809 2528 875 vobis

229 921 450 989 anulum
503 945 699 989 unum
745 928 808 989 et
851 924 1130 1008 sigillum
1176 923 1494 1009 quondam
1536 929 1824 990 nostrum
1838 973 1856 1007 ,
1913 943 2027 1010 per
2074 945 2232 1009 quae
2277 924 2531 1011 plenam

226 1038 637 1107 refutationem
690 1040 768 1107 de
824 1040 1079 1107 abbatia
1135 1039 1465 1107 Casinensi
1518 1039 1820 1107 facientes
1835 1090 1853 1123 ,
1917 1060 2261 1125 numquam
2317 1046 2533 1106 tamen

2643 2123 2781 2178 1137

2566 2201 2673 2258 post
2686 2197 2800 2243 Nov.
2813 2197 2873 2243 14

384 2458 702 2539 Quantum
733 2461 959 2528 vestris
1006 2459 1469 2526 calamitatibus
1517 2479 1932 2543 commovear,
1980 2466 2283 2545 quantum
2314 2462 2539 2527 vestris

218 2577 642 2644 vexationibus
705 2577 1082 2664 compatiar,
1141 2576 1319 2643 novit
1375 2576 1696 2662 inspector
1751 2575 2034 2643 cordium
2079 2575 2271 2644 Deus.
2362 2574 2542 2644 Licet

219 2692 380 2758 enim
421 2692 838 2780 personaliter
880 2694 1057 2760 vobis
1103 2712 1219 2759 nec
1263 2692 1480 2758 adesse
1525 2712 1641 2759 nec
1684 2671 1977 2779 praeesse
2021 2693 2361 2777 valeamuS,
2412 2714 2541 2760 non

216 2806 450 2894 dispari
494 2815 706 2876 tamen
750 2809 1168 2877 sollicitudine
1214 2807 1619 2874 Casinensem
1667 2808 1995 2875 ecclesiam
2041 2815 2106 2877 et
2149 2830 2432 2876 amamus
2479 2815 2543 2876 et

219 2942 458 3012 semper
516 2925 882 2992 amabimus.
969 2924 1398 2991 Veruntamen
1453 2924 1601 3008 quia
1656 2924 1749 2990 sic
1805 2924 2021 2991 divina
2073 2926 2540 3012 praeordinatio

220 3037 523 3126 disposuit
567 3046 631 3107 et
675 3041 976 3128 temporis
1024 3039 1294 3126 qualitas
1338 3040 1572 3106 nostris
1618 3041 1863 3107 meritis
1910 3041 2294 3108 concordans
2326 3041 2540 3125 exigit,

219 3173 296 3220 ne
324 3177 432 3224 vos
465 3158 819 3245 sponsionis
847 3162 1095 3225 vestrae
1125 3156 1565 3244 praevaricata
1593 3155 1913 3241 obligatio,
1944 3177 2058 3222 nos
2088 3178 2237 3223 vero
2269 3157 2543 3243 suscepti

221 3273 536 3355 regiminis
583 3273 867 3357 neglecta
896 3273 1354 3339 administratio
1387 3278 1837 3359 perpetuarum
1865 3293 2212 3359 poenarum
2241 3273 2543 3339 obnoxios

224 3385 431 3473 faciat,
488 3409 602 3455 vos
657 3394 720 3456 et
763 3409 979 3456 omnes
1023 3390 1250 3456 fratres
1297 3388 1656 3455 Casinensis
1704 3388 1999 3456 ecclesiae
2045 3390 2124 3456 ab
2169 3389 2543 3473 obedientia,

227 3521 404 3588 quam
446 3505 630 3572 nobis
674 3505 1074 3592 promisistiS,
1120 3504 1402 3592 plenarie
1434 3504 1833 3571 absolvimus.
1908 3504 2209 3572 Similiter
2241 3511 2305 3571 et
2331 3505 2544 3589 laicos,

227 3621 332 3704 qui
377 3622 557 3689 nobis
613 3621 1008 3706 iuraverunt,
1063 3620 1295 3688 liberos
1356 3641 1395 3685 a
1449 3622 1859 3687 sacramentis
1904 3622 2034 3688 suis
2081 3642 2217 3688 esse
2261 3621 2546 3687 concedi-

227 3753 376 3802 mus.
554 3737 652 3804 Ne
698 3744 908 3805 autem
952 3737 1141 3804 ullius
1189 3737 1562 3822 aestimatio,
1608 3736 1790 3803 nobis
1836 3737 2239 3823 detrahendo,
2284 3758 2545 3824 peccare

228 3853 433 3938 possit,
481 3854 648 3921 sicut
688 3855 866 3921 vobis
913 3860 976 3921 et
1017 3853 1333 3940 plerisque
1377 3853 1679 3920 fratribus
1713 3858 1937 3920 notum
1965 3858 2082 3937 est,
2129 3874 2269 3920 cum
2303 3874 2342 3919 a
2369 3854 2546 3921 vobis

231 3967 549 4053 exivimus,
596 3969 769 4054 haec,
803 3991 962 4056 quae
998 3969 1356 4057 subscripta
1384 3974 1550 4053 sunt,
1600 3969 1903 4035 distracta
1932 3976 2129 4036 erant.
2199 3968 2547 4036 Landulfus

234 4079 488 4152 habebat
542 4087 610 4152 in
667 4087 927 4172 pignore
981 4106 1097 4173 pro
1145 4087 1229 4152 85
1275 4086 1454 4152 libris
1501 4084 1760 4152 calicem
1803 4106 2001 4151 unum
2048 4105 2335 4170 aureum,
2393 4086 2547 4152 duas

237 4215 433 4268 cruces
491 4222 715 4268 aureas
771 4222 914 4270 cum
967 4201 1283 4288 lapidibus
1297 4252 1316 4287 ,
1379 4201 1501 4268 duo
1561 4200 1940 4268 candelabra
1995 4207 2321 4286 argentea,
2383 4201 2550 4288 apud

243 4309 524 4384 Sanctum
567 4316 954 4385 Germanum
1005 4317 1452 4385 candelabrum
1507 4338 1704 4384 unum
1760 4322 2127 4402 argenteum
2178 4337 2295 4404 pro
2347 4317 2547 4383 tribus

241 4423 433 4517 libris,
475 4434 821 4501 turibulum
866 4455 1062 4501 unum
1103 4453 1220 4521 pro
1267 4435 1356 4501 30
1399 4433 1650 4516 solidis;
1707 4453 1867 4520 quae
1910 4433 2125 4501 omnia
2165 4455 2281 4522 per
2323 4452 2547 4499 manus

375 4561 413 4594 a.
451 4552 528 4608 Cf.
558 4567 697 4610 upra
725 4566 774 4610 p.
796 4550 856 4596 95
887 4569 929 4596 n.
955 4567 1000 4596 ο.

330 4632 474 4686 ami.
504 4637 789 4683 Bibliotheca
818 4637 854 4681 1.
2059 4635 2093 4689 Ἰ
