3319 5242
731 374 861 442 160
1431 394 1729 441 ἪΒΑῙΜ
1771 392 2146 442 arma-om
2187 392 2263 441 se.
2296 390 2372 439 ετ.

543 539 682 595 1148
727 535 809 601 ad
852 539 1266 602 memoratam
1311 533 1680 602 aecclesiam
1726 535 2059 620 accedatis,
2105 539 2179 600 ut
2221 534 2451 600 fratres
2497 533 2781 601 eiusdem
2821 531 2949 598 loci
2995 531 3070 600 de

526 614 636 674 Apr'
663 615 693 662 ⁸
728 650 933 719 alieno
979 650 1250 719 claustro
1294 651 1487 719 talem
1533 652 1654 726 sibi
1698 657 1910 719 vestro
1956 651 2216 718 consilio
2250 650 2486 735 eligant
2512 648 2786 716 Domino
2819 653 3072 715 auctore

728 773 1068 854 pastorem,
1111 788 1227 854 per
1270 788 1454 854 quem
1500 773 1686 853 grata
1710 768 1847 837 Deo
1879 789 2066 837 verae
2094 767 2419 852 religionis
2450 766 2715 849 cultura,
2764 786 2888 852 que
2915 764 3071 831 inibi

730 882 1048 971 deperisse
1077 884 1442 970 dinoscitur,
1473 884 1684 953 valeat
1710 886 2058 953 reformari.
2113 885 2283 952 Data
2310 882 2525 952 Remis
2556 884 2598 951 6
2629 882 2778 950 Idus
2808 880 3071 969 Aprilis.

734 1194 856 1266 87.
908 1197 1213 1263 Henrious
1257 1221 1456 1264 comes
1484 1199 1895 1265 Namucenst‘s
1931 1212 1989 1265 et
2017 1198 2632 1284 Luzelemburyemis
2659 1195 2954 1283 Enyenio
2987 1193 3091 1261 [Π

905 1315 1114 1379 scribit
1159 1315 1235 1379 de
1278 1338 1395 1380 sua
1439 1315 1544 1380 lite
1590 1339 1729 1381 cum
1776 1314 2091 1381 Richardo
2139 1315 2577 1381 archidiacono
2623 1312 3018 1378 Vir-dunensi.

2797 1425 2907 1508 (Μ.
2947 1429 2985 1493 7
2991 1425 3075 1506 2.)

552 1588 690 1645 1148
905 1543 1269 1611 Reverendo
1324 1545 1493 1631 patri
1549 1551 1614 1614 et
1658 1545 1910 1612 domino
1958 1565 2071 1612 suo
2116 1543 2401 1628 Eugenio
2457 1547 2711 1611 sanctae
2754 1540 3077 1609 Romanae

729 1659 1067 1727 aecclesiae
1112 1681 1356 1728 summo
1401 1660 1687 1748 pontifici
1732 1661 2040 1730 Henricus
2083 1683 2292 1730 comes
2334 1662 2411 1728 de
2440 1662 2722 1729 Namuco
2770 1664 2834 1725 et
2877 1656 3079 1725 Luze-

727 1776 1052 1844 lemburch
1095 1777 1491 1845 devotionem
1536 1777 1652 1844 filii
1699 1797 1842 1845 cum
1885 1777 2056 1845 fideli
2101 1779 2379 1845 servitio.

907 1892 1084 1960 Sicut
1134 1893 1301 1960 inter
1355 1914 1459 1961 me
1514 1900 1578 1961 et
1620 1894 2005 1962 Richardum
2062 1894 2569 1961 archidiaconum
2614 1891 3081 1959 Virdunensem

728 2010 808 2103 in*
841 2010 1015 2077 curia
1058 2015 1272 2078 vestra
1315 2011 1604 2077 Treveris
1623 2007 1658 2096 ¹,
1705 2011 2025 2079 mediante
2070 2010 2531 2078 clarevallense
2578 2008 2804 2076 abbate
2816 2003 2864 2093 ²,
2914 2009 3080 2074 ordi-

728 2132 948 2193 natum
991 2127 1113 2193 fuit
1169 2132 1233 2193 et
1274 2127 1344 2193 in
1387 2133 1636 2195 vestrae
1682 2128 2038 2195 sanctitatis
2082 2128 2404 2215 presentia
2460 2124 2900 2193 confirmatum
2915 2174 2936 2209 ,
2995 2125 3082 2190 ita

729 2243 831 2310 die
875 2244 1218 2310 constituta
1260 2243 1593 2312 observare
1640 2249 1706 2312 et
1742 2243 2088 2331 adimplere
2117 2245 2321 2311 modis
2353 2243 2644 2310 omnibus
2672 2241 3083 2330 postmodum

726 2359 899 2425 volui
944 2359 1060 2426 sub
1089 2360 1451 2427 testimonio
1481 2360 1897 2428 Virdunensis
1942 2356 2257 2448 episcopi⁸
2290 2366 2354 2428 et
2382 2358 2775 2427 Corbeiensis
2810 2357 3081 2424 abbatia.

730 2474 843 2542 Set
884 2476 1022 2563 ipse
1050 2475 1397 2542 Richardus
1444 2477 1918 2544 archidiaconus
1947 2476 2131 2543 valde
2168 2477 2493 2562 ingeniose
2523 2476 2693 2563 cepit
2721 2474 3084 2540 occasiones

730 2612 1009 2679 querere,
1057 2592 1325 2678 qualiter
1371 2594 1410 2661 a
1451 2594 1795 2683 propositis
1839 2593 2300 2662 conditionibus
2344 2593 2695 2677 recederet,
2743 2595 2808 2658 et
2850 2588 3084 2658 Ansel-

729 2730 905 2776 mum
949 2711 1264 2796 quendam
1307 2711 1607 2797 liberum,
1670 2711 1989 2778 hominem
2033 2732 2275 2796 meum,
2337 2716 2523 2797 atque
2570 2708 2727 2775 alios
2773 2708 3087 2793 quosdam

730 2827 1008 2894 studiose
1053 2827 1434 2913 sollicitavit,
1480 2847 1560 2895 ne
1604 2827 1891 2894 homines
1937 2828 2036 2894 sui
2080 2825 2303 2894 fierent
2349 2832 2413 2895 et
2440 2847 2521 2893 ne
2550 2824 2875 2910 beneficia,
2924 2843 3089 2911 quae

732 2942 771 3009 a
812 2964 914 3010 me
959 2944 1220 3029 habent,
1279 2943 1358 3010 ab
1413 2945 1614 3032 ipsius
1674 2965 1867 3010 manu
1917 2944 2288 3030 reciperent.
2381 2942 2517 3028 Ego
2563 2962 2680 3029 pro
2724 2940 3091 3007 reverentia

730 3060 926 3126 vestri
972 3060 1360 3148 apostolatus
1407 3063 1473 3128 in
1518 3061 1821 3149 predictis
1853 3060 2314 3127 conditionibus
2353 3065 2416 3127 et
2443 3059 2677 3146 placito
2708 3076 3091 3144 permanere

731 3176 967 3261 absque
1012 3176 1154 3243 dolo
1203 3182 1267 3243 et
1311 3178 1446 3243 sine
1491 3177 1714 3243 fraude
1757 3176 1930 3259 volo;
1979 3197 2124 3244 cum
2154 3182 2386 3262 tamen,
2435 3176 2492 3243 si
2518 3175 2586 3241 in
2617 3174 2823 3260 gratia
2868 3180 3094 3240 vestra

730 3290 867 3358 fieri
911 3298 1158 3380 posset,
1216 3298 1289 3359 ut
1316 3298 1434 3360 'me
1479 3293 1557 3359 de
1601 3292 1721 3360 hac
1765 3313 1955 3360 causa
1999 3313 2211 3360 coram
2254 3314 2396 3360 meo
2439 3291 2646 3358 iudice
2688 3289 2984 3379 pulsaret
3030 3294 3095 3356 et

730 3407 799 3473 in
843 3408 1011 3493 foro,
1070 3409 1172 3474 cui
1216 3408 1371 3476 haec
1413 3408 1764 3476 iurisdictio
1809 3411 2116 3496 pertinet,
2175 3430 2368 3497 super
2410 3409 2530 3475 hoc
2569 3407 2822 3492 litigare
2869 3406 3093 3493 vellet,

729 3529 1024 3610 paratum
1081 3546 1184 3592 me
1227 3525 1431 3591 modis
1478 3526 1766 3593 omnibus
1811 3526 2140 3593 inveniret.
2232 3526 2591 3613 Eapropter
2630 3524 3093 3612 paternitatem

729 3646 1007 3707 vestram
1030 3641 1254 3707 humili
1277 3641 1734 3730 supplicatione
1759 3643 2079 3731 deprecor,
2105 3653 2219 3709 ne’
2241 3643 2310 3708 in
2331 3663 2454 3728 me,
2478 3640 2657 3708 vobis
2682 3639 3095 3723 obedientem

620 3750 625 3756 ’
733 3761 797 3823 et
843 3777 918 3823 ea
962 3778 1121 3845 quae
1152 3759 1503 3847 prescripta
1543 3764 1693 3825 sunt
1722 3760 2056 3827 observare
2087 3760 2462 3846 cupientem,
2510 3756 2890 3825 sententiam
2936 3756 3095 3822 mit-

731 3874 883 3940 tatis
927 3874 1029 3941 vel
1071 3880 1310 3942 terram
1352 3897 1559 3943 meam
1614 3876 1729 3943 sub
1790 3876 1998 3962 aliquo
2056 3877 2391 3943 interdicto
2446 3875 2697 3961 ponatis
2711 3924 2731 3960 ,
2786 3874 3096 3959 quatinus

732 3995 981 4057 vestrae
1038 4012 1344 4079 personae
1391 3992 1828 4059 excellentiam
1881 3998 2059 4060 tanto
2103 3993 2247 4081 plus
2293 3991 2554 4077 diligere
2597 3989 2844 4058 valeam
2890 3995 2964 4057 et
3013 3990 3098 4057 ad

734 4106 1162 4175 defensionem
1207 4108 1503 4177 ecclesiae
1547 4108 1670 4177 Dei
1717 4130 1855 4178 esse
1900 4110 2202 4201 devotior.

878 4265 920 4298 ο..
962 4265 1020 4298 ne
1053 4254 1219 4311 scripu·
1240 4269 1327 4312 pro
1359 4255 1412 4299 ut
1442 4252 1546 4299 cod.

733 4433 804 4491 be
879 4348 930 4401 1.
972 4345 1162 4403 habita
1196 4363 1231 4402 a
1265 4346 1560 4405 Decembri
1599 4347 1739 4403 1147
1776 4348 1847 4403 ad
1883 4347 2047 4404 Febr.
2075 4348 2228 4402 1148.
2348 4347 2401 4401 2.
2437 4343 2778 4402 Bernhardo.
2891 4345 2956 4401 3.
2998 4344 3099 4403 Al-

806 4435 956 4491 ronis
990 4435 1088 4490 ΠΙ.
