3319 5242
981 458 1278 506 wmanm
1321 457 1696 506 amsi-onan
1740 457 1814 503 12.
1849 457 1921 502 13.
2537 438 2624 505 93

277 619 446 682 vero,
492 603 712 665 noster
752 595 920 664 filius
951 599 1253 685 vobisque
1282 620 1398 687 per
1426 605 1653 665 cuncta
1684 597 1910 682 fidelis,
1957 597 2384 664 sacratissimo
2412 601 2624 663 vestro
2665 602 2799 657 1137

276 715 545 802 imperio
591 714 770 782 vobis
815 736 885 783 se
931 715 1162 803 oppido
1207 716 1620 782 commendat.
1692 714 1866 782 Deus
1905 719 2116 781 autem
2147 714 2351 779 omnis
2383 713 2626 797 gratiae
2689 675 2790 722 (Μ’

276 832 367 898 sic
421 837 713 918 tempora
755 835 968 898 vestra
1013 831 1306 916 dignetur
1352 831 1716 919 disponere,
1779 836 1852 896 ut
1894 850 2011 916 per
2053 830 2407 917 praesentis
2451 830 2624 897 vitae

274 947 646 1015 felicitatem
692 948 934 1015 aeterni
978 948 1158 1032 regni
1204 947 1344 1013 sitis
1389 947 1746 1014 coheredes.

284 1275 320 1346 1
334 1274 406 1346 3.
455 1279 681 1345 Petrus
718 1280 1017 1345 diacouem
1060 1279 1405 1344 casinensis
1441 1277 1724 1343 Wibaldo
1768 1278 2146 1364 opuseulum,
2198 1277 2366 1365 quod
2404 1278 2624 1341 inscri-

458 1396 623 1460 bitur
664 1391 1172 1460 Itinerart'um
1218 1395 1306 1459 de
1350 1394 1904 1474 locis-sanctis,-
1955 1394 2251 1458 dedicat&

454 1526 729 1592 Domino
785 1546 899 1591 suo
961 1545 1034 1592 ac
1085 1526 1254 1612 patri
1310 1525 1379 1591 in
1438 1523 1689 1591 Christo
1744 1524 2091 1591 venerabili
2149 1523 2459 1591 Guibaldo
2505 1523 2626 1590 Dei
2664 1524 2802 1645 1ὲὲ

272 1642 484 1727 gratia
555 1642 721 1708 sacri
777 1641 993 1708 Casini
1048 1640 1282 1708 Montis
1355 1640 1569 1707 abbati
1624 1640 1850 1707 Petrus
1906 1640 2266 1707 Casinensis
2324 1641 2625 1707 diaconus

274 1758 527 1826 debitae
573 1758 967 1826 obedientiae
1011 1757 1403 1825 famulatum.
2396 1843 2405 1853 ⁶

454 1874 703 1954 Quanto
749 1874 1064 1962 cupidinis
1110 1875 1277 1959 igne,
1323 1879 1506 1960 pater
1549 1875 1619 1940 in
1665 1873 1915 1940 Christo
1951 1872 2325 1957 venerande,
2374 1892 2626 1940 exarse-

274 1992 397 2058 rim
459 2011 532 2058 ac
589 1990 762 2076 quali
815 1996 1128 2077 quantove
1185 1991 1528 2075 desiderio,
1588 1997 1659 2057 ut
1715 2011 1827 2057 vos
1886 1990 2284 2076 omnipotens
2331 1989 2503 2057 Deus
2548 1989 2627 2056 de

276 2107 562 2176 adversis
593 2107 886 2194 eriperet,
934 2108 1387 2194 exoptaverim,
1430 2108 1641 2193 ipsum
1672 2106 1878 2174 Deum
1908 2107 2129 2173 invoco
2160 2110 2407 2190 testem,
2439 2126 2628 2191 quem

274 2223 509 2291 mentis
569 2223 785 2290 abdita
839 2245 1030 2310 quem
1086 2225 1504 2291 conscientiae
1561 2223 1808 2313 occulta
1861 2243 1990 2289 non
2044 2222 2302 2306 fallunt,
2361 2222 2511 2307 quia
2565 2228 2630 2288 et

274 2339 354 2408 de
400 2340 561 2427 ipsis
608 2339 804 2406 animi
848 2341 1121 2408 motibus
1167 2342 1415 2426 generis
1464 2339 1700 2407 arbiter
1744 2339 2022 2406 creditur
2065 2340 2315 2405 futurus
2345 2338 2625 2404 humani.

277 2456 406 2524 Sed
451 2456 603 2542 quia
645 2457 826 2524 iuxta
870 2457 1214 2543 prophetae
1262 2457 1535 2541 elogium
1578 2456 1646 2522 in
1692 2476 1886 2521 manu
1930 2455 2214 2522 hominis
2236 2474 2364 2521 non
2396 2459 2494 2521 est
2523 2455 2630 2520 via

277 2573 436 2658 eius,
484 2592 602 2640 nec
647 2573 726 2640 ab
771 2573 1022 2641 homine
1068 2573 1179 2641 sed
1225 2594 1264 2640 a
1307 2572 1580 2640 Domino
1627 2591 1880 2656 gressus
1911 2570 2185 2640 hominis
2215 2571 2572 2656 diriguntur
2591 2565 2626 2655 ¹,

276 2692 513 2757 nostris
558 2690 626 2757 id
669 2690 1053 2757 facinoribus
1100 2690 1493 2773 exigentibus
1538 2708 1668 2754 non
1714 2695 1812 2755 est
1850 2688 2108 2773 factum,
2156 2688 2323 2774 quod
2352 2687 2629 2754 humana

279 2807 550 2873 aviditas
596 2806 974 2893 concupivit,
1022 2806 1133 2872 sed
1177 2825 1338 2891 quae
1367 2805 1541 2872 Deus
1587 2805 1822 2871 arbiter
1863 2806 2107 2871 meritis
2135 2804 2428 2871 humanis
2458 2823 2627 2870 com-

276 2928 495 3009 petere
539 2922 843 2989 iudicavit
854 2921 897 2987 ¹³.
990 2921 1155 2987 Nam
1199 2942 1341 2988 cum
1356 2971 1374 3005 ,
1422 2920 1707 2987 omnium
1751 2940 2092 3006 pravorum
2135 2925 2463 3004 grassante
2506 2920 2626 2985 im-

278 3038 537 3125 pietate,
587 3038 884 3105 ecclesiae
916 3037 1035 3104 Dei
1082 3042 1283 3103 status
1330 3036 1609 3122 quotidie
1653 3035 2022 3102 labefactari
2060 3042 2353 3103 cernatur
2383 3041 2448 3102 et
2473 3035 2625 3119 fere,

280 3160 351 3221 ut
391 3156 487 3221 ita
532 3154 759 3237 dicam,
805 3153 1014 3221 nullus
1062 3153 1361 3220 adversus
1409 3172 1515 3218 eos
1562 3152 1835 3236 insurgit
1872 3172 1989 3238 pro
2032 3152 2215 3219 domo
2247 3152 2442 3219 Israel
2478 3172 2625 3240 par-

280 3272 394 3337 tim
424 3290 644 3338 amore
672 3270 906 3356 partim
939 3271 1165 3336 timore
1196 3268 1576 3336 secularium
1603 3272 2011 3355 potestatum,
2057 3269 2291 3335 idcirco
2324 3274 2625 3354 augustae

281 3388 622 3454 memoriae
668 3387 958 3453 dominus
1003 3390 1216 3452 noster
1260 3385 1606 3472 imperator
1647 3383 1986 3451 Lotharius
2032 3390 2310 3451 vestram
2353 3386 2626 3452 beatitu-

282 3502 492 3571 dinem
539 3504 607 3570 in
654 3502 985 3570 Casinensi
1029 3501 1326 3568 coenobio
1374 3502 1668 3568 abbatem
1711 3501 2022 3585 instituit,
2069 3508 2142 3567 ut
2186 3521 2289 3585 ea,
2337 3521 2499 3586 quae
2544 3502 2625 3568 ad

282 3619 734 3687 correctionem
777 3617 1089 3685 malorum
1135 3623 1199 3684 et
1244 3617 1510 3684 salutem
1556 3617 1865 3684 bonorum
1912 3617 2202 3701 attinent,
2251 3616 2515 3685 sollicite
2553 3638 2626 3684 ac

283 3735 617 3821 diligenter
672 3739 1095 3821 pertractares
1157 3739 1220 3801 et
1264 3732 1598 3800 effrenatos
1645 3734 1997 3801 refrenares
2044 3753 2118 3800 ac
2162 3735 2465 3821 superbos
2509 3734 2625 3800 hu-

283 3851 588 3934 miliares3
649 3856 955 3936 quatenus
968 3900 988 3935 ‚
1044 3853 1418 3937 recuperata
1472 3850 1718 3916 iustitia
1776 3855 1840 3916 et
1894 3854 2251 3916 restaurata
2299 3850 2623 3935 religione,

284 3975 492 4035 coetus
550 3967 1009 4035 ecclesiasticus
1070 3966 1190 4033 sibi
1241 3966 1406 4032 iuste
1453 3985 1527 4031 ac
1571 3966 2062 4033 misericorditer
2106 3966 2343 4033 servire
2390 3986 2462 4033 ac
2507 3987 2623 4054 pro

283 4079 547 4151 Romani
576 4083 830 4171 imperii
860 4087 1031 4149 statu
1062 4081 1181 4149 Dei
1213 4083 1659 4169 omnipotentis
1691 4082 2090 4149 clementiam
2121 4103 2383 4149 exorare
2414 4088 2620 4168 queat.

284 4195 459 4268 Unde
515 4221 643 4267 non
700 4199 1016 4266 immerito
1066 4197 1143 4264 ab
1190 4199 1478 4266 omnibus
1524 4199 1741 4286 probis
1790 4218 1862 4264 ac
1907 4197 2297 4285 sapientibus
2343 4198 2625 4284 diligeris

423 4391 464 4424 ι.
496 4377 748 4425 Mida-at
780 4396 837 4425 ex
869 4379 1027 4425 codice
1060 4380 1301 4426 Catinensi
1331 4381 1534 4425 Mae-eene
1565 4386 1608 4423 ee
1638 4377 1837 4424 Datami
1870 4377 1990 4426 con.
2024 4377 2103 4425 Vl.
2121 4377 2210 4424 789
2243 4387 2286 4423 εί
2317 4379 2445 4424 Toeh‘
2470 4378 2623 4425 scoria

287 4454 345 4502 δί
374 4459 518 4503 nonu
552 4459 724 4505 casino
756 4461 818 4506 11.
852 4459 956 4505 121.
992 4458 1097 4504 122.
1220 4457 1267 4503 b.
1298 4456 1517 4504 indicavit
1546 4457 1619 4503 ed.

428 4562 477 4616 1.
511 4560 672 4617 Prov.
710 4562 797 4631 20,
832 4561 921 4617 24.
