3319 5242
747 414 877 483 288
1011 475 1016 480 .
1414 435 1715 482 wmALm
1757 433 2131 483 EPISTOLAE
2172 434 2276 482 167.
2317 435 2423 482 168.

570 579 708 635 1149
743 574 1072 642 iocundius
1118 575 1199 641 ad
1242 579 1307 642 te
1353 576 1588 663 scripta
1618 581 1784 643 sunt.
1846 576 1988 644 Non
2031 577 2225 644 timeo
2253 577 2761 664 reprehensores,
2807 578 2953 663 quia
2979 596 3073 644 ca-

744 691 900 758 ritas
946 690 1218 776 benigna
1261 697 1377 776 est,
1423 694 1680 780 paciens
1728 698 1842 777 est,
1889 694 2103 759 omnia
2145 693 2366 778 credit,
2414 695 2628 761 omnia
2670 694 2937 761 sustinet
2951 690 2984 759 ¹.

923 807 1132 874 Habui
1173 808 1241 874 in
1285 808 1611 892 memoria,
1661 809 1813 875 dum
1848 810 2003 877 haec
2035 810 2395 895 scriberem,
2442 810 2765 897 quiddam,
2811 809 2973 897 quod
3014 809 3075 875 in

744 923 922 991 libris
968 944 1205 1008 eorum,
1253 925 1363 1011 qui
1405 925 1573 991 facta
1602 924 1704 992 vel
1738 926 1921 992 diota
1953 926 2388 993 memorabilia
2416 927 2943 1013 conscripserunt,
2984 925 3075 990 in-

743 1042 1010 1108 venitur.
1078 1041 1365 1126 Augusto
1412 1040 1629 1108 Cesari
1685 1043 2050 1128 procedenti
2106 1064 2141 1109 e
2195 1042 2432 1129 palatio
2478 1040 2785 1109 Greculus
2830 1041 3076 1129 quidam

742 1158 1100 1244 importune
1145 1156 1384 1225 solebat
1430 1177 1757 1225 occurrere
1768 1168 1809 1242 ⁸,
1856 1158 2187 1244 porrigens
2233 1159 2292 1226 ei
2319 1157 2578 1225 laudum
2607 1177 2869 1225 suarum
2897 1178 3077 1245 quae-

742 1275 888 1341 dam
943 1275 1351 1361 epigramata.
1446 1273 1735 1341 Offensus
1789 1276 2136 1360 imperator
2190 1274 2463 1341 hominis
2509 1275 2824 1362 frequenti
2869 1273 3077 1340 adula-

741 1391 912 1458 tione
957 1397 1022 1458 et
1064 1391 1528 1478 intempestiva,
1574 1396 1648 1458 ut
1692 1396 1828 1457 erat
1870 1390 2224 1458 litterarum
2255 1395 2499 1457 amator
2527 1397 2593 1458 et
2621 1389 2821 1458 Grece
2858 1392 3076 1474 sciens,

741 1507 1077 1593 aliquando
1122 1507 1412 1594 prevenit
1440 1504 1733 1591 Grecum,
1782 1513 1846 1573 et
1890 1508 2298 1595 epigramma,
2347 1506 2514 1592 quod
2549 1507 2689 1593 ipse
2732 1508 2801 1573 in
2830 1505 3079 1573 laudem

741 1623 876 1690 eius
906 1624 1385 1709 conscripserat,
1434 1621 1514 1688 ad
1543 1621 1878 1707 legendum
1909 1623 2035 1710 ipsi
2063 1624 2366 1710 porrexit.
2437 1623 2572 1702 Quo
2604 1623 2887 1707 decurso,
2930 1621 3077 1689 Gre-

739 1760 850 1806 cus
896 1739 1236 1823 exclamat,
1293 1739 1614 1823 ingenium
1659 1739 1899 1806 domini
1954 1738 2245 1806 laudibus
2300 1737 2512 1824 effert,
2574 1739 2976 1825 demissaque
3017 1740 3079 1804 in

738 1875 959 1941 peram
1003 1876 1214 1939 manu,
1262 1876 1485 1938 assem,
1533 1875 1722 1940 quem
1767 1854 1973 1921 solum
2008 1855 2300 1940 habebat,
2346 1855 2523 1922 tulit:
2579 1856 2747 1923 Tene
2789 1856 3078 1941 inquiens

737 1975 1111 2058 imperator,
1168 1995 1296 2037 non
1345 1975 1684 2038 secundum
1739 1986 1912 2038 tuam
1967 1986 2057 2038 set
2107 1975 2446 2038 secundum
2488 1996 2692 2039 meam
2716 1973 3104 2058 somnam.

739 2086 877 2166 Qua
904 2086 1295 2155 volubilitate
1323 2088 1578 2173 ingenii,
1592 2088 1978 2154 exhilaratus
2008 2088 2323 2175 princepS,
2354 2087 2615 2172 largiori
2645 2108 2792 2155 eum
2821 2107 3081 2154 munere

737 2203 965 2270 ditavit
974 2199 1016 2269 ².
1141 2203 1278 2288 Ego
1311 2203 1670 2291 exemplum
1701 2225 1989 2291 sequenS,
2019 2224 2137 2291 pro
2168 2204 2334 2270 binis
2362 2203 2797 2270 laudationum
2828 2209 3080 2270 tuarum

736 2316 1041 2387 scedulis⁸
1086 2321 1340 2407 plenam
1385 2321 1717 2408 epistolam
1772 2322 1892 2388 tibi
1935 2320 2190 2387 remitto
2203 2370 2222 2404 ,
2280 2320 2448 2387 inter
2504 2340 2688 2386 curas
2743 2325 2810 2386 et
2867 2320 3103 2401 multi--

734 2436 930 2523 plices
975 2434 1223 2504 labores
1271 2437 1540 2503 duarum
1584 2438 1864 2503 noctium
1909 2435 2475 2522 lugubratiunculis
2521 2434 2801 2503 effusam.

744 2720 915 2793 168.
963 2724 1280 2790 Wibaldus
1311 2724 1388 2788 Β.
1406 2722 1588 2810 sacto
1633 2723 1844 2789 abbati
1891 2722 1957 2788 S.
1993 2723 2315 2789 Michaelis
2344 2723 2712 2811 qratulatur.
2760 2719 3081 2803 (M.151.)

560 2870 698 2926 1149
911 2864 1273 2931 Reverendo
1302 2864 1472 2951 patri
1493 2862 1564 2929 B.
1589 2863 1935 2930 venerabili
1965 2863 2176 2930 abbati
2209 2864 2545 2931 aecclesiae
2576 2865 2779 2930 sancti
2799 2864 3081 2933 Michae-

732 2981 812 3049 lis
857 2981 1054 3048 frater
1082 2980 1459 3064 W(ibaldus)
1505 2979 1627 3047 Dei
1670 2981 1878 3063 gratia
1921 2980 2007 3065 id,
2055 2979 2223 3065 quod
2268 2986 2365 3047 est
2406 2980 2474 3045 in
2516 2981 2821 3048 aecclesia
2866 2984 3083 3050 catho-

733 3097 875 3182 lica,
923 3098 1182 3182 exiguas
1229 3097 1544 3163 orationes
1591 3101 1656 3162 et
1701 3096 1996 3162 devotum
2041 3095 2387 3161 servitium.

911 3212 1320 3280 Gratulamur
1376 3212 1722 3299 plurimum
1779 3217 1843 3279 et
1898 3210 2233 3279 aecclesiae
2289 3216 2538 3278 vestrae
2605 3219 2669 3279 et
2734 3234 3083 3300 personae3

732 3330 1099 3413 aecclesiae,
1155 3329 1258 3395 cui
1301 3328 1474 3394 Deus
1520 3327 1797 3394 salutare
1840 3328 2219 3414 provisionis
2271 3328 2744 3394 amminiculum
2786 3337 3084 3416 prestare

731 3447 1024 3530 dignatus
1074 3448 1188 3528 est,
1233 3464 1558 3531 personae,
1607 3443 1774 3529 quod
1805 3464 1946 3509 eam
1984 3444 2412 3531 preordinatio
2443 3444 2733 3528 congruis
2761 3442 3084 3514 honorum

728 3560 1128 3650 provectibus
1170 3559 1564 3642 sublimavit;
1613 3559 1909 3645 quoniam
1954 3565 2019 3626 et
2061 3559 2356 3626 inhabilis
2400 3580 2672 3646 persona
2714 3560 2838 3628 loci
2883 3564 3082 3630 subli-

728 3679 949 3745 mitate
1007 3677 1452 3744 dehonestatur
1509 3682 1573 3742 et
1629 3674 1930 3742 aecclesia
1986 3695 2296 3763 personae
2349 3674 2705 3743 humilitate
2741 3659 3079 3760 gravatur.

730 3793 842 3861 Set
886 3813 1036 3860 cum-
1076 3793 1232 3860 haec
1275 3812 1550 3879 persona
1592 3791 1873 3859 illustrat
1918 3791 2287 3859 aecclesiam
2332 3797 2396 3859 et
2425 3792 2688 3859 ecclesia
2715 3800 2905 3859 ornat
2936 3816 3082 3882 per-

728 3929 979 3993 sonam,
1045 3908 1245 3975 dulcis
1303 3908 1590 3974 armonia
1647 3914 1745 3974 est
1800 3914 1866 3975 et
1920 3907 2212 3974 salutaris
2271 3909 2489 3993 utique
2544 3909 2639 3975 rei
2693 3909 3079 3996 simphonia.

726 4025 991 4093 Vestrae
1036 4024 1453 4092 familiaritati
1510 4024 1710 4090 artius
1764 4024 2054 4104 inherere
2108 4023 2538 4091 desideramus
2584 4029 2648 4090 et
2690 4029 2899 4091 totum
2948 4011 3081 4093 stu-

727 4143 902 4210 diose
944 4141 1266 4230 perficere,
1315 4140 1613 4227 quicquid
1659 4146 1905 4208 vestrae
1950 4140 2219 4206 bonitati
2261 4139 2340 4207 de
2383 4139 2565 4207 nobis
2600 4140 3076 4228 complacuerit.

871 4334 912 4367 8.
953 4333 1165 4367 occurere
1199 4338 1237 4364 c.

870 4409 918 4460 1.
960 4408 991 4461 1
1019 4403 1268 4461 Corinth.
1296 4404 1379 4473 13,
1404 4403 1458 4458 4.
1486 4403 1535 4458 7.
1681 4405 1734 4458 2.
1785 4404 1869 4458 De
1904 4402 2009 4458 hac
2044 4403 2452 4459 narratiuncula
2485 4401 2559 4461 cf.
2581 4402 2849 4459 Macrobii
2886 4403 3079 4461 Satur·

724 4494 930 4551 na1.11.
954 4494 1005 4563 4,
1030 4495 1118 4548 31.
1245 4493 1297 4548 3.
1335 4507 1566 4562 quarum
1604 4490 1989 4547 schedularum
2018 4492 2192 4547 altera
2213 4491 2528 4563 Manegoldi
2550 4492 2857 4563 epistolam,
2897 4495 3080 4552 altera

722 4599 918 4641 versus
951 4582 1291 4639 continuisse
1325 4580 1564 4637 videtur.
1613 4580 1687 4637 V.
1723 4596 1893 4650 supra
1924 4596 1982 4651 p.
2007 4582 2112 4638 275
2134 4586 2193 4638 et
2214 4582 2339 4637 276.
