3319 5242
700 442 833 507 620

698 676 998 733 Nonnullae
1034 676 1329 745 gratiarum
1411 717 1425 731 .
1502 717 1514 731 .
1589 717 1601 731 .
1677 717 1691 731 .

700 767 839 835 Non,
877 781 910 820 o
948 771 1127 819 rector
1160 766 1365 837 inclyte
1411 806 1424 819 .
1499 805 1512 819 .
1589 807 1600 819 .
1678 806 1689 819 .

699 855 821 910 Non
854 870 1048 923 pamm
1083 870 1185 910 nos
1221 854 1565 911 conturbavit
1590 896 1601 908 .
1677 893 1691 909 .

698 943 821 997 Non
854 948 1038 1013 potest
1074 944 1269 998 civitas
1317 983 1688 997 .....

1674 1071 1687 1083 .
1758 1031 1866 1085 475

697 1031 820 1086 Non
856 1047 1042 1086 sumus
1079 1032 1150 1087 de
1186 1033 1337 1088 scola
1409 1073 1420 1086 .
1499 1073 1510 1083 .

695 1120 818 1175 Non
853 1136 1044 1174 sumus
1079 1120 1150 1175 de
1184 1123 1336 1176 scola
1408 1163 1418 1174 .
1494 1162 1506 1174 .
1583 1160 1596 1173 .
1672 1160 1685 1173 .

1674 1249 1686 1262 .
1760 1211 1865 1264 162

694 1209 816 1264 Non
852 1225 1040 1264 sumus
1076 1210 1400 1265 inmemores
1497 1250 1509 1262 .
1584 1250 1597 1262 .

693 1297 815 1353 Non
848 1297 1100 1353 videatur
1133 1297 1291 1353 vobis
1321 1338 1685 1352 .....

1667 1428 1681 1441 .
1755 1389 1860 1443 223

693 1386 894 1441 Notum
929 1386 1161 1442 facimus
1196 1386 1355 1443 vobis
1405 1427 1416 1438 .
1493 1428 1503 1438 .

693 1475 894 1530 Notum
931 1476 1004 1530 sit
1037 1475 1290 1531 omnibus
1317 1515 1682 1529 .....

692 1564 918 1620 Noverit
950 1565 1183 1633 primum
1220 1564 1426 1619 karitas
1491 1606 1503 1617 .
1578 1605 1589 1617 .
1667 1605 1679 1618 .

1666 1693 1678 1705 .
1749 1653 1856 1707 417

691 1653 873 1721 Novit,
909 1652 1207 1708 reverende
1240 1659 1397 1723 pater
1491 1694 1502 1707 .
1578 1697 1589 1707 .

691 1742 857 1798 Novit
892 1747 989 1796 tua
1022 1741 1240 1797 dilectio

690 1831 741 1886 N
740 1830 907 1885 untiis
943 1831 1199 1899 egregiae
1234 1836 1363 1885 tuae
1402 1871 1414 1882 .
1489 1870 1501 1883 .
1576 1870 1588 1883 .

692 1917 888 1975 officii
925 1934 1025 1973 nos
1062 1925 1339 1974 ammonet
1402 1958 1414 1971 .
1489 1959 1500 1971 .
1577 1959 1589 1970 .
1663 1959 1676 1973 .

1664 2047 1675 2060 .
1749 2009 1854 2062 256

1664 2137 1674 2149 .
1747 2097 1851 2152 497

1663 2227 1674 2239 .
1745 2185 1852 2240 499

1661 2314 1674 2326 .
1747 2274 1852 2329 183

686 2364 904 2418 Perlata
938 2368 1025 2418 est
1059 2361 1130 2417 ad
1165 2377 1266 2417 nos
1311 2388 1677 2417 .....

686 2453 792 2507 Per
827 2452 1010 2507 omnia
1042 2450 1201 2507 vobis
1234 2449 1411 2506 fidelis
1489 2492 1499 2505 .
1577 2494 1588 2506 .
1664 2493 1676 2505 .

685 2541 914 2595 Pertulit
949 2539 1020 2594 ad
1055 2554 1156 2594 nos
1193 2539 1425 2595 domnus
1489 2581 1499 2594 .
1575 2580 1587 2594 .
1664 2583 1675 2594 .

691 2005 940 2062 Officium
978 2007 1292 2077 prelationis
1327 2012 1544 2063 nostrae
1577 2049 1587 2059 .

688 2096 1007 2153 Pastoralis
1043 2094 1207 2151 officii
1242 2096 1546 2152 sollicitudo
1576 2136 1588 2149 .

686 2185 904 2239 Patrem
939 2185 1147 2253 patriae
1182 2184 1344 2241 decet
1398 2227 1409 2239 .
1487 2226 1498 2238 .
1574 2226 1586 2237 .

686 2275 885 2329 Paucis
919 2273 1239 2343 prudentiae
1276 2279 1335 2330 et
1398 2315 1410 2329 .
1485 2314 1499 2328 .
1574 2315 1585 2328 .

687 2631 942 2685 Pervenit
976 2628 1048 2684 ad
1085 2644 1244 2684 aures
1280 2636 1495 2685 nostras
1577 2672 1588 2684 .

685 2720 943 2774 Pervenit
977 2718 1049 2772 ad
1085 2733 1244 2772 aures
1278 2724 1494 2774 nostras
1572 2761 1584 2772 .
1661 2760 1673 2774 .

683 2807 940 2863 Pervenit
974 2807 1046 2861 ad
1081 2823 1182 2861 nos
1217 2807 1421 2863 clamor
1485 2849 1497 2860 .
1574 2851 1583 2861 .
1661 2850 1673 2863 .

683 2896 1005 2951 Petitionem
1045 2896 1343 2950 honestatis
1397 2937 1409 2948 .
1486 2937 1496 2948 .
1573 2939 1584 2951 .
1662 2939 1673 2951 .

682 2986 1005 3040 Petitionem
1041 2990 1299 3053 vestram,
1336 2999 1499 3053 quam
1573 3025 1585 3039 .
1663 3026 1673 3038 .

682 3073 907 3129 Pietatis
942 3078 1161 3128 vestrae
1196 3073 1403 3127 litteras
1487 3112 1499 3126 .
1573 3116 1583 3127 .
1661 3113 1674 3126 .

682 3163 894 3218 Placuit
928 3162 1217 3216 eruditioni
1250 3167 1379 3217 tuae
1483 3202 1494 3214 .
1571 3204 1582 3215 .
1662 3202 1673 3215 .

681 3251 1064 3307 Possessiones
1102 3251 1489 3306 aecclesiarum
1571 3291 1583 3303 .

680 3342 815 3396 Post
850 3340 1136 3395 decessum
1172 3338 1349 3394 bonae
1391 3379 1405 3394 .
1481 3379 1494 3391 .

681 3430 815 3484 Post
848 3429 1159 3484 innumeras
1197 3428 1585 3484 sollicitudines
1658 3468 1671 3481 .

680 3518 814 3572 Post
849 3517 1059 3573 obitum
1096 3515 1381 3572 confratris
1482 3557 1495 3570 .
1569 3556 1583 3570 .
1659 3557 1672 3570 .

679 3607 976 3676 Postquam
1012 3606 1082 3660 ab
1119 3606 1374 3675 equitatis
1482 3647 1494 3660 .
1568 3647 1581 3660 .
1655 3648 1670 3661 .

678 3695 976 3764 Postquam
1012 3712 1048 3750 a
1082 3694 1346 3764 colloquio
1394 3735 1405 3746 .
1480 3735 1491 3747 .
1567 3735 1579 3747 .
1656 3736 1668 3749 .

679 3784 975 3854 Postquam
1011 3800 1046 3838 a
1078 3782 1238 3838 nobis
1271 3783 1543 3839 recessisti
1569 3824 1582 3838 .
1656 3825 1668 3836 .

679 3873 972 3942 Postquam
1010 3889 1046 3927 a
1078 3877 1267 3927 vestra
1302 3912 1667 3927 .....

679 3962 974 4032 Postquam
1012 3960 1082 4016 de
1117 3960 1350 4015 transitu
1392 4001 1404 4012 .
1479 4000 1493 4014 .
1567 4002 1580 4014 .
1654 4002 1667 4014 .

678 4051 973 4120 Postquam
1009 4051 1129 4105 Deo
1160 4049 1403 4119 propicio
1477 4090 1489 4102 .
1566 4090 1577 4103 .
1651 4090 1666 4104 .

677 4139 972 4208 Postquam
1010 4138 1241 4193 ecclesia
1275 4138 1616 4194 corbeiensis
1652 4181 1666 4192 .

677 4228 973 4297 Postquam
1010 4227 1277 4297 gloriosus
1311 4225 1488 4282 iilius.
1564 4268 1577 4281 .

676 4317 810 4372 Post
843 4316 1075 4371 reditum
1111 4321 1355 4371 nostrum
1393 4332 1428 4371 a
1476 4357 1489 4370 .
1564 4358 1577 4370 .
1652 4358 1664 4370 .

675 4405 809 4460 Post
842 4405 1075 4461 reditum
1110 4411 1355 4461 nostrum
1391 4422 1427 4461 a
1475 4446 1486 4459 .
1561 4445 1575 4459 .
1650 4446 1663 4459 .

676 4493 1128 4549 Predecessorum
1162 4499 1470 4551 noan-orum
1560 4534 1573 4547 .
1649 4536 1662 4547 .

1667 1871 1679 1882 .
1751 1830 1857 1885 513

1763 614 1867 656 1³⁸8·

1763 679 1866 732 571

1798 766 1868 821 99

1761 854 1865 909 491

1760 943 1867 997 392

1760 1121 1862 1175 501

1761 1299 1865 1354 174

1753 1477 1859 1530 222

1755 1565 1857 1620 119

1753 1743 1856 1798 107

1748 1919 1854 1973 487

1744 2365 1856 3129 assessis}

1747 3254 1776 3306 μ

1781 3253 1848 3306 2³3

1529 460 1742 506 INITIA
1785 458 2268 507 EPIS‘POLARUM

1941 678 2668 733 Presentiamtuamcum.
2745 719 2758 732 .
2833 720 2848 732 .
2925 720 2938 732 .

2926 770 3112 824 ..52⁰

1940 767 2129 821 Preter
2165 782 2505 822 communem
2540 768 2798 824 karitatis
2837 809 2848 821 .

1939 855 2121 911 Primo
2156 856 2277 911 loco
2313 854 2521 926 absque
2566 896 2939 913 .....

1938 944 2096 999 Prius
2130 944 2350 1014 quidem
2386 945 2686 1014 preclaram
2741 988 2754 999 .
2835 988 2850 1000 .
2928 983 2943 995 .

1937 1034 2042 1088 Pro
2078 1048 2161 1102 eo,
2198 1033 2344 1103 quod
2380 1034 2584 1088 domini
2649 1074 2662 1087 .
2739 1075 2754 1087 .

1935 1300 2163 1368 Propter
2197 1300 2552 1354 necessitates
2645 1339 2660 1353 .

1935 1389 2074 1459 Qua
2108 1386 2414 1443 devotionis
2449 1387 2712 1443 instantia
2736 1428 2750 1440 .
2832 1430 2846 1442 .
2925 1430 2940 1442 .

1933 1476 2104 1542 Quam
2142 1491 2271 1546 egre
2307 1481 2365 1531 et
2399 1492 2560 1546 quam
2643 1517 2656 1529 .
2733 1519 2747 1529 .

1932 1565 2105 1631 Quam
2141 1570 2329 1635 gratus
2365 1566 2438 1620 sit
2467 1604 2936 1620 ......

1932 1654 2190 1720 Quamvis
2225 1653 2388 1708 Tullii
2421 1653 2589 1709 libros
2648 1695 2658 1705 .

1930 1743 2147 1808 Quanta
2180 1742 2519 1812 benignitate
2553 1742 2728 1798 dolori

1929 1831 2198 1897 Quantam
2233 1831 2292 1885 in
2328 1830 2676 1901 expeditione
2734 1872 2746 1884 .
2828 1874 2841 1885 .
2922 1875 2934 1886 .

1929 1920 2144 1986 Quanta
2177 1936 2279 1976 nos
2314 1919 2567 1975 karitatis
2641 1960 2653 1973 .
2731 1960 2744 1972 .

1927 2009 2169 2075 Quantas
2204 2024 2428 2079 possum
2464 2009 2836 2078 magnitudini

1927 2097 2143 2163 Quanta
2177 2096 2525 2152 sublimitatis
2555 2138 2931 2153 .....

1927 2186 2153 2253 Quantis
2187 2185 2604 2241 necessitatibus
2643 2227 2656 2239 .
2732 2226 2745 2238 .
2823 2227 2840 2241 .
2917 2229 2932 2242 .

1928 2275 2141 2341 Quanto
2178 2275 2417 2329 caritatis
2451 2274 2635 2330 studio
2730 2315 2743 2327 .
2823 2317 2836 2330 .
2915 2318 2928 2330 .

1929 2365 2142 2430 Quanto
2178 2363 2446 2434 cupidinis
2481 2364 2612 2433 igne
2642 2405 2654 2416 .
2733 2406 2742 2416 .
2824 2406 2837 2418 .
2918 2407 2926 2417 .

1929 2452 2141 2518 Quanto
2177 2452 2362 2522 sepius
2397 2452 2467 2507 de

1929 2541 2199 2606 Quantum
2237 2541 2492 2596 affectum
2529 2557 2662 2612 erga
2729 2583 2742 2595 .
2821 2583 2837 2597 .
2913 2585 2927 2598 .

1928 2630 2198 2696 Quantum
2236 2630 2452 2700 doloris,
2489 2638 2756 2701 quantum
2820 2675 2834 2686 .
2912 2676 2925 2687 .

1925 2720 2197 2785 Quantum
2233 2719 2583 2775 iocunditatis
2637 2762 2650 2774 .
2728 2764 2740 2775 .
2821 2762 2834 2777 .
2910 2766 2923 2777 .

1924 2808 2195 2874 Quantum
2232 2809 2304 2862 sit
2336 2810 2705 2864 necessarium
2727 2850 2740 2864 .
2819 2852 2832 2864 .
2909 2853 2924 2865 .

1924 2896 2194 2962 Quantum
2232 2898 2304 2952 sit
2337 2899 2704 2954 necessarium
2727 2941 2739 2952 .
2820 2942 2831 2952 .
2909 2942 2923 2954 .

1923 2986 2194 3051 Quantum
2230 2986 2428 3041 vestris
2461 2988 2870 3046 calamitatibus
2907 3031 2921 3044 .

1924 3074 2094 3139 Quem
2132 3089 2268 3143 erga
2301 3075 2584 3146 imperium
2634 3118 2646 3129 .
2727 3120 2737 3130 .

1923 3163 2060 3229 Quia
2096 3162 2357 3218 Farfense

1922 3252 2060 3318 Quia
2095 3250 2411 3308 fidelitatem
2444 3258 2596 3308 tuam
2631 3295 2644 3308 .
2722 3296 2733 3306 .

1922 3342 2060 3408 Quia
2093 3342 2235 3396 inter
2271 3348 2481 3397 ceteros
2543 3381 2917 3398 .....

1922 3430 2061 3496 Quia
2093 3431 2235 3485 inter
2268 3430 2552 3486 universos
2630 3472 2644 3485 .
2721 3473 2733 3484 .
2814 3474 2827 3485 .
2905 3474 2916 3486 .

1919 3519 2057 3585 Quia
2091 3524 2217 3589 post
2251 3519 2414 3575 deum
2453 3560 2916 3578 ......

1919 3608 2056 3674 Quia
2090 3613 2217 3679 post
2252 3607 2528 3663 dominum
2628 3651 2640 3661 .
2719 3650 2734 3662 .
2810 3651 2826 3665 .
2900 3653 2914 3663 .

1918 3696 2056 3762 Quia
2091 3712 2230 3767 quae
2265 3698 2417 3767 pacis
2456 3739 2915 3752 ......

1917 3785 2146 3851 Quidam
2185 3787 2404 3855 sapiens
2440 3786 2577 3841 dixit
2631 3828 2642 3839 .
2720 3828 2733 3841 .
2812 3831 2824 3843 .
2902 3830 2915 3843 .

1919 3874 2188 3940 Quociens
2224 3875 2475 3930 Mercurii
2539 3915 2914 3931 .....

1918 3962 2074 4028 Quod
2110 3963 2181 4018 ad
2217 3964 2506 4033 gloriosam
2539 4004 2914 4020 .....

1918 4051 2074 4117 Quod
2111 4053 2377 4107 aecclesia
2409 4053 2758 4111 corbeiensis
2809 4097 2822 4109 .
2900 4097 2913 4110 .

1917 4140 2075 4206 Quod
2111 4141 2180 4196 de
2217 4143 2399 4211 aliquo
2434 4143 2606 4197 tristis
2720 4185 2731 4198 .
2808 4186 2822 4198 .
2902 4188 2913 4198 .

1916 4229 2072 4295 Quod
2108 4229 2177 4284 de
2213 4230 2499 4287 dilectione
2539 4271 2912 4288 .....

1916 4319 2071 4385 Quod
2109 4319 2365 4375 dilectum
2399 4325 2609 4391 patrem
2716 4363 2728 4373 .
2805 4361 2819 4375 .
2898 4364 2910 4376 .

2895 4453 2908 4465 .
2980 4413 3081 4467 315

1914 4495 2069 4561 Quod
2104 4494 2251 4552 fama
2284 4498 2527 4566 predicat
2621 4540 2634 4551 .
2716 4541 2729 4553 .
2803 4541 2818 4553 .
2894 4542 2906 4553 .

674 4582 996 4639 Prelationis
1031 4583 1242 4638 sarcina
1297 4623 1662 4637 .....
1733 4585 1837 4640 557
1874 4623 1879 4655 3
1911 4584 2067 4650 Quod
2102 4586 2255 4640 iuxta
2287 4586 2629 4643 vocationem
2712 4630 2725 4643 .
2801 4631 2815 4641 .
2892 4631 2904 4643 .

1915 4407 2071 4474 Quod
2106 4408 2293 4464 divina
2326 4411 2382 4464 in
2419 4411 2686 4466 aecclesia
2716 4451 2728 4463 .
2805 4452 2819 4464 .

2992 3169 3094 3222 574

2897 3297 2910 3308 .
2994 3258 3094 3311 152

3001 617 3092 661 pag

3041 634 3108 735 εἰ

3007 860 3109 914 347

1937 1122 2042 1176 Pro
2077 1121 2462 1190 moderatione,
2497 1138 2610 1191 qua
2646 1163 2658 1174 .
2736 1163 2751 1176 .
2831 1164 2845 1177 .
3005 1038 3109 1091 352

1936 1211 2041 1265 Pro
2078 1211 2299 1280 negotio
2333 1210 2531 1265 nobilis
2558 1251 2939 1266 .....
