3319 5242
487 586 622 642 1157

419 661 533 719 Aug.
555 661 679 720 Sept.

713 422 844 489 602
1380 440 1680 488 wmALm
1723 439 2098 489 nrrsronffl
2137 440 2245 487 4⁷0.
2281 440 2412 488 ms

711 582 859 650 Dux
915 583 1130 668 itaque
1180 580 1480 649 Poloniae
1497 578 1514 609 ¹
1570 601 1714 649 cum
1774 586 1986 649 totam‘
2030 588 2265 650 terram
2326 588 2391 650 et
2444 583 2751 671 populum
2807 584 2849 651 a
2898 584 3053 668 facie

709 719 935 766 manus
980 704 1234 766 nostrae
1274 698 1621 785 periclitari
1650 700 1911 783 videret,
1956 699 2278 786 principes
2306 705 2557 767 nostros
2588 706 2724 767 tum
2756 722 2874 787 per
2902 721 3056 767 nun-

711 815 841 881 cios
900 835 1046 881 suos
1101 819 1237 880 tum
1291 815 1361 880 in
1403 835 1678 901 persona
1721 816 1982 903 propria
2026 814 2425 899 aggrediens,
2483 816 2699 883 multis
2741 817 3056 903 precibus,

709 930 927 997 multis
972 931 1249 997 lacrimis
1279 931 1389 996 vix
1434 932 1693 999 tandem
1737 932 2124 1019 impetravit,
2170 937 2243 996 ut
2286 931 2582 1016 subiuga
2610 934 3058 999 dominationis

710 1051 923 1113 nostre
968 1047 1175 1113 redire
1223 1052 1286 1113 et
1328 1048 1597 1130 gratiam
1644 1053 1924 1114 nostram
1971 1066 2346 1133 recuperare
2381 1054 2748 1116 mereretur.
2813 1049 2887 1115 In
2919 1069 3058 1135 pre-

709 1161 875 1229 dicto
907 1164 1121 1248 itaque
1152 1163 1518 1250 episcopatu
1548 1162 1826 1247 Pozuan,
1872 1165 1943 1230 in
1970 1165 2325 1231 territorio·
2354 1162 2727 1249 Crisgowe',
2773 1165 3058 1251 prefatus

709 1279 836 1344 dux
879 1277 1196 1344 Bolizlaus
1208 1278 1253 1363 ¹³,
1301 1279 1565 1366 pedibus
1609 1279 1960 1347 maiestatis
2003 1285 2219 1347 nostre
2262 1279 2650 1367 provolutae,
2696 1281 3058 1347 interventu

706 1395 1065 1481 principum
1114 1393 1234 1460 hoc
1277 1396 1496 1462 ordine
1540 1395 1610 1461 in
1653 1397 1924 1479 gratiam
1969 1401 2252 1463 nostram
2297 1403 2397 1463 est
2436 1402 2745 1483 receptus.
2841 1397 3053 1464 Primo

704 1511 942 1577 iuravit
996 1530 1114 1595 pro
1160 1531 1230 1577 se
1274 1514 1339 1576 et
1381 1531 1497 1597 pro
1544 1510 1834 1578 omnibus
1878 1510 2133 1578 Polonis
2147 1561 2167 1597 ,
2225 1512 2394 1599 quod
2435 1513 2634 1579 frater
2677 1509 2868 1579 suus⁸
2914 1514 3055 1580 exul

709 1626 789 1693 ad
855 1626 1266 1710 ignominiam
1321 1626 1589 1693 Romani
1655 1627 1910 1714 imperii
1961 1647 2090 1694 non
2145 1628 2338 1695 fuerit
2391 1628 2710 1715 expulsus.
2811 1629 3055 1696 Deinde

704 1743 1025 1830 pollicitus
1083 1748 1181 1809 est
1235 1742 1387 1809 dare
1446 1743 1568 1808 duo
1624 1743 1805 1810 milia
1856 1764 2215 1811 marcarum
2266 1745 2479 1829 nobis,
2541 1751 2605 1811 et
2661 1746 3055 1832 principibus

704 1859 913 1943 mille,
971 1865 1037 1925 et
1088 1858 1274 1924 uxori
1328 1863 1582 1926 nostrae
1625 1860 1853 1943 viginti
1910 1880 2156 1927 marcas
2203 1862 2377 1946 auri,
2435 1865 2502 1927 et
2544 1861 2756 1927 curiae
2800 1867 3055 1928 nostrae

707 1975 1005 2042 ducentas
1051 1993 1297 2041 marcas
1343 1976 1607 2060 argenti,
1652 1995 1771 2062 pro
1808 1996 1885 2042 ea
1912 1976 2310 2061 negligentia,
2360 1976 2528 2062 quod
2558 1976 2640 2043 ad
2667 1979 2913 2044 curiam
2942 1998 3053 2044 no-

705 2096 906 2159 stram
948 2110 1076 2157 non
1106 2096 1367 2157 venerat
1407 2111 1524 2158 nec
1570 2092 1648 2158 de
1677 2096 1851 2158 terra
1878 2091 2159 2160 debitam
2186 2092 2368 2160 nobis
2396 2093 2634 2160 fecerat
2659 2091 3048 2162 fidelitatem.

705 2207 945 2275 Iuravit
989 2227 1234 2293 quoque
1272 2208 1739 2294 expeditionem
1769 2206 2097 2275 Ytalicam.
2171 2209 2414 2276 Deinde
2454 2209 2710 2294 iuravit,
2759 2211 2932 2295 quod
2973 2211 3053 2277 ad

703 2324 943 2391 curiam
988 2328 1273 2391 nostram
1317 2323 1748 2408 Magdeburgh
1793 2326 1859 2391 in
1904 2325 2103 2391 natali
2133 2320 2424 2391 Domini⁴
2466 2324 2910 2392 celebrandam
2947 2347 3050 2393 ve-

703 2441 843 2508 nire
888 2440 1134 2524 debeat,
1182 2460 1371 2527 super
1401 2440 1794 2524 querimonia
1821 2441 2037 2508 fratris
2069 2441 2169 2506 sui
2197 2440 2442 2527 expulsi
2474 2440 2759 2526 plenarie
2786 2462 3048 2528 respon-

705 2577 910 2624 surus.
985 2554 1232 2643 Sicque,
1278 2557 1490 2623 iurata
1517 2556 1699 2624 nobis
1733 2555 2054 2643 fidelitate,
2103 2561 2166 2623 et
2209 2557 2288 2624 de
2333 2557 2713 2644 supradictis
2757 2558 3046 2626 omnibus

703 2671 973 2740 fideliter
1027 2672 1354 2759 explendis
1413 2674 1686 2760 acceptis
1743 2673 2063 2740 obsidibus
2121 2672 2446 2741 Cazimero
2498 2674 2695 2742 fratre
2751 2675 2930 2742 ducis
2988 2681 3048 2740 et

705 2788 847 2855 aliis
892 2788 1228 2873 nobilibus,
1274 2789 1541 2873 gloriose
1585 2789 1720 2856 Deo
1767 2789 1922 2856 duce
1966 2790 2363 2857 revertimur.

884 2904 1248 2991 Caeterum,
1316 2905 1466 2989 quia
1521 2907 1591 2971 in
1649 2903 1962 2990 legatione
2017 2904 2362 2973 Grecorum
2412 2907 2816 2994 prudentiam
2873 2911 3042 2972 tuam

702 3020 885 3088 nobis
932 3021 1151 3088 adesse
1197 3021 1646 3107 desideramus,
1690 3022 2048 3089 mandando
2091 3042 2387 3106 rogamus
2422 3022 2820 3089 dilectionem
2850 3028 3042 3104 tuam,

703 3138 997 3225 quatinus
1055 3139 1124 3205 in
1168 3138 1387 3224 vigilia
1431 3138 1635 3206 sancti
1680 3137 2004 3206 Michaelis
2017 3136 2039 3170 ⁸
2084 3138 2451 3207 Wirzeburc
2492 3139 2676 3207 nobis
2721 3158 3042 3206 occurrere

699 3255 980 3323 festines.

704 3466 885 3538 471.
925 3470 1134 3535 Notae
1177 3467 1740 3534 Helberstademes.
2724 3466 2836 3548 (Μ.
2867 3469 3043 3550 419.)

883 3595 1266 3687 Imperator⁶
1297 3598 1565 3666 Karolus
1592 3599 1994 3686 parrochiam
2023 3598 2617 3667 Halberstadensem
2644 3601 2836 3666 certis
2863 3601 3045 3667 undi-

704 3737 827 3804 que
883 3715 1378 3801 circumscripsit
1428 3715 1717 3782 terminis
1776 3736 2012 3800 suoque
2056 3716 2370 3800 augustali
2411 3717 2679 3802 imperio
2727 3722 2791 3783 et
2836 3718 3045 3805 inpre-

703 3832 1030 3901 varicabili
1044 3842 1066 3869 ⁸
1108 3831 1442 3919 privilegio
1485 3829 1766 3898 fimavit
1810 3835 1958 3899 804.
2002 3832 2149 3899 Idus
2192 3831 2360 3919 May,
2407 3833 2749 3900 indictione
2802 3836 2905 3917 10,
2950 3834 3046 3899 sui

704 3956 915 4017 autem
958 3949 1139 4033 regni
1168 3950 1276 4033 34,
1321 3947 1574 4034 imperii
1601 3968 1752 4015 vero
1796 3950 2012 4032 tercio,
2060 3948 2473 4016 ordinationis
2503 3947 2880 4033 Hildegrimi
2912 3950 3044 4037 epi-

844 4114 885 4147 a.
926 4100 1245 4148 territoritorio
1278 4118 1317 4146 c.
1440 4098 1486 4145 b.
1517 4098 1729 4145 Bolizaus
1761 4117 1799 4146 c.
1924 4113 1962 4145 c.
1993 4099 2352 4159 inprevulicsbili
2384 4119 2422 4147 e.

846 4189 896 4243 1.
932 4187 1215 4243 Boleslaus
1250 4185 1347 4243 IV.
1474 4186 1525 4240 2.
1563 4185 1955 4257 Krzyszkowo,
1993 4201 2028 4240 a
2055 4186 2328 4241 Posnauia
2360 4187 2503 4242 inter
2537 4187 2954 4258 septemtriones
2985 4191 3040 4241 et

701 4275 1058 4332 occidentem.
1200 4277 1251 4331 3.
1290 4274 1621 4332 wladislaus
1654 4274 1711 4329 Π
1745 4274 1874 4330 dux.
2015 4274 2068 4329 4.
2106 4275 2175 4330 25
2208 4274 2343 4331 Dec.
2386 4277 2539 4331 1157.
2683 4276 2737 4332 5.
2784 4277 2856 4331 28
2889 4274 3037 4346 Sept.

703 4366 754 4420 6.
803 4364 1182 4435 Imperator
1219 4394 1286 4403 —
1323 4365 1690 4419 nominato,
1746 4364 1954 4418 Eadem
2003 4361 2117 4418 fere
2162 4364 2416 4434 leguntur
2452 4381 2538 4434 ap.
2563 4362 2906 4419 Annalistam
2946 4363 3036 4418 Sa·

700 4468 917 4523 xonem,
943 4454 1048 4509 803
1077 4453 1134 4508 in
1157 4453 1301 4509 Mon.
1327 4452 1511 4509 Germ.
1539 4451 1635 4509 SS.
1653 4452 1751 4510 VI.
1777 4453 1883 4508 565
1907 4457 1963 4508 et
1984 4453 2039 4507 in
2064 4451 2262 4509 Cliton.
2287 4452 2719 4509 Halberstatensi
2736 4453 2823 4509 ed.
2844 4452 3034 4509 Schnz

510 4525 511 4532 ἵ
550 4541 641 4626 'Q
699 4560 755 4616 p.
781 4543 961 4640 253.
