3319 5242
627 399 748 447 VIII
1600 401 2014 449 PROOEMIUM

636 541 949 635 „Fontes
1018 567 1261 619 rerum
1329 542 1994 638 Germanicarum“,
2066 546 2389 644 quamvis
2458 569 2607 621 non
2674 568 2974 646 prorsus

629 683 1118 785 Scriptoribus
1157 687 1685 779 contineantur,
1726 687 2080 764 eiusmodi
2120 712 2280 763 esse
2308 694 2526 788 patet,
2568 688 2759 764 unde
2790 712 2975 787 quae

625 828 934 904 maxime
1002 828 1080 903 in
1144 888 1177 921 „
1201 829 1687 905 Monumentis
1713 834 1747 868 “
1808 831 2274 930 requiruntur
2337 831 2767 906 redundent.
2861 830 2974 906 Id-

628 940 825 1048 circo
868 994 957 1047 ea
991 972 1272 1048 ratione
1308 972 1653 1048 utendum
1707 996 1868 1049 esse
1909 973 2222 1066 decrevi,
2261 978 2342 1048 ut
2377 974 2679 1069 singulis
2717 973 2975 1050 biblio-

627 1113 881 1189 thecae
935 1114 1146 1189 huius
1201 1114 1688 1190 voluminibus
1745 1115 2274 1214 quodammodo
2333 1116 2731 1192 defectibus
2777 1116 2976 1209 „Mo-

626 1261 1176 1333 numentorum“
1241 1257 1745 1352 subveniatur,
1802 1282 1941 1335 nec
1998 1283 2185 1359 quae
2243 1260 2385 1335 iam
2440 1260 2516 1333 in
2571 1260 2697 1335 illo
2755 1283 2979 1360 opere

625 1399 873 1474 insunt
928 1398 1369 1491 devitentur,
1435 1401 1869 1499 praesertim
1937 1402 2035 1493 si,
2109 1402 2306 1477 omni
2375 1425 2643 1497 genere
2698 1402 2981 1502 proprii

625 1541 894 1617 laboris
963 1541 1317 1634 adhibito,
1400 1548 1746 1643 putentur
1811 1543 2056 1643 paullo
2133 1545 2437 1619 meliora
2502 1545 2661 1619 fieri
2729 1568 2972 1644 posse.

624 1683 866 1783 Atque
920 1684 1100 1761 haec
1156 1690 1234 1760 ut
1289 1685 1712 1779 efficiantur,
1776 1687 2273 1785 unusquisque
2327 1686 2811 1763 bibliothecae
2866 1693 2977 1763 to-

625 1850 785 1902 mus
823 1826 929 1904 sic
968 1827 1513 1903 constituendus
1541 1829 1848 1920 videtur,
1888 1834 1967 1903 ut
2005 1852 2252 1904 earum
2287 1829 2549 1905 habeat
2582 1830 2982 1905 litterarum

624 1970 1079 2062 varietatem,
1151 1992 1338 2069 quae
1395 1977 1518 2047 aut
1585 1970 1675 2046 ad
1731 1996 1952 2046 unum
2006 1970 2248 2047 locum
2304 1972 2458 2047 sive
2513 1972 2768 2047 urbem
2824 1974 2979 2048 sive

627 2112 1062 2191 coenobium
1127 2113 1575 2212 pertineant,
1661 2119 1783 2189 aut
1862 2113 2176 2189 hominis
2259 2114 2693 2213 praestantis
2761 2115 2979 2191 rebus

628 2256 852 2354 gestis
907 2256 1152 2332 lumen
1207 2257 1528 2347 afferant,
1586 2255 1941 2355 quibusve
1978 2279 2321 2352 magnum
2359 2257 2655 2354 aliquod
2690 2257 2981 2358 imperii

625 2406 911 2500 tempus
968 2404 1469 2494 cognoscatur.

786 2543 1012 2641 Igitur
1048 2565 1233 2641 quae
1265 2540 1645 2618 Corbeiam
1675 2540 2228 2618 celeberrimum
2253 2541 2745 2643 Westphaliae
2772 2567 2976 2619 mon·

629 2688 972 2765 asterium
1040 2692 1403 2785 spectant,
1475 2691 1944 2763 monumenta
2011 2686 2090 2762 in
2158 2688 2297 2764 hoc
2364 2687 2680 2787 primum
2737 2686 2981 2787 operis

627 2832 969 2908 volumen
1024 2829 1319 2906 contuli.
1410 2830 1568 2920 Quo
1626 2829 1920 2929 quidem
1968 2830 2045 2907 in
2082 2831 2269 2908 libro
2310 2830 2763 2909 conficiendo
2802 2829 2982 2905 nihil

627 2974 807 3051 mihi
870 2973 1109 3074 potuit
1177 2973 1448 3069 gratius
1503 2974 2019 3073 acceptiusque
2093 2975 2551 3069 contingere,
2623 2995 2838 3070 quam
2905 2978 2984 3047 ut

634 3116 1014 3195 Carolus
1052 3115 1578 3194 Wilhelmus
1617 3116 1721 3191 de
1756 3115 2321 3206 Lancizolle,
2369 3114 2726 3189 universis
2762 3113 2979 3189 Prus-

632 3261 783 3336 siae
835 3258 1206 3335 tabulariis
1254 3259 1479 3355 regiis
1528 3257 1959 3356 praefectuS,
2019 3280 2271 3332 omnes
2310 3257 2570 3357 quibus
2609 3280 2791 3357 opus
2830 3263 2984 3334 erat

634 3409 707 3479 et
739 3401 1236 3477 Berolinensis
1293 3406 1366 3475 et
1399 3399 1990 3476 Monasteriensis
2048 3406 2120 3475 et
2170 3400 2820 3500 Dusseldorpensis
2872 3405 2979 3475 ta-

632 3544 895 3622 bularii
964 3542 1256 3619 codices
1324 3567 1541 3618 manu
1611 3542 1922 3641 scriptos
1992 3566 2135 3642 qua
2201 3542 2491 3619 excellit
2557 3543 2982 3619 liberalitate

632 3688 812 3764 mihi
864 3686 1393 3761 subministrari
1446 3684 1750 3760 iuberet.

796 3863 1122 3939 Berolini
1185 3869 1278 3937 14
1334 3862 1489 3937 Kal.
1532 3861 1823 3937 Martias
1889 3867 2114 3939 1864.
