3319 5242
846 448 1146 496 wmALm
1187 434 1560 496 nprs’fonffl
1602 448 1710 495 364.
1747 448 1853 496 ess.
2387 432 2520 499 493

354 586 470 655 Set
524 587 678 657 haec
731 590 946 657 omnia
992 610 1107 677 pro
1152 596 1299 657 voto
1346 592 1578 678 adepta
1620 590 1852 676 gaudia
1895 591 2267 659 amaricavit
2311 592 2519 658 obitus
2558 598 2698 717 iffi?

188 704 564 772 serenissimi
608 706 848 774 domini
890 708 1093 774 nostri
1120 707 1547 775 Romanorum
1582 707 1752 792 regis
1779 707 2002 773 incliti.
2066 707 2259 774 Cuius
2288 710 2521 775 transi-

185 825 278 888 tus
296 817 332 904 ¹,
377 821 529 890 licet
571 843 698 890 non
729 824 1045 891 immerito
1078 825 1506 893 universitatis
1536 829 1783 891 vestrae
1813 825 2055 891 animos
2087 826 2519 904 commoverit,

479 2626 526 2639 U·
538 2626 667 2641 vvm
678 2626 695 2640 Ο

354 2687 826 2758 Declinavimus
865 2690 1192 2778 paululum
1224 2692 1305 2759 ad
1334 2689 1772 2760 Stabulensem
1805 2689 2193 2775 aecclesiam,
2238 2694 2329 2776 ut,
2376 2709 2520 2757 cum

168 2823 320 2872 eam
349 2805 654 2873 fuerimus
683 2808 1006 2894 consolati,
1055 2808 1134 2875 ad
1165 2830 1297 2893 vos,
1342 2809 1602 2876 liberius
1633 2813 1698 2875 et
1727 2808 1962 2876 diutius
1992 2808 2302 2892 mansuri,
2342 2807 2521 2874 brevi

164 2920 391 3008 elapso
436 2928 720 3010 tempore
762 2931 1172 2992 revertamur.
1313 2924 1730 2992 Universitati
1773 2929 1984 2992 autem
2014 2930 2261 2993 vestrae
2298 2929 2521 2991 notum

164 3057 315 3105 esse
359 3037 679 3124 volumus,
737 3042 904 3126 quod
960 3042 1224 3108 domnus
1269 3040 1604 3109 Heinricus
1617 3037 1663 3127 ²,
1719 3042 1827 3127 qui
1882 3041 2264 3107 monasterio
2306 3046 2519 3108 vestro

163 3152 514 3239 aliquando
558 3157 813 3243 prefuit,
859 3158 1144 3226 ordinem
1188 3158 1543 3243 sacerdotii,
1590 3179 1629 3224 a
1673 3178 1796 3244 quo
1841 3157 2165 3244 depositus
2207 3157 2435 3242 fuerat,
2482 3157 2521 3223 a

161 3270 408 3337 domno
451 3291 622 3359 papa
663 3294 791 3340 non
834 3276 1092 3362 recepit.
1158 3274 1362 3362 Super
1405 3276 1582 3343 cuius
1627 3275 1724 3343 rei
1754 3274 2101 3342 assertione
2129 3294 2245 3342 nos
2273 3273 2519 3342 litteras

161 3386 459 3456 eiusdem
504 3388 719 3457 domni
762 3411 967 3479 papae
1013 3392 1367 3481 accepimus
1380 3388 1421 3460 ⁸.

161 3616 359 3689 365.
396 3621 713 3689 Wibaldus
744 3623 1127 3712 Stephanum
1172 3629 1528 3713 episcopum
1557 3624 1890 3691 Metemem
1927 3635 2123 3710 royat,
2170 3648 2249 3690 ne
2277 3635 2521 3690 contro-

399 3741 663 3804 versiam
708 3742 786 3806 de
830 3742 1107 3829 eliyendo
1154 3744 1374 3810 abbate
1409 3741 1893 3808 Wala‘odorensi
1924 3752 2141 3824 mam,
2191 3753 2521 3830 antequam

401 3877 593 3920 novus
635 3880 749 3922 rex
793 3857 1013 3923 electus
1056 3860 1150 3940 sit,
1201 3860 1523 3924 discernat.
2196 3855 2306 3939 (M.
2339 3856 2517 3938 341.)

354 3984 718 4055 Reverendo
761 3990 831 4056 in
867 3988 1116 4057 Christo
1161 3992 1331 4077 patri
1374 4008 1488 4057 suo
1520 3988 1891 4076 St(ephano)
1939 3996 2190 4057 sanctae
2217 3989 2518 4057 Metensis
2556 4001 2695 4056 1152

152 4103 515 4172 aecclesiae
568 4106 911 4173 venerabili
969 4108 1260 4194 episcopo
1314 4107 1511 4174 frater
1562 4105 1941 4189 W(ibaldus)
1995 4106 2115 4173 Dei
2171 4106 2377 4190 gratia
2428 4107 2515 4192 id,
2558 4074 2690 4121 Μ’·

150 4221 347 4308 qnod
402 4226 501 4288 est
549 4222 619 4289 in
676 4222 978 4292 aecclesia
1032 4222 1369 4308 catholica,
1429 4223 1691 4309 exiguas
1748 4223 2062 4291 orationes
2114 4227 2181 4290 et
2221 4222 2518 4290 devotum

142 4337 522 4406 servitium.

317 4481 571 4528 menie.

317 4567 369 4622 1.
407 4567 567 4623 Febr.
596 4567 681 4623 15.
823 4569 876 4623 2.
912 4567 940 4623 1
974 4567 1146 4625 abbas
1183 4567 1546 4626 corbeiensis.
1692 4570 1746 4625 3.
1783 4583 1869 4638 ep.
1898 4568 1999 4623 361
2040 4583 2207 4638 supra
2242 4583 2298 4638 p.
2320 4568 2445 4624 490.
