3319 5242
935 465 1233 513 wmanm
1275 464 1651 513 nrm-ronan.
1693 465 1799 512 325.
1833 465 1940 512 sae.
2483 449 2615 516 455

263 608 445 690 tinet,
492 610 559 672 et
601 607 951 679 orationem
996 607 1131 674 eius
1175 607 1430 673 invocat
1469 611 1794 695 perpetue.
1856 607 2011 676 Vult
2052 608 2247 693 igitur
2275 608 2615 697 imperium
2656 614 2792 670 1151

261 741 477 789 meum
490 772 510 806 ‚
578 742 703 807 quo
767 743 987 789 rursus
1047 723 1242 789 etiam
1298 727 1411 790 tua
1462 725 1833 811 preciositas
1892 724 2136 792 laboret
2187 726 2257 791 in
2312 726 2615 793 honorem

259 838 535 924 predicti
577 837 1071 924 prenobilissimi
1113 840 1299 923 regis.
1362 839 1724 926 Numquam
1770 841 1937 907 enim
1981 841 2263 908 inveniet
2288 841 2614 909 meliorem

260 954 617 1021 adiutorem
660 954 730 1022 in
774 955 1098 1022 servitium
1146 961 1367 1023 contra
1395 955 1678 1023 Siculum
1723 957 1884 1023 etin
1913 962 2163 1023 caetera
2191 959 2450 1026 servitia
2478 980 2611 1027 sua.

258 1070 416 1137 Vult
473 1076 686 1138 autem
742 1076 808 1138 et
859 1072 1199 1158 imperium
1254 1092 1495 1157 meum,
1554 1078 1628 1139 ut
1678 1073 1872 1139 etiam
1916 1094 2031 1160 per
2075 1074 2423 1161 scripturas
2466 1079 2614 1143 tuae

254 1187 683 1274 preciositatis
729 1187 1026 1254 doceatur
1069 1188 1436 1274 sospitatem
1482 1189 1704 1275 ipsius.
1780 1187 2077 1273 Magnam
2123 1191 2292 1256 enim
2339 1190 2615 1258 affectio-

256 1322 409 1371 nem
451 1302 646 1370 babet
687 1304 1027 1391 imperium
1071 1325 1283 1371 meum
1326 1306 1395 1370 in
1435 1310 1611 1372 tuam
1641 1305 2132 1390 preciositatem,
2179 1326 2260 1373 ex
2289 1326 2412 1393 quo
2443 1312 2613 1375 certe

254 1420 557 1504 cofflovit
606 1418 935 1487 florentem
987 1421 1056 1486 in
1101 1426 1166 1487 te
1208 1421 1528 1488 virtutem.
1620 1420 1821 1488 Missa
1866 1426 1963 1488 est
2007 1422 2086 1489 ab
2129 1422 2317 1490 Adon
2362 1428 2614 1491 servata

251 1554 496 1621 magna
535 1536 811 1620 civitate,
856 1555 1072 1602 mense
1115 1535 1368 1620 Martio,
1412 1536 1757 1604 indictione
1804 1540 1904 1605 14.

435 1649 490 1729 ⁸1·
553 1650 820 1719 Missum
885 1657 986 1719 est
1042 1651 1161 1719 tibi
1218 1652 1565 1720 examitum
1583 1648 1600 1681 ¹
1653 1650 2201 1739 megalogramon²
2261 1655 2573 1742 diplarion
2587 1650 2611 1684 ⁸

251 1767 475 1836 album
516 1765 584 1845 ·1·.

256 1979 358 2051 32
371 1980 442 2051 6.
483 1982 814 2049 Heinrious
859 1978 1180 2070 episeopus
1209 1981 1576 2049 Leodiemn's
1603 1982 1963 2071 Enyenium
1993 1983 2105 2051 ΙΠ
2121 2009 2370 2074 papam
2408 1999 2608 2075 royac,

481 2111 551 2165 ut
593 2100 944 2166 Amoldum
983 2098 1069 2164 II
1117 2100 1370 2165 electum
1413 2099 1943 2187 archiepiscopum
1991 2101 2410 2168 Coloniensem
2464 2126 2611 2169 con-

467 2217 701 2305 firmet.
2284 2215 2393 2296 (M.
2428 2219 2608 2300 309.)

2658 688 2791 736 Mart.

437 2346 802 2415 Reverendo
849 2348 1020 2435 patri
1066 2368 1180 2415 suo
1227 2352 1293 2415 et
1334 2348 1588 2414 domino
1616 2345 1956 2432 E(ugenio)
1990 2367 2235 2415 summo
2267 2355 2331 2416 01
2357 2351 2610 2418 univer·
2646 2368 2784 2424 1151

248 2465 379 2533 sali
426 2470 680 2531 sanctae
723 2463 1046 2531 Romanae
1093 2463 1431 2531 aecclesiae
1475 2462 1761 2551 pontifici
1805 2463 2192 2547 H(einricus)
2239 2465 2363 2533 Dei
2404 2468 2611 2551 gratia

247 2581 626 2651 Leodiensis
671 2579 1010 2649 aecclesiae
1054 2580 1310 2648 humilis
1357 2580 1648 2647 minister
1691 2585 1825 2648 tam
1871 2580 2163 2649 devotam
2209 2602 2399 2669 quam
2435 2583 2608 2653 debi-

246 2705 391 2766 tam
447 2698 643 2765 totius
702 2698 1109 2765 subiectionis
1165 2697 1587 2765 obedientiam
1644 2703 1708 2764 01
1759 2702 2126 2786 promptum
2184 2718 2257 2765 ac
2311 2698 2495 2768 fidele
2538 2702 2606 2768 111

246 2815 549 2884 omnibus
591 2815 979 2900 obsequium.

434 2931 590 2998 Post
634 2931 959 2998 decessum
1001 2930 1205 2997 bonae
1247 2929 1590 2996 memoriae
1616 2928 1937 3011 A(rnoldi)
1966 2928 2359 2998 Coloniensis
2403 2932 2606 3000 archi-

246 3043 572 3137 episcopi‘
615 3046 1009 3114 Coloniensis
1055 3044 1359 3112 aecclesia
1401 3065 1518 3112 nos
1565 3051 1629 3111 01
1686 3044 1844 3111 31103
1903 3045 2183 3113 eiusdem
2237 3048 2605 3135 metropolis

245 3163 683 3248 suffraganeos
741 3163 824 3230 ad
869 3163 1036 3229 diem
1082 3160 1404 3229 electionis
1447 3161 1646 3228 futuri
1690 3161 1995 3228 antistitis
2040 3162 2259 3229 ordine
2302 3165 2602 3231 canonico

246 3281 560 3350 evocavit.
651 3279 738 3346 Et
791 3278 1120 3365 premissis
1176 3277 1428 3346 ieiuniis
1485 3282 1550 3345 et
1601 3276 2023 3344 laetaniarum
2067 3278 2602 3347 obsecrationibus

245 3405 322 3467 et
360 3399 656 3464 invocata
701 3396 902 3462 sancti
933 3394 1210 3482 Spiritus
1255 3395 1463 3479 gratia
1506 3398 1571 3461 et
1614 3398 1874 3461 exorato
1921 3414 2016 3479 eo,
2062 3413 2102 3461 a
2136 3414 2258 3481 quo
2289 3401 2387 3462 est
2416 3416 2600 3464 omne

244 3515 472 3581 datum
518 3512 829 3599 optimum
875 3518 939 3579 et
982 3531 1167 3578 omne
1211 3511 1445 3578 donum
1488 3505 1873 3597 perfectum‘
1917 3511 2151 3597 quique
2192 3510 2347 3578 facit
2375 3514 2600 3579 unani·

242 3650 389 3698 mes
433 3628 721 3696 habitare
763 3629 832 3694 in
878 3627 1096 3713 domo,
1141 3627 1332 3711 elegit
1373 3627 1526 3712 sibi,
1569 3632 1813 3693 remoto
1859 3627 2033 3693 omni
2075 3627 2324 3714 privato
2368 3630 2597 3714 studi0,

245 3745 573 3815 communi
619 3745 899 3812 omnium
941 3764 1071 3811 non
1114 3742 1321 3809 dicam
1364 3743 1579 3810 favore
1623 3748 1691 3809 et
1735 3762 1994 3809 assensu
2038 3748 2137 3810 set
2179 3743 2490 3813 desiderio
2535 3752 2600 3813 et

246 3861 706 3931 acclamatione
734 3859 1107 3943 Arnoldum‚
1154 3859 1435 3926 eiusdem
1481 3858 1820 3927 aecclesiae
1848 3859 2153 3927 maiorem
2181 3862 2593 3948 prepositum,

244 3979 466 4063 regiae
518 3978 730 4045 curiae
786 3975 1258 4059 cancellarium,
1316 3975 1523 4042 virum
1567 3977 1786 4061 utique
1827 3976 2110 4044 moribus
2153 3982 2219 4043 et
2258 3977 2593 4063 natalibus,

245 4095 475 4163 ordine
535 4099 600 4161 01
655 4099 859 4162 aetate
911 4096 975 4160 01
1019 4092 1224 4158 01111113
1267 4090 1640 4178 prudentiae
1683 4092 1928 4159 ratione
1973 4092 2345 4159 sacerdotali
2388 4090 2592 4159 officio

243 4216 699 4295 congruentem
712 4260 733 4296 ‚
791 4210 900 4295 qui
942 4210 1109 4276 vitae
1160 4208 1387 4274 merito
1433 4213 1498 4275 et
1540 4206 1863 4274 doctrinae
1907 4208 2174 4275 scientia
2214 4213 2346 4274 tam
2380 4209 2594 4306 ‘possit

242 4328 554 4416 prodesse
620 4346 809 4413 quam
876 4344 1148 4412 preesse.
1252 4323 1457 4390 Tanta
1513 4324 1747 4410 quippe
1800 4324 1924 4390 fuit
1979 4324 2242 4390 actionis
2296 4323 2468 4391 illius
2520 4326 2589 4391 in

395 4485 445 4540 1.
500 4482 886 4540 holosericum.
1075 4482 1129 4537 2.
1182 4480 1334 4538 striis
1388 4480 1604 4552 magnis
1662 4485 1934 4537 ornatum.
2120 4481 2173 4537 3.
2225 4479 2587 4552 duplicatum.

242 4574 305 4631 4.
343 4572 626 4631 Amoldus
660 4573 688 4629 1
720 4570 962 4642 archiep.
998 4570 1190 4630 Colon.
1227 4569 1368 4627 obiit
1404 4571 1540 4627 1151
1576 4569 1713 4640 Apr.
1745 4570 1796 4626 3.
1940 4570 1993 4626 5.
2026 4568 2214 4628 Iacob.
2243 4571 2292 4640 1,
2323 4571 2410 4627 17.
