3319 5242
1069 503 1501 552 ‘mansuum
1547 505 1601 552 s.
1635 505 1778 551 vm
2507 487 2588 551 21

289 644 462 711 vulam
516 645 783 713 necdum
836 646 1021 712 unius
1080 647 1230 712 anni
1287 650 1561 712 aetatem
1614 644 1953 711 habentem
1967 695 1986 730 ‚
2058 664 2216 729 quae
2275 650 2596 712 contracto
2670 651 2776 706 836

288 760 724 828 debilitabatur·
775 782 971 847 genu3
1042 767 1107 828 et
1174 764 1243 829 in
1297 763 1436 849 ipso
1491 761 1628 828 loeo
1685 759 1972 827 restitui*
2018 761 2267 826 meruit.
2449 760 2600 828 Alia
2631 723 2738 771 M
2755 725 2814 772 ²⁸

287 876 442 942 etiam
482 878 691 964 puella
736 878 938 944 adfuit
981 878 1202 945 eadem
1248 879 1351 945 die
1398 899 1710 945 annorum
1748 882 1888 944 octo
1901 889 1945 962 ⁶,
1993 897 2153 963 quae
2196 882 2259 944 et
2288 877 2429 964 ipsa
2459 882 2598 944 erat

284 991 470 1059 debilis
511 994 809 1080 pedibus3
858 999 922 1061 et
964 994 1126 1061 duae
1170 994 1488 1080 muliereS,
1535 1014 1696 1080 quae
1742 998 1911 1059 stare
1957 1013 2147 1080 super
2191 993 2384 1081 pedes
2430 992 2594 1060 non‘¹

282 1106 535 1176 valebant
589 1110 703 1177 sed
749 1116 860 1177 aut
901 1110 1210 1197 portando
1259 1116 1369 1177 aut
1411 1110 1719 1198 reptando
1763 1109 2157 1193 ferebantur,
2219 1130 2467 1196 unaque
2514 1130 2593 1176 ex

280 1222 408 1309 ipsis
433 1246 688 1292 manum
730 1225 1003 1294 habebat
1033 1226 1293 1292 aridam.
1350 1226 1505 1294 Ubi
1535 1232 1802 1312 utraque
1833 1226 2168 1292 sanitatem
2197 1231 2589 1311 receperunt,

276 1344 327 1405 et
359 1342 620 1428 propriis
666 1342 1018 1409 redierunt‘
1045 1343 1331 1430 pedibus,
1379 1363 1539 1429 quae
1570 1348 1717 1410 ante
1759 1342 2055 1409 subibant
2086 1341 2327 1408 alienis,
2398 1340 2550 1419 Quis
2563 1351 2588 1386 ⁸

277 1455 417 1521 enim
457 1477 580 1524 non
626 1459 894 1525 miretur
938 1458 1007 1524 in
1051 1459 1170 1525 hoe
1212 1460 1378 1526 faoto
1422 1459 1600 1544 illud,
1649 1458 1818 1545 quod
1863 1458 2172 1525 Dominus
2220 1457 2298 1524 de
2344 1456 2446 1524 die
2491 1457 2588 1523 iu-

274 1569 397 1638 dicii
435 1573 746 1660 loquitur.
795 1588 922 1642 tum
965 1578 1154 1643 saliat
1196 1579 1453 1643 claudus
1495 1579 1651 1643 sicut
1696 1571 1951 1642 cervus&

418 1689 476 1755 A
517 1689 661 1757 loeo
718 1691 987 1777 denique
1043 1692 1328 1779 praefato
1383 1692 1650 1775 contigit
1707 1691 1830 1757 iter
1874 1711 1990 1777 per
2033 1690 2236 1776 Aquis
2281 1688 2591 1776 palatium

270 1802 467 1872 habere
508 1812 885 1893 noctemque
928 1808 1020 1875 ibi
1063 1827 1338 1875 manere.
1407 1807 1531 1875 Ubi
1561 1807 1900 1874 multitudo
1930 1828 2162 1891 magna
2188 1806 2588 1894 populorum,

269 1919 517 1988 virorum
566 1942 644 1989 ac
687 1923 1043 2008 mulierum,
1091 1945 1312 1991 senum
1359 1929 1422 1991 et
1465 1923 1824 2008 infantium,
1874 1943 2198 1990 accurrere
2228 1928 2587 2008 coeperunt,

267 2041 319 2101 et
362 2041 526 2105 omni
588 2044 818 2106 conatu
877 2045 1064 2126 atque
1132 2041 1496 2108 alacritateh
1551 2040 1852 2126 reliquias
1910 2041 2115 2106 sancti
2166 2039 2466 2125 martyris
2520 2039 2590 2103 in

266 2152 373 2218 suis
435 2155 719 2222 humeris
786 2161 1034 2240 gestare
1102 2157 1452 2244 cupierunt.
1554 2156 1727 2222 Inter
1790 2177 1947 2242 quos
2016 2156 2228 2221 irruit¹
2284 2154 2590 2239 quaedam

263 2266 491 2355 mulier,
555 2272 815 2338 nomine
867 2272 1100 2358 Edela‚
1160 2293 1199 2339 a
1250 2267 1569 2360 tempore'
1622 2276 1687 2339 et
1730 2272 1991 2338 dimidio
2038 2291 2254 2356 caeca,
2316 2291 2476 2356 quae
2521 2271 2590 2336 in

264 2381 381 2470 ipsa
441 2392 632 2454 nocte
699 2387 792 2454 ita
855 2389 1089 2455 meruit
1155 2390 1396 2474 sanari,
1465 2394 1539 2455 ιιι
1591 2409 1780 2455 mane
1833 2388 2004 2455 clare
2056 2389 2301 2454 videret
2355 2386 2585 2453 omnia.

262 2497 459 2570 Grates
503 2503 724 2589 itaque
770 2504 1037 2572 eximie¹²
1081 2504 1216 2572 Deo
1260 2504 1614 2589 reddentes,
1662 2510 1954 2591 coeptum
1998 2505 2120 2570 iter
2158 2503 2585 2570 intenderunt.

259 2613 518 2705 Cumque
560 2619 714 2688 inde
756 2627 1080 2688 moventes
1125 2623 1193 2688 in
1237 2621 1344 2688 via
1382 2621 1740 2709 pergerent¹
1768 2621 2157 2706 virtutesque
2199 2641 2315 2708 per
2344 2617 2587 2707 plateas

260 2735 467 2820 oppida
522 2742 591 2805 et
646 2737 906 2804 castella
961 2737 1320 2822 divulgatae
1379 2744 1444 2805 et
1498 2743 1845 2804 narrataem
1889 2738 2190 2821 fuissent,
2248 2740 2590 2823 coeperunt

257 2852 450 2936 populi
505 2853 789 2940 undique
845 2855 1217 2920 catervatim
1274 2855 1478 2938 magis
1534 2859 1596 2921 et
1639 2854 1843 2939 magis
1888 2852 2215 2920 confluere.
2308 2851 2586 2930 Quorum

258 2963 548 3053 impetum
593 2975 659 3036 et
702 2971 1038 3056 strepitum
1084 2970 1344 3037 audiens
1392 2970 1648 3055 quidam
1694 2990 1936 3054 caecus,
1981 2968 2266 3036 baiulans
2298 2989 2415 3055 pro
2446 2968 2584 3034 luce

260 3084 527 3153 tenebras
541 3137 563 3169 ,
621 3087 841 3153 turbas
897 3086 1218 3154 nitebatur
1274 3091 1608 3174 penetrare
1663 3085 1968 3173 plurimas
1982 3135 2001 3170 ‚
2069 3090 2141 3151 ut
2195 3084 2276 3150 ad
2332 3089 2582 3150 sanctas

257 3204 634 3282 perveniret·
679 3201 999 3287 reliquias,
1093 3203 1268 3270 Idem
1323 3203 1624 3288 denique,
1682 3203 1790 3288 qui
1841 3207 1918 3268 ut
1970 3201 2290 3267 ferebatur
2350 3210 2583 3267 annos⁰

258 3331 455 3384 meeus
502 3318 838 3385 duodecim
881 3319 1107 3404 fuerat,
1154 3339 1304 3385 mox
1348 3324 1421 3384 ut
1466 3319 1547 3385 ad
1588 3319 1894 3386 feretrum
1927 3318 2209 3402 accessit,
2255 3316 2459 3383 lueem
2488 3318 2583 3383 vi-

257 3428 381 3499 dere
407 3435 668 3501 meruit.
724 3434 968 3501 Eodem
997 3455 1244 3520 quoque
1272 3434 1408 3502 loeo
1438 3434 1667 3502 mulier
1696 3435 2024 3521 quaedam,
2058 3434 2296 3500 habens
2326 3455 2584 3501 manum

257 3546 500 3635 aridam,
550 3551 767 3617 sanari
808 3551 1058 3618 meruit.

412 3665 618 3750 Igitur
661 3672 807 3753 post
852 3667 986 3733 dies
1032 3665 1272 3751 aliquot
1312 3686 1578 3750 regnum
1625 3666 2043 3733 Saxonicum?
2078 3667 2468 3733 introeuntes
2510 3686 2583 3733 ac
2616 3686 2744 3738 Iunio

255 3787 405 3848 recto
452 3782 616 3849 calle
662 3783 1050 3867 gradiente8‚
1098 3783 1359 3849 veniunt
1402 3784 1471 3849 in
1514 3782 1751 3867 villam,
1798 3803 1958 3868 quae
2005 3779 2257 3849 Sosat³⁸
2303 3788 2582 3868 vocatur,

257 3892 345 3960 ubi
400 3899 749 3965 maximam
805 3898 1273 3966 multitudinem
1321 3898 1642 3965 Saxonum
1689 3899 1938 3966 obviam
1981 3899 2367 3983 habuerunt,
2425 3898 2581 3966 adeo

256 4016 313 4074 ut
350 4013 739 4082 incredibilis
785 4036 1084 4082 numerus
1123 4015 1444 4082 videretur
1482 4016 1809 4101 utriusque
1850 4037 2058 4082 sexus,
2125 4015 2307 4094 Quis‘
2335 4016 2424 4082 ibi
2453 4036 2581 4082 non

377 4240 420 4272 ι.
464 4227 734 4275 debilitabat
764 4229 809 4274 2.
901 4228 947 4275 b.
990 4228 1249 4288 recuperari
1281 4230 1325 4274 2.
1428 4242 1468 4274 c.
1513 4229 1712 4288 quinque
1745 4229 1788 4274 2.
1891 4227 1937 4274 d.
1978 4228 2163 4275 minino
2194 4230 2239 4275 2.
2343 4244 2382 4275 e.
2423 4228 2580 4289 Ibique

254 4304 427 4365 utaque
459 4309 505 4353 2.
605 4307 637 4355 f.
668 4309 856 4367 recepit,
890 4311 942 4354 ut
966 4331 1016 4340 -
1041 4308 1244 4354 redirent
1264 4310 1309 4355 2.
1412 4322 1454 4367 g.
1488 4307 1599 4365 Quis
1627 4333 1676 4340 —
1703 4322 1863 4355 cervus
1895 4327 1978 4355 om.
2005 4311 2049 4355 2.
2150 4307 2196 4355 h.
2229 4309 2366 4355 alacri
2385 4309 2513 4355 vultu
2534 4311 2578 4355 2.

254 4381 279 4425 ἰ-
296 4383 457 4445 irrupit
479 4388 521 4433 2.
613 4386 659 4433 k.
684 4388 872 4434 eximias
895 4389 939 4434 2.
1021 4388 1054 4434 l.
1074 4387 1195 4434 sama
1216 4389 1331 4435 add.
1352 4391 1395 4435 2.
1479 4403 1537 4435 ιιι.
1560 4392 1606 4435 et
1624 4391 1832 4435 narratae
1854 4406 1938 4436 om.
1959 4390 2001 4435 1.
2084 4403 2128 4435 ιι.
2151 4390 2399 4435 mereretur
2417 4402 2577 4450 perve-

256 4460 340 4507 lim
369 4466 413 4509 2.
510 4481 550 4512 o.
582 4481 804 4514 annorum
823 4470 867 4514 2.
961 4482 1008 4528 p.
1041 4467 1269 4515 Saxonum
1302 4470 1344 4515 2.
1438 4482 1482 4528 q.
1516 4468 1631 4515 Sosa
1663 4471 1706 4515 1.
1799 4483 1836 4514 r.
1868 4469 1988 4514 enim
2020 4469 2133 4515 add.
2158 4470 2200 4515 2.

383 4569 438 4622 1.
486 4569 654 4626 Isaiae
686 4571 775 4640 35,
811 4572 863 4626 6.
988 4573 1041 4627 2.
1086 4572 1124 4627 i.
1150 4588 1200 4628 e.
1232 4588 1396 4629 anno.
1451 4571 1536 4630 Of.
1572 4570 1720 4629 infra
1751 4571 2056 4645 chronogr.
2081 4570 2466 4632 corbeiensem
2501 4570 2574 4634 ad

260 4652 386 4712 1146
421 4657 555 4717 Deo.
577 4660 663 4716 10.
787 4661 841 4719 3.
874 4659 1052 4719 Soest.
