3319 5242
934 473 1232 520 wmAnm
1272 471 1649 521 nprsronan
1694 472 1800 520 sss.
1839 473 1945 520 sss.
2483 458 2614 524 497

262 611 457 696 tinus,
503 616 717 679 vestra
756 612 906 681 freti
950 613 1407 699 consolatione,
1453 614 1569 682 sub
1615 620 1864 683 vestrae
1911 613 2402 703 dispensationis
2447 617 2614 701 regi-
2655 621 2796 677 1152

262 729 437 795 mine
504 711 784 817 corporis
851 734 917 796 et
981 730 1229 797 animae
1287 731 1812 817 tranquillitatem
1869 731 2193 800 valeamus
2252 732 2617 818 adquirere3

263 845 599 932 ipsumque
641 845 926 930 regimen
968 865 1054 912 ne
1079 853 1291 914 vestra
1332 847 1539 916 faceta
1580 848 1907 915 urbanitas
1954 847 2217 916 alicuius
2264 849 2621 916 excusatio-

262 961 366 1028 nis
409 962 687 1049 pondere
732 962 938 1029 valeat
977 968 1377 1049 postponere,
1421 964 1579 1031 illud
1623 986 1758 1050 vos,
1804 964 2033 1032 vestris
2078 965 2341 1050 genibus
2390 986 2620 1052 provo-

262 1076 413 1162 luti,
466 1077 835 1165 suppliciter
877 1099 1212 1166 precamur
1256 1082 1593 1168 suscipere.
1687 1069 1985 1148 Omnium
2031 1081 2340 1148 bonorum
2386 1086 2620 1166 custos,

265 1192 545 1281 Spiritus
576 1200 851 1280 sanctus,
898 1196 978 1263 ad
1014 1216 1408 1265 communem
1456 1196 1794 1265 utilitatem
1838 1199 2017 1283 regni
2065 1203 2128 1266 et
2173 1197 2512 1266 aecclesiae
2558 1203 2623 1265 et

262 1317 551 1378 nostram
596 1311 888 1397 dignetur
933 1333 1046 1381 vos
1088 1334 1308 1399 regere
1354 1319 1418 1382 et
1462 1315 1855 1382 conservare.

269 1629 451 1701 369.
495 1633 818 1700 Heinricus
843 1637 1166 1723 episcopus
1196 1635 1554 1702 Leodiensis
1577 1635 1963 1724 Stephanum
1993 1639 2351 1725 episcopum
2384 1638 2619 1703 Meten-

492 1774 619 1816 sem
662 1750 962 1832 hortatur,
1009 1754 1282 1838 corriyat
1323 1753 1653 1818 monachos
1685 1752 2126 1834 Hasteriemoe,
2174 1755 2284 1842 qui
2325 1755 2480 1819 duos
2512 1754 2621 1820 ab·

495 1867 662 1932 batos
704 1869 1073 1932 monasterio
1119 1866 1604 1933 Walciodoronsi
1634 1871 1912 1959 praefici
1954 1871 2156 1935 velint.
2307 1866 2416 1950 (Μ,
2438 1868 2618 1950 350.)

448 2006 812 2074 Reverendo
856 2007 1040 2074 fratri
1085 2028 1198 2074 suo
1246 2013 1309 2075 et
1355 2009 1557 2076 amico
1588 2008 1911 2097 Stephano
1940 2009 2242 2078 Metensis
2281 2010 2623 2078 aecclesiae

2657 694 2790 742 Febr.

265 2121 617 2189 venerabili
682 2125 977 2211 θΡῙΒΟΟΡΟ
1036 2123 1422 2208 Η(θὶ111“ἱο118)
1482 2125 1605 2192 Dei
1671 2127 1878 2211 gratia
1943 2132 2197 2194 sanctae
2254 2125 2623 2194 Leodiensis
2657 2110 2696 2143 ⁰·
2807 2110 2844 2142 ¹·

267 2239 615 2306 aecclesiae
673 2239 932 2307 humilis
989 2241 1280 2308 minister
1334 2241 1649 2308 fraternas
1710 2243 2026 2309 orationes
2097 2248 2163 2310 et
2218 2242 2498 2311 debitam
2555 2244 2625 2310 in

269 2355 550 2423 Domino
596 2355 1014 2425 dilectionem.

451 2471 793 2539 Pastoralis
839 2472 1031 2541 officii
1076 2473 1431 2541 sollicitudo
1476 2493 1593 2541 nos
1641 2480 1980 2559 ammonet,
2026 2480 2101 2542 ut
2143 2476 2623 2543 commissarum

267 2587 455 2656 nobis
501 2589 716 2657 ovium
757 2589 1048 2676 vigilanti
1093 2591 1302 2660 studio
1347 2610 1565 2658 curam
1605 2610 2030 2677 exerceamus,
2075 2597 2309 2660 uttam
2342 2596 2624 2661 errantes

269 2705 479 2772 instar
522 2705 754 2773 summi
797 2708 1073 2795 pastoris
1120 2707 1201 2774 ad
1248 2708 1411 2776 ovile
1454 2715 1870 2796 reportemus,
1920 2730 2112 2797 quam
2154 2710 2516 2777 obedientes
2562 2714 2627 2775 et

268 2821 452 2888 nulla
508 2823 859 2891 discordiae
913 2823 1057 2908 labe
1112 2825 1378 2893 infectos
1440 2825 1523 2893 ad
1576 2825 1747 2893 vitae
1801 2845 2040 2912 pascua
2095 2826 2477 2894 adducamus
2492 2837 2514 2863 ·
2560 2831 2625 2894 et

268 2939 649 3006 nominatim
703 2960 1015 3008 vocemus.
1093 2940 1452 3028 Eapropter
1508 2941 1872 3009 discretioni
1927 2947 2176 3011 vestrae
2231 2943 2622 3028 suggerendo

268 3054 693 3141 notificamus,
738 3057 906 3143 quod
948 3057 1241 3124 monachi
1284 3057 1744 3142 Hasterienses,
1798 3058 1945 3143 vagi
1989 3064 2055 3126 et
2099 3059 2347 3127 erronei
2391 3079 2466 3126 ac
2507 3078 2622 3125 no-

269 3172 578 3239 vitatibus
623 3173 1041 3259 intendentes,
1093 3195 1194 3242 res
1242 3174 1523 3242 eiusdem
1569 3175 1939 3242 monasterii
1983 3195 2244 3261 prorsus
2290 3174 2624 3243 destruunt

271 3293 342 3355 et
387 3289 690 3375 quosdam
732 3291 1168 3377 perversitatis
1214 3311 1365 3358 suae
1410 3292 1689 3358 fautores
1724 3296 1858 3358 tam
1887 3291 2101 3379 precio
2134 3311 2325 3378 quam
2353 3291 2623 3379 promis-

271 3405 559 3473 sionibus
606 3405 910 3492 alliciunt,
958 3407 1075 3474 hoc
1116 3429 1268 3475 suae
1311 3407 1693 3495 pertinatiae
1740 3407 2230 3475 emolumentum
2260 3427 2484 3494 capere
2515 3426 2623 3474 cu-

272 3522 558 3608 pientes:
605 3528 679 3589 ut
719 3523 788 3590 in
831 3544 980 3609 una,
1027 3525 1146 3591 hoc
1192 3529 1288 3592 est
1331 3521 1850 3610 walciodorensi,
1898 3524 2152 3593 abbatia
2196 3524 2319 3591 duo
2365 3523 2623 3592 abbates

272 3643 501 3705 contra
544 3658 865 3707 sacrorum
909 3659 1219 3709 canonum
1263 3641 1557 3708 instituta
1599 3645 1666 3707 et
1707 3641 2039 3728 apostolici
2064 3641 2383 3729 privilegii
2413 3647 2626 3707 aucto-

270 3756 533 3824 ritatem
577 3756 961 3824 ordinentur.
1029 3757 1357 3825 Monemus
1401 3759 1615 3844 itaque
1676 3756 1970 3825 dilectam
2023 3758 2208 3826 nobis
2262 3757 2332 3824 in
2374 3756 2627 3824 Christo

273 3871 682 3960 prudentiam
725 3878 1031 3959 vestram,
1087 3894 1169 3941 ne
1214 3878 1348 3940 tam
1393 3894 1586 3958 grave
1640 3875 2010 3942 scandalum
2055 3875 2226 3962 apud
2268 3894 2381 3942 vos
2426 3873 2626 3941 foveri

275 3993 348 4055 et
390 4008 669 4056 crescere
715 3990 968 4073 sinatis;
1017 3994 1080 4056 et
1122 3990 1215 4057 ita
1258 3991 1336 4057 de
1378 3990 1516 4058 iure
1560 3993 2003 4078 proprietario,
2050 3991 2218 4077 quod
2256 3990 2326 4057 in
2355 3988 2624 4057 Walcio-

276 4106 535 4173 dorensi
581 4105 834 4174 abbatia
877 4105 1180 4173 aecclesia
1220 4105 1520 4174 Metensis
1579 4106 1811 4176 habere
1868 4107 2245 4190 dinoscitur,
2298 4105 2627 4172 moderata

276 4222 662 4290 discretione
705 4222 1011 4308 tractetis,
1057 4227 1131 4288 ut
1173 4220 1541 4289 Leodiensis
1587 4224 1927 4291 aecclesiae
1940 4273 1960 4308 ,
2008 4222 2089 4290 ad
2133 4221 2311 4289 cuius
2356 4219 2624 4288 offitium

263 4338 559 4426 ‘pertinet
603 4338 971 4406 electionem
1017 4338 1376 4406 examinare
1422 4338 1519 4406 et*
1566 4340 1835 4408 electum
1879 4357 2276 4423 consecrare,
2322 4338 2625 4405 terminos

274 4474 411 4522 non
457 4455 803 4540 attingatis.
869 4454 1000 4522 Nos
1047 4455 1246 4540 enim,
1295 4456 1578 4523 divinam
1619 4456 1927 4523 ultionem
1970 4459 2344 4541 metuentes,
2388 4454 2625 4522 diutius

429 4610 471 4643 a.
513 4598 758 4645 aducamus
791 4615 831 4645 c.
954 4597 999 4644 b.
1039 4600 1088 4646 et
1118 4598 1303 4646 addidi.

373 4682 530 4737 Jarn'.
562 4686 844 4731 Bibliotheca
873 4686 909 4730 1.
2094 4685 2165 4740 32
