3319 5242
908 426 1206 482 visum
1248 424 1623 476 nrrswom
1663 424 1770 475 sss
1804 424 1911 472 ser.
2442 411 2576 479 519

247 566 624 636 sententiam
677 572 953 635 vestram
1007 587 1154 636 cum
1207 567 1496 637 omnibus
1554 566 1966 652 suffraganeis
2021 564 2293 636 nostris²
2290 618 2311 653 ‚
2362 575 2577 657 preter
2614 576 2753 698 1115?

247 679 762 769 Traiecteusem',
820 684 929 770 qui
982 689 1134 752 tunc
1175 684 1338 752 forte
1384 684 1615 769 abfuit,
1670 685 1764 752 ita
1807 684 2344 771 promulgavimus
2357 735 2375 770 ,
2424 706 2577 772 qua-

244 804 428 868 tenus
472 800 710 868 catenis
753 800 988 869 nostris
1041 799 1308 868 firmiter
1352 805 1717 886 teneantur,
1774 801 2179 888 quoadusque
2222 802 2577 890 presentiae

243 921 491 986 vestrae
535 938 605 984 se
649 917 986 985 exhibeant
1030 922 1094 984 et
1135 916 1481 985 secundum
1523 917 1890 985 mandatum
1921 924 2203 985 vestrum
2232 919 2577 1004 condignae

242 1033 657 1102 satisfactioni
711 1054 779 1101 se
833 1039 1211 1120 supponant.
1278 1032 1543 1101 Vestrae
1594 1034 1792 1117 igitur
1849 1035 2248 1121 paternitatis
2292 1034 2576 1122 interest,

239 1154 314 1217 ut
353 1149 473 1217 sub
520 1148 635 1217 tali
679 1149 1040 1218 testimonio
1086 1149 1394 1216 dictorum
1452 1155 1640 1235 atque
1695 1150 2007 1218 factorum
2062 1152 2130 1217 in
2185 1151 2577 1246 beneplacito

240 1265 636 1334 discretionis
677 1271 926 1335 vestrae
968 1271 1034 1334 et
1074 1266 1446 1354 prudentiae
1490 1287 1683 1354 super
1724 1266 1844 1334 hoc
1885 1267 2136 1352 negotio
2177 1267 2506 1336 iudicetur.

240 1520 419 1597 387.
465 1523 608 1591 Otto
639 1527 958 1614 epiecopus
984 1522 1399 1612 Frieinqemt's
1438 1525 1723 1592 Wibaldo
1768 1526 1846 1592 de
1867 1527 2100 1614 psalmi
2134 1549 2313 1592 versu
2349 1529 2574 1594 scribit.

462 1641 736 1707 Iniuria-s
793 1643 852 1707 ei
909 1664 951 1707 α
1009 1639 1392 1723 Saxonibus,
1462 1644 1733 1731 antiquis
1786 1643 1965 1730 reym'
2014 1641 2311 1724 hostibus,
2371 1644 2578 1710 illatas

463 1757 641 1823 dolet.
2254 1756 2363 1839 (Μ.
2398 1758 2576 1839 354.)

417 1887 778 1958 Venerabili
822 1887 890 1955 in
933 1886 1185 1955 Christo
1228 1887 1415 1957 fratri
1467 1895 1533 1958 et
1577 1890 1779 1957 amico
1822 1889 2200 1977 precordiali
2242 1888 2575 1976 W(ibaldo)
2614 1906 2752 1964 1152

233 2005 604 2075 Gorbeiensi
648 2004 863 2072 abbati
897 2003 1096 2088 O(tto)
1125 2003 1584 2092 Frisingensis·
1629 2005 1967 2075 aecclesiae
2010 2007 2078 2074 id
2125 2008 2292 2094 quod
2336 2015 2434 2077 est
2476 2030 2577 2077 sa-

229 2121 439 2192 lutem
480 2141 624 2188 cum
668 2121 892 2189 devoto
939 2121 1256 2208 obsequio.

417 2237 597 2318 Quod
638 2237 989 2323 negocium,
1034 2259 1152 2326 pro
1185 2259 1306 2325 quo
1341 2238 1421 2307 ad
1452 2238 1693 2306 curiam
1721 2238 2058 2325 miseratis,
2104 2238 2383 2308 debitum
2430 2261 2576 2328 pro·

230 2363 486 2426 'cessum
527 2375 657 2422 non
698 2354 939 2440 habuit,
983 2354 1053 2422 in
1097 2354 1278 2422 nobis
1322 2376 1451 2422 non
1494 2355 1818 2423 remansit.

417 2471 516 2539 De
559 2477 767 2539 cetero
797 2490 989 2559 super
1019 2473 1363 2558 questione,
1408 2492 1599 2558 quam
1627 2471 1809 2539 nobis
1838 2470 2039 2557 Aquis
2069 2472 2376 2558 movistis,
2424 2493 2576 2559 quo-

228 2588 425 2660 modo
468 2588 762 2657 videlicet
804 2588 886 2656 ad
930 2589 1361 2656 ascensionem
1402 2587 1662 2656 Domini
1718 2587 1940 2656 referri
1988 2586 2230 2672 valeat,
2288 2588 2454 2674 quod
2507 2590 2577 2658 in

227 2705 484 2795 psalmo
529 2706 788 2791 legitur:
855 2705 1083 2774 Tollite
1115 2720 1343 2795 porcae
1357 2755 1378 2789 ‚
1430 2709 1753 2794 principes
1766 2756 1786 2789 ‚
1834 2719 2099 2788 vestras,
2151 2719 2208 2772 et
2250 2707 2580 2774 elevamini

222 2837 460 2913 portae
487 2816 815 2890 etmales⁸
827 2847 849 2901 ,-
895 2826 988 2889 et:
1040 2821 1199 2905 Quis
1229 2836 1317 2889 est
1343 2825 1459 2889 iste
1485 2845 1599 2889 rex
1623 2817 1963 2910 qloriae?⁴,
2007 2820 2286 2889 breviter
2312 2843 2573 2908 respon-

227 2939 488 3007 demus:
533 2937 852 3026 triplicem
896 2938 964 3005 in
1009 2938 1229 3005 eadem
1275 2939 1648 3005 auctoritate
1693 2958 1947 3005 sensum
1989 2937 2318 3025 repperiri.
2410 2938 2573 3018 Quo-

224 3076 382 3124 rum
425 3056 545 3123 iste
587 3075 753 3121 unus
785 3059 912 3121 est:
960 3054 1039 3122 de
1083 3055 1465 3122 ascensione.
1531 3052 1753 3138 Legite
1782 3052 1988 3137 glosas
2017 3051 2324 3140 psalterii,
2371 3059 2433 3121 et
2475 3055 2573 3121 in-

225 3167 539 3241 venietis‘
585 3191 776 3259 super
819 3171 1190 3239 Attollite
1228 3185 1540 3260 portas.-
1598 3163 1902 3238 Virtutes⁸
1930 3173 2253 3237 ministrae
2293 3174 2382 3237 ad
2409 3171 2573 3238 aliae

225 3290 519 3357 coelestes
565 3290 875 3370 clamant,
921 3302 994 3355 ut
1034 3292 1204 3355 viam
1249 3291 1573 3377 aperiant3
1630 3308 1812 3374 quae,
1859 3307 2019 3352 novo
2064 3289 2339 3353 mmm-io
2385 3311 2573 3354 carne

223 3408 451 3474 induti
489 3405 902 3493 stupefactae,
956 3418 1255 3492 querunt.-
1306 3404 1501 3487 Quis
1548 3403 1701 3470 est?
1878 3399 1991 3468 Set
2034 3407 2098 3469 et
2138 3402 2339 3487 illum,
2385 3424 2573 3488 quem

225 3521 493 3590 dixistis
537 3520 617 3588 de
659 3520 1051 3607 principibus
1098 3520 1501 3588 tenebrarum
1532 3524 1597 3587 et
1621 3518 1825 3607 portis
1854 3518 2096 3603 mortis,
2140 3518 2308 3587 unde
2350 3525 2572 3588 cantus

222 3639 378 3708 ille:
448 3636 602 3704 Cum
653 3660 766 3704 rex
819 3639 1066 3725 ylovn'ae
1086 3632 1107 3667 ⁷
1160 3636 1365 3703 factus
1423 3641 1550 3721 est,
1618 3635 1713 3702 ibi
1762 3634 2047 3702 invenire
2101 3635 2421 3722 poteritis,
2478 3637 2571 3704 ita

222 3763 479 3840 tamen,
536 3759 609 3822 ut
657 3757 879 3841 portae
924 3751 1272 3821 aeternales
1316 3773 1446 3821 non
1489 3751 1619 3819 sint
1658 3749 2028 3836 infernales,
2085 3757 2183 3820 set
2233 3751 2387 3819 item
2431 3772 2569 3822 coe-

380 3928 421 3962 a.
464 3914 614 3973 Frigff
643 3932 684 3962 c.

381 4003 433 4058 1.
468 4001 503 4057 i.
530 4017 578 4057 e.
615 3999 877 4057 Heinrico
912 3998 1173 4069 episcopo
1199 3998 1509 4067 Leodiensi,
1543 3996 1825 4053 Friderico
1859 4011 1946 4067 ep.
1973 3997 2403 4071 Honesteriensi,
2442 3999 2567 4055 Phi-

222 4093 393 4164 lippo
428 4104 514 4161 ep.
540 4088 965 4160 osnabrugensi.
1095 4089 1148 4144 2.
1184 4088 1575 4145 Hermannum.
1705 4087 1758 4143 8.
1793 4086 1884 4142 Ps.
1907 4086 1994 4155 23,
2019 4087 2072 4141 7.
2197 4087 2252 4142 4.
2288 4087 2379 4143 Ps.
2403 4088 2488 4156 23,
2513 4088 2566 4144 8.

222 4184 287 4240 5.
335 4182 396 4238 iu
431 4177 724 4236 walafridi
769 4176 1055 4235 Strabonis
1102 4176 1289 4248 glossa
1333 4176 1624 4233 ordinaria.
1679 4174 1751 4232 V.
1783 4174 1967 4232 Biblia
2010 4189 2166 4230 sacra
2211 4189 2338 4231 cum
2382 4175 2568 4247 glossa

222 4268 517 4329 ordinaria
548 4267 904 4338 Antwerpiae
939 4266 1097 4322 1634.
1133 4266 1200 4322 T.
1219 4265 1320 4322 111.
1355 4264 1653 4321 615—617.
1792 4265 1845 4319 6.
1880 4263 2158 4334 „Virtutes
2181 4294 2246 4304 —
2273 4264 2408 4331 Quis
2443 4265 2567 4321 est“

223 4376 308 4418 ex
353 4357 656 4429 Augustini
701 4355 1135 4413 enarrationibus
1178 4355 1236 4411 in
1269 4353 1537 4412 Psalmos.
1680 4354 1728 4408 7.
1778 4352 2063 4409 Canticum
2105 4352 2462 4424 triumphale,
2497 4370 2566 4410 ex

221 4446 542 4519 Augustini
575 4462 825 4503 sermone
862 4445 965 4504 137
1003 4448 1299 4516 sumptum,
1333 4443 1481 4514 apud
1508 4442 1707 4499 Daniel
1740 4441 2006 4500 Thesaur.
2037 4441 2460 4516 hymnologicus
2493 4443 2562 4499 11.

222 4538 373 4597 315:
408 4537 586 4610 „Cum
621 4551 720 4595 rex
752 4535 961 4607 gloriae
995 4533 1247 4595 Christus
1281 4531 1554 4593 infernum
1587 4532 1963 4594 debellaturus
1995 4530 2259 4594 tumst
2293 4536 2403 4589 cet.
