3319 5242
1098 446 1530 496 massano
1575 446 1631 495 s.
1663 447 1805 495 vrri
2585 428 2629 494 3

1219 659 1691 757 ProloguS.

453 816 821 904 Scripturas
889 817 1130 903 aliquid
1189 819 1371 885 iuxta
1425 819 1688 885 modum
1742 816 2183 904 possibilitatis
2237 821 2494 885 nostrae
2551 817 2630 884 de

286 933 636 1017 virtutibus,
685 955 840 1019 quas
883 935 1320 1002 misericordia
1363 934 1723 1002 Conditoris
1767 934 1972 1001 nostri
2015 934 2337 1001 modernis
2383 938 2629 1020 tempo·

284 1049 449 1117 ribus
504 1050 767 1133 dignata
823 1055 922 1117 est
965 1050 1296 1119 ostendere
1340 1055 1602 1138 propter
1647 1050 1917 1133 gloriam
1961 1050 2131 1121 beati
2174 1050 2358 1137 pueri
2386 1048 2522 1115 Viti
2569 1054 2634 1116 et

281 1167 577 1252 martyris
591 1215 610 1249 ,
669 1166 948 1252 primum
989 1168 1418 1234 necessarium
1462 1167 1760 1233 duximus
1773 1215 1793 1251 ,
1852 1171 1925 1233 ut
1970 1166 2052 1233 ad
2093 1164 2346 1233 laudem
2393 1170 2457 1233 et
2499 1165 2633 1250 glo·

281 1284 437 1349 riam
483 1283 720 1349 summi
764 1281 1021 1369 Opificis
1065 1283 1262 1351 verba
1303 1289 1642 1350 vertamuS.
1722 1282 1888 1349 Nam
1934 1281 1989 1348 si
2033 1280 2351 1349 laudanda
2395 1286 2493 1349 est
2534 1282 2634 1368 pi-

282 1405 487 1481 ctura,
543 1398 744 1465 multo
802 1400 1006 1483 magis
1056 1399 1293 1486 pictor3
1355 1405 1419 1467 et
1463 1400 1519 1466 si
1563 1403 1889 1484 gratanter
1931 1418 2126 1465 naves
2171 1397 2274 1465 vel
2320 1397 2637 1493 quaelibet

283 1513 597 1598 vehicula,
666 1535 828 1599 quae
882 1515 1066 1583 nobis
1122 1516 1362 1581 victum
1416 1515 1518 1583 vel
1574 1517 2019 1583 vestimentum
2078 1512 2380 1597 afferunt,
2436 1513 2635 1580 susci-

282 1631 570 1718 piuntur,
628 1630 1013 1717 principales
1066 1636 1281 1698 tamen
1334 1632 1573 1715 gratias
1620 1633 1681 1699 ei
1727 1632 1837 1716 qui
1880 1630 2236 1698 transmisit
2279 1630 2632 1697 referimus.

286 1746 378 1814 Sit
420 1768 571 1832 ergo
615 1746 773 1813 laus.
800 1767 1081 1813 summae
1127 1752 1193 1814 et
1234 1746 1537 1815 ineffabili
1584 1748 1912 1831 Trinitati‚
1962 1768 2124 1832 quae
2168 1752 2386 1814 notam
2431 1746 2638 1814 facere

284 1863 478 1930 voluit
518 1865 588 1930 in
631 1862 884 1950 populis
928 1863 1229 1931 virtutem
1273 1885 1456 1932 suam
1501 1871 1566 1932 et
1609 1864 1679 1931 in
1713 1864 2004 1931 omnibus
2034 1863 2327 1947 gentibus
2358 1862 2638 1930 salutare

286 2001 464 2046 suum
484 1975 518 2046 ¹.
596 1978 920 2046 Glorificet
963 2000 1107 2047 eum
1151 1982 1355 2047 omnis
1402 1986 1694 2049 creatura
1738 2000 1871 2064 sua,
1920 1980 2123 2047 omnis
2169 2000 2358 2048 sexus
2404 1979 2641 2047 omnis-

287 2116 400 2181 que
446 2100 645 2179 aetas,
693 2097 802 2181 qui
848 2116 1098 2162 omnem
1141 2096 1465 2163 hominem
1508 2096 1646 2162 vult
1692 2096 1939 2163 salvum
1985 2097 2192 2163 facere
2239 2101 2304 2163 et
2350 2096 2430 2161 ad
2461 2095 2640 2179 agni-

286 2212 518 2278 tionem
562 2211 851 2279 veritatis
897 2213 1111 2279 venire
1121 2207 1164 2278 ².
1245 2212 1297 2279 O
1346 2214 1634 2280 conditor
1695 2217 1885 2299 atque
1939 2211 2301 2279 dulcissime
2347 2210 2639 2297 Domine,

289 2329 422 2412 quis
480 2348 608 2395 non
664 2327 914 2394 timebit
965 2332 1076 2394 aut
1120 2327 1259 2415 quis
1304 2349 1435 2395 non
1481 2350 1561 2396 ex
1605 2330 1756 2395 totis
1804 2329 2194 2415 praecordiis
2241 2328 2372 2394 suis
2420 2319 2642 2411 diligat

288 2444 384 2510 te?
452 2444 553 2510 Ab
599 2445 781 2510 initio
830 2445 999 2510 enim
1047 2449 1110 2509 et
1155 2450 1301 2511 ante
1348 2445 1559 2511 secula
1604 2444 1875 2511 salutem
1905 2450 2192 2511 nostram
2224 2450 2519 2531 operatus
2551 2465 2639 2528 es,

289 2565 348 2626 et
372 2560 491 2627 hoc
519 2560 865 2627 multifarie
897 2560 1238 2647 multisque
1268 2561 1493 2628 modis.
1562 2561 1729 2628 Nam
1759 2566 2099 2649 postquam
2130 2562 2363 2628 nostris
2394 2560 2640 2628 meritis

290 2676 351 2742 in
394 2676 561 2743 hunc
606 2678 1021 2760 caliginosum
1067 2697 1383 2744 carcerem
1430 2677 1799 2762 decidimus,
1855 2698 1972 2744 nec
2015 2678 2376 2744 deserentes
2424 2682 2487 2743 te
2534 2677 2639 2743 de-

290 2794 571 2876 seruisti,
631 2794 743 2859 sed
798 2793 1045 2877 stellas,
1109 2815 1267 2880 quae
1324 2793 1506 2859 nobis
1563 2793 1631 2858 in
1684 2799 1867 2860 nocte
1913 2794 2036 2860 iter
2097 2794 2426 2878 agentibus
2473 2793 2639 2858 viam

293 2910 721 2993 ostenderent,
779 2909 1030 2976 misisti.
1124 2910 1294 2976 Ante
1341 2908 1554 2975 oculos
1601 2930 1875 2995 namque
1919 2909 2255 2994 habemuS,
2302 2909 2428 2975 nisi
2472 2929 2640 2975 mor-

292 3025 397 3091 tali
455 3046 677 3092 somno
725 3026 1279 3108 obdormierimus,
1327 3024 1520 3109 Abel,
1570 3023 1756 3109 Seth,
1802 3024 2055 3110 Enoch,
2101 3025 2269 3109 Noe,
2317 3025 2643 3092 Abraham

293 3147 649 3228 ceterosque
681 3142 1096 3228 patriarchas,
1141 3141 1505 3228 prophetas,
1556 3141 1896 3228 apostoIOS,
1942 3147 2276 3228 martyres,
2326 3141 2640 3207 confesso-

293 3278 407 3341 res,
454 3259 755 3342 virgines,
801 3258 1023 3324 viduas
1070 3261 1258 3343 atque
1301 3256 1650 3323 laudabiles
1697 3257 2057 3324 monachos.
2151 3256 2238 3324 Et
2284 3259 2432 3344 quia
2473 3257 2642 3345 pigri

295 3394 503 3440 sumus
564 3374 745 3460 sequi
798 3373 947 3457 hos,
1007 3394 1162 3460 quos
1223 3374 1417 3439 fortes
1480 3379 1669 3460 atque
1725 3373 2072 3440 laudabiles
2122 3374 2437 3460 scriptura
2480 3378 2641 3440 teste

293 3491 726 3574 cognovimus,
796 3490 988 3556 etiam
1050 3494 1163 3555 tua
1228 3488 1410 3556 nobis
1481 3489 1818 3559 laudabilis
1872 3490 2276 3578 providentia
2333 3495 2637 3555 occurrat.

291 3605 583 3690 Attende,
632 3606 1008 3692 quicumque
1055 3626 1121 3671 es
1169 3609 1252 3689 et,
1300 3625 1460 3690 quae
1507 3613 1694 3673 cauta
1740 3611 1906 3691 sunt,
1952 3606 2110 3691 legis
2159 3605 2257 3672 vel
2293 3605 2491 3671 audis.
2564 3605 2639 3689 O,

290 3722 567 3808 inquam,
612 3722 852 3807 miseri,
901 3722 1051 3807 quid
1094 3723 1378 3791 infelices
1426 3725 1655 3791 dicturi
1701 3744 1917 3790 sumus
1964 3723 2032 3788 in
2077 3722 2189 3788 illa
2234 3723 2335 3788 die
2368 3720 2641 3788 districti

291 3839 621 3922 examinis,
669 3838 918 3924 quando
965 3860 1119 3926 prae
1166 3840 1362 3906 oculis
1407 3839 1777 3907 habebimus
1825 3859 2062 3922 omneS‚
2111 3839 2218 3924 qui
2264 3839 2333 3903 in
2377 3838 2494 3903 hoc
2541 3859 2639 3905 se-

289 3953 428 4021 culo
471 3954 848 4041 placuerunt
891 3953 1185 4039 Domin0,
1235 3956 1345 4022 alii
1388 3942 1459 4022 in*
1500 3956 1790 4040 coniugio
1839 3955 1947 4020 alii
1977 3956 2046 4021 in
2076 3955 2484 4039 continentia,
2532 3953 2643 4019 alii

285 4071 354 4137 in
400 4071 705 4137 viduitate
753 4070 862 4136 alii
908 4071 975 4137 in
1019 4072 1402 4156 virginitate,
1451 4071 1559 4138 alii
1604 4071 1672 4137 in
1718 4076 2038 4138 senectute
2081 4069 2190 4136 alii
2219 4070 2288 4136 in
2315 4070 2641 4136 iuventute

289 4192 371 4270 et,
421 4186 587 4272 quod
631 4187 984 4254 mirabilius
1032 4193 1147 4272 est,
1194 4189 1264 4254 in
1307 4189 1635 4275 primaeva
1666 4193 1889 4254 aetate.
1959 4186 2125 4253 Nam
2154 4187 2485 4269 mirentur,
2533 4185 2641 4271 qui

286 4300 528 4385 volunt,
573 4301 711 4370 Noe
757 4323 971 4369 arcam
1015 4303 1180 4370 inter
1224 4305 1425 4371 undas
1470 4309 1825 4388 vagantem,
1872 4302 2197 4371 Abraham
2226 4300 2427 4368 filium
2456 4321 2641 4368 suum

285 4418 673 4504 offerentem,
727 4417 988 4506 Moysen
1031 4441 1207 4486 mare
1253 4420 1663 4505 scindentem,
1710 4419 1891 4487 Iosue
1934 4419 2135 4487 solem
2177 4417 2494 4504 figentem,
2541 4437 2642 4483 ce-

437 4554 485 4605 l.
533 4548 620 4607 cf.
643 4550 845 4606 Psalm.
871 4553 958 4621 66,
983 4552 1036 4606 3.
1179 4552 1233 4607 2.
1280 4550 1524 4608 Timoth.
1550 4553 1601 4621 2,
1624 4551 1679 4607 4.

2137 4649 2214 4702 1*
