3319 5242
870 468 1168 518 wmanm
1207 469 1580 519 imsrom
1627 469 1733 517 102.
1766 470 1873 517 108.
2403 453 2527 520 177

252 605 394 677 102.
432 610 812 677 Gorbeimes
856 636 898 678 a
940 612 1222 689 Wibaldo
1266 637 1498 680 summe
1543 610 1928 697 contendunt,
1975 638 2052 679 ne
2097 614 2186 679 ad
2219 637 2284 679 se
2311 617 2534 679 reverti

432 729 625 784 cesset.
2253 718 2362 802 (M.
2397 720 2531 803 85.)

387 839 719 908 Carissimo
759 842 1009 909 domino
1054 849 1119 910 et
1142 845 1315 931 patri
1344 865 1456 912 suo
1479 842 1769 913 Wibaldo
1799 843 2144 911 venerabili
2171 843 2536 912 corbeiensi
2570 848 2711 904 1148

239 954 419 1022 abbati
454 955 532 1024 E.
578 958 786 1045 prior,
830 957 1262 1045 A(delbertus)
1306 960 1664 1049 prepositus
1680 1010 1699 1045 ,
1739 957 2106 1044 W(alterus)
2153 961 2534 1029 camerarius

238 1071 478 1140 debitam
521 1075 964 1158 obedientiam.

382 1190 449 1256 In
476 1197 783 1277 quantum
809 1191 907 1259 fas
939 1197 1054 1277 est,
1077 1192 1478 1279 prudentiam
1499 1197 1776 1260 vestram
1807 1192 2145 1278 arguimus,
2175 1192 2362 1278 quod,
2395 1211 2536 1258 cum

230 1307 570 1390 paternitati
596 1312 844 1375 vestrae
885 1309 1234 1375 anxietates
1275 1313 1524 1375 nostras
1552 1329 1670 1397 per
1698 1309 1996 1375 nuncium
2025 1313 2305 1376 vestrum
2336 1313 2400 1374 et
2428 1307 2535 1375 lit-

230 1425 374 1487 teras
412 1428 661 1491 nostras
705 1424 1263 1510 insinuaverimus,
1309 1425 1588 1491 nondum
1633 1425 1872 1511 aliquid
1914 1425 2096 1492 nobis
2142 1424 2535 1491 certitudinis

230 1534 294 1601 de
328 1538 529 1606 reditu
576 1546 785 1607 vestro
831 1539 1252 1625 significastis,
1298 1542 1628 1628 presertim
1675 1561 1820 1608 cum
1861 1541 1931 1607 in
1961 1541 2252 1608 omnibus
2281 1539 2534 1625 litteris,

232 1652 429 1736 quibus
484 1656 762 1723 reditum
802 1663 1083 1725 vestrum
1138 1657 1258 1724 hac
1300 1658 1435 1724 vice
1490 1658 1801 1724 maturari
1841 1659 2232 1743 rogavimus,
2293 1657 2412 1724 hoc
2456 1657 2539 1722 ad

228 1787 512 1837 summam
559 1793 705 1839 cum
747 1774 920 1840 omni
963 1773 1291 1857 diligentia
1334 1773 1825 1858 adiunxerimuS,
1870 1780 1944 1840 ut
1985 1773 2202 1841 statim
2245 1778 2391 1859 post
2436 1791 2537 1839 ac-

225 1890 416 1973 ceptas
470 1888 719 1956 litteras
775 1890 1008 1976 absque
1063 1890 1236 1956 omni
1289 1888 1590 1957 dilatione
1645 1890 1722 1958 de
1776 1890 1986 1957 reditu
2030 1895 2241 1957 vestro
2299 1889 2378 1956 ad
2421 1909 2538 1955 nos

226 2001 600 2072 ordinaretis.
677 2005 765 2072 Et
819 2025 960 2073 ecce
1009 2006 1141 2072 iam
1183 2006 1314 2072 fere
1359 2006 1440 2073 ad
1482 2011 1612 2073 tres
1658 2007 2043 2094 septimanas
2088 2005 2388 2072 nuncium
2432 2026 2540 2073 ve-

223 2122 403 2185 strum
446 2122 741 2209 suspensi
785 2126 1217 2210 expectamus3
1263 2122 1583 2208 multoque
1614 2123 1922 2189 desiderio
1953 2122 2068 2188 sub
2097 2122 2218 2189 hac
2247 2127 2539 2209 expectar-

222 2233 371 2303 tione
427 2236 740 2305 afficimur
792 2258 909 2305 nec
964 2238 1298 2325 quicquam
1354 2238 1799 2306 consolationis
1857 2238 1896 2304 a
1939 2238 2116 2305 vobis
2174 2238 2535 2326 accipimus.

222 2346 365 2426 Quid
420 2373 573 2439 ergo
632 2355 887 2421 tandem
942 2355 1282 2422 faciemus?
1361 2355 1578 2441 Neque
1634 2355 1804 2422 enim
1854 2355 1991 2422 sine
2033 2374 2223 2421 causa
2265 2355 2540 2422 reditum

219 2472 483 2535 vestrum
539 2475 870 2558 tantopere
925 2472 1231 2538 maturari
1285 2471 1772 2559 postulavimus3
1831 2472 1984 2538 foris
2030 2492 2277 2558 pugnae
2290 2521 2309 2557 ,
2366 2471 2538 2538 intus

219 2579 466 2652 labores.
564 2585 652 2653 Ut
704 2587 782 2654 de
828 2587 1115 2655 omnibus
1162 2587 1303 2655 aliis
1351 2587 1678 2674 sileamus,
1734 2587 1867 2656 fere
1910 2587 2362 2655 mortificamur
2405 2592 2541 2655 tota

217 2698 306 2767 die
356 2702 433 2769 de
481 2703 780 2790 opinione
823 2705 1017 2770 immo
1062 2705 1524 2772 concertatione
1566 2692 1923 2789 hominum,
1980 2705 2087 2791 qui
2130 2705 2538 2790 contendunt,

215 2835 313 2883 vos
355 2819 530 2886 ultra
573 2839 702 2886 non
743 2820 1113 2905 rediturum,
1161 2821 1391 2908 quique
1433 2822 1619 2887 modo
1666 2841 1809 2888 cum
1843 2822 2202 2908 inproperio
2232 2822 2542 2889 insultant

215 2933 414 3020 nobis,
474 2940 814 3023 postquam
873 2936 952 3003 ad
1012 2941 1329 3023 speratam
1385 2937 1553 3003 diem
1595 2939 1862 3005 nuncius
1907 2943 2116 3005 vester
2160 2959 2287 3005 non
2330 2938 2540 3021 rediit,

216 3047 617 3138 affirmantes,
650 3052 816 3139 quod
850 3053 918 3118 in
946 3072 1180 3119 vanum
1211 3074 1389 3140 spem
1418 3059 1701 3120 nostram
1730 3054 2172 3121 consumimus.
2231 3053 2538 3140 Denique,

211 3164 322 3232 nisi
368 3170 543 3255 quod
587 3168 1006 3236 constantiam
1050 3173 1327 3235 vestram
1370 3175 1504 3236 tam
1545 3169 1739 3237 fixam
1785 3176 1848 3237 et
1890 3169 2275 3238 immobilem
2307 3170 2542 3256 optime

211 3285 492 3351 novimus
506 3335 527 3369 ,
589 3290 686 3352 tot
738 3285 1135 3373 opinionibus
1195 3290 1259 3352 et
1313 3290 1409 3352 tot
1460 3286 1837 3354 clamoribus
1880 3286 2206 3353 hominum
2248 3284 2415 3353 flecti
2460 3286 2544 3352 ad

211 3396 713 3488 desperationem
753 3401 1090 3489 potuimus.
1162 3400 1384 3469 Comes
1431 3423 1677 3489 quoque
1706 3403 2179 3486 Her(imannus)
2224 3408 2358 3469 tam
2402 3402 2541 3469 diu-

210 3519 458 3585 turnam
504 3518 703 3586 vestri
748 3517 1096 3584 absentiam
1140 3518 1410 3584 multum
1452 3518 1719 3586 incusat.
1791 3519 1978 3587 Omni
2012 3540 2160 3603 ergo
2192 3520 2540 3605 devotione,

209 3635 372 3700 omni
416 3635 634 3702 studio
678 3635 1125 3723 paternitatem
1167 3639 1444 3701 vestram
1485 3656 1802 3720 rogamus,
1848 3642 1921 3703 ut
1948 3637 2050 3702 vel
2088 3637 2207 3703 hac
2234 3638 2371 3704 vice
2413 3642 2543 3703 sta-

208 3747 314 3815 tim
381 3758 538 3839 post
593 3757 879 3839 acceptas
934 3751 1178 3818 litteras
1233 3756 1484 3818 nostras
1540 3753 1747 3819 redire
1800 3752 2158 3819 nullatenus
2217 3751 2541 3838 differatis,

209 3866 422 3949 procul
468 3867 661 3935 dubio
707 3868 973 3935 scientes
986 3918 1005 3953 ,
1067 3868 1262 3954 quod,
1320 3868 1376 3935 si
1420 3868 1606 3935 modo
1651 3868 1914 3935 ulterius
1960 3890 2202 3937 moram
2244 3869 2541 3952 feceritis,

207 3983 435 4051 amicos
484 3991 728 4082 vestros
772 3985 841 4051 in
886 3984 1385 4073 desperationem
1429 4005 1556 4051 non
1598 3986 1911 4052 modicam
1958 3985 2296 4054 adducetis.

213 4182 380 4257 103.
418 4189 744 4256 Wibaldus
768 4191 1153 4257 Corbeienses
1180 4194 1587 4258 reversionem
1614 4216 1795 4259 suam
1821 4195 2169 4280 importune
2181 4190 2546 4282 flagitantes

423 4297 838 4385 reprehendit.
2264 4294 2373 4378 (M
2409 4296 2542 4379 86.)

377 4419 610 4488 Frater
648 4418 974 4488 Wibaldus
1032 4421 1156 4489 Dei
1216 4423 1421 4506 gratia
1475 4422 1871 4490 Corbeiensis
1927 4421 2119 4489 abbas
2176 4419 2421 4488 dilectis
2475 4419 2544 4486 in
2582 4427 2720 4485 1148

207 4531 456 4603 Christo
505 4537 805 4606 fratribus
849 4537 925 4604 E.
971 4538 1200 4623 priori,
1246 4538 1639 4623 A(delberto)
1684 4539 2034 4625 preposito,
2064 4536 2395 4620 W(altero)
2440 4514 2544 4604 ca-

209 4654 479 4720 merario
530 4654 794 4720 salutem
838 4661 903 4721 et
945 4654 1458 4723 benedictionem.

289 4765 452 4818 suu-⁰.
487 4767 772 4814 nauatae.»
799 4769 835 4813 1.
2054 4759 2120 4813 12
