3319 5242
730 460 864 528 342
1485 480 1786 527 wmamr
1833 478 2166 528 nms‘rom
2211 480 2319 526 228.

734 644 830 716 22
845 644 914 716 3.
955 648 1272 714 Amoldus
1296 649 1693 736 praepositus
1725 648 2119 733 Coloniensi-3,
2172 650 2447 717 Com-adi
2471 652 2637 738 reyis
2665 651 3073 733 cancellarius,

916 743 1235 830 'wibaldo
1296 766 1535 847 scribit,
1592 787 1657 829 se
1714 766 1803 830 ad
1846 769 2088 833 curiam
2131 777 2415 832 vocatum
2460 789 2602 831 esse.
2698 766 3071 854 :Su-cpiam,

950 881 1315 968 leyationem
1369 881 1488 947 sibi
1530 882 1882 968 impositum
1927 885 2044 967 ὄπ’,-
2104 906 2293 972 quam
2338 905 2534 971 quare
2578 894 2920 964 aversetur,
2978 906 3073 948 ex-

940 997 1141 1083 ponit.
1235 997 1586 1063 Amoldum
1642 997 2177 1088 archiepiscopum
2224 1022 2443 1087 papae
2498 999 2921 1064 commendavi
2962 1021 3075 1063 non

951 1113 1095 1178 vult.

553 1268 694 1324 1150
908 1244 1219 1312 Dominus
1266 1265 1444 1312 meus
1464 1240 1481 1271 ¹
1527 1245 1608 1311 ad
1653 1245 1892 1313 curiam
1942 1268 2125 1314 suam
2170 1268 2273 1315 me
2302 1248 2573 1331 vocavit,
2619 1247 2802 1333 quasi
2839 1267 3075 1314 mecum

576 1343 668 1389 ¹⁸¹²·
730 1364 809 1431 de
862 1362 1140 1447 negociis
1195 1362 1327 1428 suis
1373 1362 1808 1445 ordinaturus3
1870 1369 1969 1430 set
2012 1385 2127 1448 ego
2172 1365 2375 1449 magis
2422 1365 2678 1448 estimo,
2739 1364 2907 1449 quod
2950 1365 3077 1450 ipse

728 1501 842 1547 vos
889 1486 954 1547 et
995 1499 1099 1546 me
1141 1477 1410 1544 Romam
1453 1478 1708 1545 mittere
1752 1479 2059 1547 intendat.
2153 1481 2332 1560 Quod
2376 1481 2431 1547 si
2477 1480 2571 1546 ita
2614 1485 2741 1565 est,
2797 1481 2928 1547 scio
2971 1501 3075 1546 vos

728 1616 1128 1682 nequaquam
1177 1594 1395 1660 latere.
1487 1593 1691 1661 Multa
1734 1617 1882 1663 vero
1928 1602 2107 1682 sunt,
2168 1617 2329 1683 quae
2376 1617 2416 1663 a
2457 1596 2773 1681 legatione
2817 1599 2944 1664 ista
2983 1617 3077 1664 me

731 1716 1063 1794 excusant3
1123 1711 1424 1798 precipue
1484 1710 1762 1778 defectus
1819 1712 2122 1797 fratrum,
2181 1714 2408 1799 quibus
2453 1713 2823 1800 dispensare
2867 1713 3075 1781 habeo.

728 1830 866 1914 Ego
914 1829 1085 1896 enim
1129 1826 1552 1915 Hierosolima
1593 1828 1868 1912 rediens,
1916 1834 2124 1896 curtes
2171 1849 2386 1895 omnes
2430 1849 2661 1896 vacuas
2709 1835 2773 1897 et
2818 1836 3079 1916 quatuor

730 1944 1022 2012 meliores
1090 1944 1431 2028 grandine·
1487 1963 1749 2030 prorsus
1806 1964 2139 2031 percussas
2196 1945 2430 2012 inveni.
2536 1945 2838 2032 Oportuit
2895 1947 3073 2015 etiam

729 2083 832 2129 me
876 2082 1005 2128 non
1049 2058 1254 2127 solum
1299 2059 1513 2127 debita
1558 2062 1646 2127 60
1674 2080 2032 2127 marcarum
2061 2061 2318 2128 vicariis
2361 2063 2520 2129 meis
2556 2063 2822 2147 solvere,
2870 2084 3075 2130 verum

729 2179 923 2246 etiam
970 2198 1009 2243 a
1051 2177 1263 2264 prima
1305 2176 1408 2243 die
1452 2177 1693 2244 reditus
1739 2178 1868 2243 mei
1911 2198 2110 2264 usque
2158 2178 2239 2245 ad
2282 2199 2480 2245 novas
2519 2179 2734 2264 fruges
2765 2181 2979 2247 omnia
3004 2181 3074 2247 de

728 2316 868 2363 meo
912 2294 1218 2361 fratribus
1262 2293 1622 2359 necessaria
1665 2294 2016 2380 providere.
2101 2294 2269 2361 Hinc
2313 2300 2429 2379 est,
2476 2296 2645 2381 quod
2689 2316 2818 2362 una
2862 2298 2963 2364 die
3002 2295 3071 2362 ab

729 2412 820 2479 eis
867 2411 1085 2478 abesse
1129 2429 1392 2495 nequeo.
1477 2408 1674 2474 Aliud
1719 2430 1877 2494 eque
1920 2431 2225 2495 magnum
2268 2411 2371 2478 vel
2414 2412 2640 2496 maiuS‚
2687 2413 2858 2498 quod
2903 2434 2942 2479 a
2981 2413 3073 2478 via

727 2529 855 2595 ista
906 2548 1010 2594 me
1067 2526 1372 2610 deterret,
1434 2525 1601 2610 quod
1644 2525 1937 2593 dominus
1982 2548 2161 2595 meus
2208 2547 2304 2612 ea,
2353 2548 2473 2613 que
2517 2549 2633 2615 per
2677 2527 2896 2595 fideles
2939 2548 3070 2595 suos

728 2645 995 2712 Romam
1038 2642 1330 2727 mandat,
1388 2663 1516 2708 non
1561 2643 1723 2710 bene
1767 2648 2011 2727 servat3
2060 2648 2124 2711 et
2167 2665 2282 2731 per
2327 2646 2603 2712 minores
2648 2666 2953 2733 personas
2993 2645 3071 2712 le-

729 2761 931 2846 gatio,
990 2758 1215 2827 effectu
1256 2759 1357 2826 vel
1402 2759 1669 2841 veritate
1726 2780 1978 2844 carens,
2035 2761 2507 2827 convenientius
2555 2762 2659 2846 agi
2700 2764 2924 2849 possit.
3011 2761 3071 2829 Si

731 2883 943 2945 autem
984 2876 1166 2943 labor
1207 2875 1330 2942 iste
1372 2896 1489 2942 nos
1524 2880 1730 2959 vocat,
1776 2880 1841 2943 et
1869 2882 2118 2944 vestrae
2164 2876 2559 2945 discretionis
2604 2878 2937 2962 diligentia
2975 2899 3071 2945 ne-

730 2994 1092 3061 cessitatem
1137 2996 1202 3058 et
1242 2992 1519 3058 fructum
1563 3011 1692 3057 non
1736 2992 1991 3059 inanem
2034 2994 2465 3080 prospexerit,
2513 2993 2698 3079 quale
2743 2993 2844 3061 vel
2890 3013 3071 3082 quan-

731 3117 870 3177 tum
925 3108 1107 3176 nobis
1153 3108 1456 3175 viaticum
1509 3107 1927 3194 asscribatur,
1984 3109 2149 3176 sicut
2193 3110 2480 3197 expedit,
2539 3110 2805 3195 exigite3
2864 3116 2928 3178 et
2971 3130 3070 3194 ego

733 3248 847 3315 pro
904 3224 1166 3292 consilio
1211 3229 1421 3291 vestro
1436 3274 1455 3309 ,
1512 3225 1616 3291 cui
1672 3224 2032 3312 specialiter
2076 3226 2405 3293 devinctus
2451 3247 2623 3312 sum,
2681 3247 2880 3313 supra
2922 3228 3071 3293 vires

734 3364 907 3410 meas
936 3340 1248 3408 voluntati
1278 3340 1517 3406 domini
1547 3342 1676 3408 mei
1704 3362 1808 3408 me
1839 3361 2169 3428 exponam.
2232 3342 2338 3409 Ad
2366 3342 2542 3427 haec,
2588 3364 2779 3429 quam
2809 3345 3070 3432 primum

734 3459 911 3526 vobis
970 3456 1236 3523 facultas
1280 3456 1504 3541 fuerit,
1560 3457 1907 3526 rescribite.
2086 3457 2259 3524 Inter
2301 3457 2458 3526 haec
2501 3465 2743 3545 autem,
2805 3482 2887 3528 ne
2932 3479 3067 3546 quas

735 3576 965 3642 domno
1021 3568 1416 3639 Coloniensi²
1481 3574 1729 3641 litteras
1794 3574 2267 3641 intercessorias
2333 3575 2413 3641 ad
2483 3575 2784 3642 domnum
2852 3596 3067 3665 papam

736 3690 996 3774 tribuat,
1041 3693 1278 3774 cavete,
1324 3710 1405 3757 ne
1450 3689 1636 3756 homo
1683 3711 1942 3777 prorsus
1988 3689 2231 3757 inutilis
2278 3697 2342 3758 et
2384 3692 2769 3779 pernitiosus
2798 3715 2913 3781 per
2940 3712 3063 3759 eum

738 3811 865 3873 stet
907 3804 1009 3872 vel
1052 3806 1256 3872 cadat.
1348 3805 1663 3891 Plurima,
1712 3826 1854 3873 cum
1896 3826 2150 3891 venero,
2197 3806 2518 3874 dilectioni
2562 3815 2811 3877 vestrae
2854 3810 3061 3876 referre

739 3922 969 4006 habeo,
1029 3943 1149 4008 que
1201 3922 1429 3990 litteris
1474 3923 1903 3990 commendari
1945 3923 2301 3991 nullatenus
2346 3930 2553 3991 tutum
2597 3925 2772 3993 duxi.
2864 3924 3060 3992 Valeat

739 4040 807 4126 in
850 4045 1226 4127 perpetuum
1271 4046 1518 4109 vestrae
1563 4040 1917 4108 dilectionis
1962 4040 2242 4108 dulcedo.

883 4215 926 4247 ι.
964 4200 1183 4259 grandine
1211 4200 1425 4247 meliores
1456 4218 1496 4248 c.
1955 4263 1958 4266 ἢ

884 4298 933 4351 1.
973 4295 1256 4352 conradus
1291 4310 1406 4351 rex.
1551 4296 1605 4350 2.
1641 4292 1891 4350 Arnoldo
1926 4294 1955 4349 1
1988 4293 2423 4365 archiepiscopo.
