3319 5242
727 416 855 483 120
1430 436 1728 484 wmAm1
1769 436 2146 486 nrrs‘rom
2188 437 2408 484 40-42.

547 578 686 635 1147
725 595 915 662 quam
961 575 1144 644 detis.
1221 576 1356 644 Hoc
1401 584 1566 646 esset
1605 577 1900 647 veneficis
1948 600 2259 647 venenum
2304 559 2676 667 procurare,
2731 581 3071 650 rebellibus

724 712 903 758 arma
948 692 1118 777 dare,
1166 693 1405 761 insanis
1452 695 1695 763 clavam
1738 695 2079 784 porrigere.
2151 696 2322 763 Dum
2349 697 2420 763 in
2447 699 2833 765 monasterio
2861 704 3073 766 vestro

720 809 921 874 frater
979 828 1116 876 esse
1163 809 1522 896 videbatur,
1583 812 1702 878 sub
1747 812 1955 899 specie
2002 818 2067 879 et
2107 814 2363 881 nomine
2407 815 2766 901 prebendae
2808 820 3073 902 propter

720 924 956 991 bonum
1010 927 1188 1012 pacis
1245 928 1542 1014 potuistis
1587 950 1802 996 rerum
1846 935 2200 997 vestrarum
2246 930 2577 1016 dispendio
2624 931 2957 998 obstruere
3002 952 3071 999 os

719 1038 1110 1125 loquentium
1155 1042 1390 1127 iniqua.
1459 1044 1642 1110 Nunc
1686 1067 1868 1132 vero,
1923 1052 2256 1134 postquam
2302 1047 2502 1114 frater
2547 1068 2686 1115 esse
2731 1052 2795 1113 et
2837 1047 3070 1115 habere

721 1154 1105 1242 prebendam
1148 1158 1359 1243 desiit,
1406 1181 1446 1227 a
1488 1161 1721 1228 domno
1765 1183 1935 1250 papa
1980 1162 2454 1248 condemnatus,
2501 1163 2736 1231 donare
2778 1164 2857 1247 ei,
2904 1164 3071 1231 unde

719 1272 895 1339 vobis
940 1279 1182 1359 noceat,
1228 1296 1358 1342 non
1402 1276 1606 1343 solum
1651 1279 1858 1365 turpis
1899 1279 2189 1366 symonia
2219 1284 2317 1346 set
2346 1281 2535 1347 etiam
2570 1286 2793 1367 aperta
2819 1279 3073 1347 insania

720 1392 832 1454 est.
903 1388 1033 1454 Nos
1080 1389 1159 1457 de
1201 1411 1357 1478 pace
1403 1413 1547 1459 cum
1589 1394 1730 1481 ipso
1777 1393 2066 1462 habenda
2106 1416 2223 1462 nec
2260 1397 2472 1483 ipsum
2502 1396 2803 1463 domnum
2831 1416 3070 1484 papam

719 1504 938 1571 audire
983 1506 1324 1592 potuimus,
1368 1509 1602 1576 nedum
1646 1510 2101 1578 Prumiensem.

721 1777 847 1848 41.
896 1779 1230 1846 Heinricus
1272 1800 1385 1842 rex
1428 1777 1700 1844 Wibaldi
1727 1780 2101 1869 fidelitatem
2130 1781 2364 1846 laudat.
2438 1781 2708 1847 Consilia
2738 1781 2870 1846 eius
2896 1783 3072 1869 sequi

895 1896 1040 1960 vult.
1108 1894 1370 1959 Missum
1415 1917 1639 1982 equum
1686 1897 1928 1981 accipit.
2784 1893 2893 1976 (Μ.
2931 1897 3064 1980 30.)

543 2035 682 2090 1147
898 2027 1232 2094 Heinricus
1277 2026 1399 2093 Dei
1454 2026 1661 2110 gratia
1702 2025 2127 2094 Romanorum
2172 2049 2287 2095 rex
2315 2027 2608 2096 Wibaldo
2655 2028 2870 2096 abbati
2915 2029 3068 2097 Cor-

719 2145 960 2213 beiensi
1004 2144 1246 2228 gratiae
1290 2163 1441 2209 suae
1484 2142 1960 2229 plenitudinem.

898 2261 1072 2328 Certi
1127 2280 1373 2342 sumus,
1432 2258 1598 2344 quod
1641 2262 1775 2324 tam
1819 2278 1935 2325 nos
1982 2279 2173 2343 quam
2217 2265 2468 2347 patrem
2510 2264 2798 2327 nostrum
2845 2262 3068 2330 eodem

720 2377 1100 2444 sinceritatis
1148 2374 1375 2442 affectu
1420 2374 1858 2462 complectaris
1905 2381 1969 2441 et
2012 2395 2245 2459 magna
2287 2374 2434 2442 fidei
2479 2377 2831 2443 constantia
2871 2378 3070 2445 hono-

718 2513 855 2560 rem
899 2494 1228 2576 utriusque
1272 2492 1434 2557 tueri
1481 2495 1546 2556 et
1588 2510 1959 2576 promovere
2006 2496 2277 2576 satagas.
2347 2492 2620 2560 Proinde
2667 2492 3069 2561 discretionis

718 2614 866 2676 tuae
912 2608 1245 2675 consilium
1292 2607 1369 2675 de
1415 2607 1984 2674 amministratione
2028 2608 2239 2694 regni,
2286 2608 2364 2675 de
2409 2630 2564 2697 pace
2609 2606 2942 2696 firmanda,
2991 2611 3070 2680 de

718 2726 1111 2812 principibus
1156 2724 1535 2812 recipiendis
1583 2729 1646 2790 et
1691 2723 2073 2791 honorandis
2119 2729 2254 2791 tota
2300 2726 2494 2791 animi
2541 2725 2866 2794 alacritate
2896 2748 3069 2795 com-

718 2842 1073 2930 plectimur,
1122 2846 1186 2908 et
1227 2845 1360 2907 tam
1404 2840 1472 2905 in
1518 2839 1616 2905 his
1665 2860 1852 2924 quam
1897 2840 1963 2904 in
2012 2839 2151 2905 aliis
2197 2840 2571 2927 prudentiae
2615 2846 2763 2908 tuae
2791 2843 3069 2911 familia-

717 2979 854 3025 rem
913 2958 1267 3024 doctrinam
1309 2956 1550 3022 imitari
1596 2955 2045 3022 desideramus.
2226 2953 2740 3024 Ambulatorem¹
2783 2980 2975 3047 vero,
3031 2962 3070 3028 a

718 3079 830 3141 tua
871 3073 1248 3141 liberalitate
1295 3073 1475 3139 nobis
1522 3072 1986 3156 transmissum,
2033 3073 2102 3139 in
2139 3074 2511 3140 memoriam
2541 3079 2607 3141 et
2634 3074 2889 3157 signum
2918 3081 3067 3144 tuae

718 3190 1070 3257 dilectionis
1116 3190 1198 3256 ad
1244 3183 1500 3257 sellam²
1543 3195 1826 3254 nostram
1872 3188 2309 3255 detinebimus.

719 3462 845 3535 42.
893 3464 1225 3531 Heinricus
1252 3467 1685 3529 Romanorum
1727 3488 1841 3530 rex
1869 3464 2225 3551 Enyenium
2254 3465 2369 3531 III
2373 3490 2618 3553 papam
2641 3470 3066 3553 patrocinium

898 3580 1221 3671 efflaqitat.
2780 3581 2891 3663 (M.
2926 3585 3062 3666 54.)

525 3717 664 3772 1147
893 3712 1257 3780 Reverendo
1302 3711 1369 3777 in
1409 3711 1662 3779 Christo
1704 3713 1873 3800 patri
1921 3719 1985 3781 et
2028 3714 2281 3780 domino
2323 3735 2435 3781 suo
2479 3715 2765 3800 Eugenio
2812 3735 3061 3784 summo

498 3803 538 3839 β’
555 3791 684 3839 ¹¹²¹³⁵⁰
719 3835 784 3898 et
847 3828 1189 3895 universali
1254 3826 1538 3915 pontifici
1592 3829 1926 3897 Heinricus
1994 3830 2116 3896 Dei
2184 3832 2389 3914 gratia
2453 3831 2880 3898 Romanorum
2944 3854 3061 3900 rex

720 3945 965 4013 debitae
1010 3943 1363 4012 dilectionis
1410 3950 1473 4011 et
1517 3945 1801 4030 obsequii
1847 3946 2290 4014 sinceritatem.

893 4061 1268 4129 Benedictus
1299 4061 1492 4145 Deus,
1541 4061 1650 4146 qui
1695 4062 2048 4129 sanctitatis
2094 4068 2341 4130 vestrae
2385 4063 2827 4132 discretionem
2865 4066 2937 4132 in
2966 4067 3059 4133 of-

715 4177 928 4246 ficium
984 4182 1049 4244 et
1100 4176 1632 4263 dispensationem
1678 4179 1909 4244 summi
1953 4177 2353 4266 pontificatus
2400 4201 2718 4248 assumere
2762 4181 3060 4265 dignatus

718 4300 832 4361 est.
904 4293 1224 4359 Iusticiam
1265 4293 1433 4359 enim
1464 4299 1529 4361 et
1553 4293 1909 4377 veritatem,
1942 4295 2105 4361 sicut
2132 4295 2409 4379 religiosi
2441 4295 2519 4363 de
2548 4296 2725 4363 vobis
2756 4298 3057 4384 sentiunt,

716 4409 999 4495 diligitis,
1048 4413 1112 4476 et
1157 4429 1317 4495 quae
1362 4409 1444 4475 ad
1488 4407 1775 4475 decorem
1821 4409 2041 4477 domus
2079 4410 2200 4478 Dei
2245 4417 2554 4500 spectant,
2601 4411 2867 4481 sollicite
2912 4435 3056 4504 per-

858 4542 906 4596 1.
945 4555 1146 4615 equum
1181 4540 1513 4613 gradarium.
1654 4541 1707 4596 2.
1744 4539 2085 4615 ephippium.
