3319 5242
786 428 919 498 530
1458 434 1756 498 wisunt
1797 448 2171 499 semrom
2211 448 2318 504 sev.
2352 447 2460 497 sss.

609 595 747 651 1152
960 588 1345 659 Confidimus
1390 592 1469 661 de
1512 598 1760 659 vestrae
1816 592 2222 676 benignitatis
2279 592 2630 660 eruditione
2643 641 2662 675 ‚
2723 591 2882 678 quod
2927 589 3085 657 fami·

779 705 958 773 liaris
1003 708 1255 791 caritas,
1303 728 1463 794 quae
1507 708 1811 776 hactenus
1857 709 2024 775 inter
2067 728 2184 775 nos
2214 706 2650 774 vicissitudine
2684 707 3088 792 obsequiorum

781 829 1205 909 succreverat,
1262 830 1523 911 propter
1568 824 1960 891 celsitudinis
2005 829 2253 891 vestrae
2308 829 2643 912 provectus
2687 823 2947 890 inminui
2983 842 3090 887 non

780 939 1032 1006 debeat:
1092 941 1418 1024 quoniam,
1481 941 1535 1007 si
1592 941 2017 1028 experientiae
2066 940 2351 1024 regulam
2396 944 2681 1006 tenemus
2694 989 2713 1023 ,
2770 959 2955 1024 quam
2992 937 3090 1003 sub

775 3496 944 3562 tuitu
988 3496 1056 3562 in
1086 3501 1333 3563 vestrae
1362 3495 1771 3581 protectionis
1804 3494 2233 3560 defensionem
2268 3513 2374 3561 eas
2405 3514 2726 3561 assumere
2753 3489 3105 3577 dignemini·

782 3705 958 3780 398.
1000 3710 1409 3777 Bernhardus
1453 3711 1775 3797 episcopus
1822 3709 2348 3775 Paderbomensis
2405 3733 2446 3773 α
2495 3708 2774 3774 Wibaldo
2817 3712 3003 3796 petit,
3051 3715 3114 3770 ut

998 3816 1360 3883 Heinricum
1400 3819 1679 3903 priorem
1714 3818 2135 3883 Corbeiensem
2175 3817 2545 3881 monasterio
2580 3815 2648 3882 S.
2672 3816 2930 3881 Mariae
2962 3815 3109 3881 Sua-

1006 3925 1385 4011 lenberyensi
1429 3925 1708 3989 abbatem
1757 3925 2066 3989 concedat.
2799 3921 2912 4003 (Μ.
2949 3918 3107 3998 379.)

604 4069 741 4125 1152
954 4047 1179 4114 Amico
1226 4066 1338 4112 suo
1385 4046 1611 4113 dilecto
1657 4047 1728 4112 in
1775 4045 2023 4112 Christo
2084 4046 2337 4112 domino
2382 4044 2719 4127 Wfibaldo)
2777 4042 3107 4113 reverendo

777 4170 1031 4231 sanctae
1078 4162 1471 4230 Corbeiensis
1519 4162 1778 4229 ecclesie
1825 4161 2037 4228 abbati
2076 4161 2526 4243 B(ernhardus)
2556 4159 3106 4228 Patherburnensis

777 4280 1032 4346 humilis
1078 4279 1365 4345 minister
1410 4279 1712 4344 orationis
1760 4283 1823 4344 et
1860 4278 2180 4344 servitutis
2224 4298 2373 4344 suae
2414 4275 2658 4342 fidelem
2691 4276 3102 4344 exibitionem.

952 4395 1208 4462 Fratres
1241 4394 1318 4461 de
1347 4394 1730 4461 monasterio
1765 4398 2018 4460 sanctae
2048 4392 2286 4460 Mariae
2298 4390 2341 4478 ²,
2376 4392 2576 4459 orbati
2600 4413 2713 4458 suo
2745 4388 3010 4460 abbate³
3030 4424 3101 4436 -

923 4520 973 4572 1.
1021 4519 1111 4572 Ps.
1138 4518 1232 4585 72,
1259 4517 1311 4571 5.
1455 4518 1505 4570 2.
1554 4514 2048 4586 sualenbergensis
2087 4516 2600 4584 (Matienmttnstet).
2746 4516 2799 4571 3.
2847 4514 3102 4573 conndo.

778 4604 848 4664 V.
872 4621 961 4677 ep.
985 4606 1089 4663 399
1127 4605 1284 4662 infra.
