3319 5242
975 440 1274 489 wmAnm
1314 440 1646 491 nmsrom
1694 440 1799 488 16¹1.
2426 424 2557 492 287

257 583 339 646 est
372 579 599 649 familia
642 581 834 668 primi
875 584 1158 669 parentis
1203 584 1415 667 Adae,
1470 585 1539 652 in
1584 605 1711 670 qua
1753 584 1951 651 stater
1994 582 2212 651 fratris
2256 585 2561 669 sanguine
2600 588 2738 645 1149

252 696 581 782 parricidali
622 703 862 764 terram
903 699 1269 782 inebriavit3
1316 720 1434 768 nec
1480 701 1806 785 angustior
1847 700 2093 766 familia
2120 699 2255 767 Noe
2294 701 2364 767 in
2395 719 2561 784 arca,

251 809 309 877 in
347 831 460 896 qua
483 813 604 880 fuit
629 812 818 898 filius,
864 816 995 900 qui,
1039 816 1250 883 derisa
1275 817 1678 903 postmodum
1707 817 1993 883 nuditate
2019 817 2244 903 patris,
2288 814 2563 883 filiorum

249 929 629 1014 propaginem
673 931 742 998 in
784 931 928 1018 ipsa
971 931 1170 1018 stirpe
1214 932 1547 1000 maledicto
1594 932 1984 1017 subiugavit3
2029 951 2232 1017 neque
2269 952 2562 999 numero-

250 1042 360 1109 sior
397 1044 632 1112 familia
675 1045 1058 1131 Salemonis,
1101 1047 1169 1114 in
1215 1069 1342 1135 qua
1384 1049 1507 1116 fuit
1547 1048 1766 1116 Adaht
1807 1049 2099 1116 Idumeus
2118 1044 2135 1074 ¹
2178 1048 2278 1114 sui
2323 1047 2562 1114 domini

247 1167 599 1243 persecutor.
689 1162 913 1232 Nonne
965 1164 1030 1230 in
1090 1164 1274 1231 domo
1319 1164 1489 1231 illius
1502 1215 1522 1250 ,
1580 1186 1622 1232 a
1665 1186 1787 1251 quo
1833 1165 2038 1231 omnis
2084 1164 2400 1250 sapientia
2444 1169 2561 1247 est,

246 1273 350 1342 fuit
396 1277 558 1345 inter
614 1279 944 1347 duodecim
989 1280 1304 1367 apostolos
1348 1301 1512 1348 unus
1557 1281 1743 1348 Iudas
1787 1276 2148 1369 proditor²?
2237 1279 2367 1346 Nos
2412 1299 2561 1346 vero

245 1389 533 1460 interdum
590 1399 662 1461 ut
712 1393 996 1463 homines
1054 1417 1369 1482 erramus,
1427 1396 1764 1484 aliquando
1820 1397 2196 1482 negligimus
2257 1400 2369 1462 aut
2410 1396 2563 1462 victi

245 1527 435 1575 rerum
475 1512 848 1579 necessitate
892 1518 1191 1581 tacemus.

396 1624 597 1694 Erant
659 1626 1020 1696 habitacula
1072 1628 1469 1697 Gorbeiensis
1527 1628 1772 1696 abbatis
1830 1632 2099 1714 angusta
2153 1634 2218 1694 et
2270 1627 2561 1709 ruinosa3

241 1757 341 1805 nos
382 1743 692 1811 ereximus
735 1765 902 1812 nova
946 1752 1010 1812 et
1051 1745 1242 1813 fortia
1285 1751 1350 1813 et
1393 1767 1554 1832 quae
1598 1766 1782 1813 suam
1820 1744 2287 1812 multitudinem
2318 1744 2566 1831 possint

240 1872 462 1942 capere,
508 1859 870 1928 Tullianum
912 1861 1072 1928 illud
1114 1882 1230 1949 pro
1276 1862 1517 1930 foribus
1564 1867 1628 1929 et
1659 1883 1774 1950 pre
1806 1861 2002 1929 oculis
2031 1861 2365 1929 habentes:
2412 1861 2565 1927 Non

240 1973 401 2040 domo
445 1977 769 2059 dominus,
823 1992 912 2046 set
953 1981 1207 2045 domino
1254 1981 1473 2046 domus
1518 1980 1906 2046 honestanda
1951 1991 2040 2045 est
2049 1972 2091 2043 ³.
2184 1976 2566 2063 Inscriptum

239 2093 324 2153 est
360 2110 589 2159 nomen
633 2113 844 2160 meum
887 2094 956 2161 in
1001 2093 1467 2180 superliminari
1512 2094 1808 2162 australis
1848 2094 2073 2160 ianuae
2107 2113 2252 2160 cum
2281 2112 2564 2176 numero,

225 2210 442 2287 -quotus
487 2208 612 2274 sim
655 2209 724 2276 in
767 2208 1095 2294 cathalogo
1141 2209 1440 2277 abbatum
1484 2209 1986 2292 Corbeiensium3
2040 2208 2208 2295 quod
2251 2208 2392 2292 feci,
2437 2228 2565 2275 non

236 2324 298 2385 ut
337 2342 706 2391 evacuarem
749 2345 949 2412 spem,
996 2347 1117 2412 que
1161 2328 1442 2414 reposita
1486 2332 1584 2394 est
1625 2327 1694 2393 in
1741 2326 1884 2393 sinu
1929 2345 2091 2409 meo,
2138 2330 2237 2391 set
2277 2328 2352 2389 ut
2382 2323 2564 2390 doce-

234 2456 355 2502 rem
396 2445 706 2525 posteros,
751 2462 833 2508 ne
877 2447 1087 2509 essent
1118 2443 1294 2510 avari
1324 2444 1457 2510 sive
1486 2442 1731 2530 profusi
1759 2441 1862 2509 vel
1891 2440 2104 2508 ociosi.
2244 2438 2565 2526 Scriptum

236 2558 321 2618 est
358 2554 447 2621 ibi
480 2555 703 2624 Grecis
748 2556 976 2625 litteris
1019 2557 1177 2626 illud
1223 2559 1299 2627 de
1344 2558 1580 2646 templo
1610 2557 1958 2647 Apollinis:
2009 2557 2183 2626 Scito
2230 2570 2289 2624 te
2330 2560 2560 2644 ipsmn.

394 2673 712 2758 Causaris,
759 2674 926 2760 quod
969 2675 1038 2741 in
1081 2674 1393 2762 principio
1429 2676 1704 2742 nominis
1744 2675 1871 2741 mei
1906 2679 2035 2740 tres
2066 2672 2313 2741 vocales
2343 2677 2565 2739 contra

231 2792 384 2855 reete
430 2790 749 2857 scribendi
792 2790 1103 2857 rationem
1148 2791 1517 2859 coniunctae
1564 2792 1722 2874 sint3
1770 2811 2039 2877 quarum
2083 2790 2244 2856 duae
2286 2789 2563 2855 insertae

232 2921 334 2988 pro
362 2905 852 2973 consonantibus
881 2911 1202 2992 ponuntur
1242 2912 1307 2974 et
1336 2928 1563 2974 nomen
1607 2906 2025 2973 trissillabum
2071 2904 2348 2973 efficiunt
2357 2901 2397 2970 ⁴.
2467 2903 2565 2969 Tu

229 3026 432 3107 putas,
485 3021 864 3107 regulariter
908 3022 974 3087 id
1017 3042 1145 3088 non
1189 3043 1375 3110 posse
1405 3021 1574 3105 fieri3
1624 3029 1689 3089 et
1732 3021 2035 3109 postulas,
2082 3027 2155 3086 ut
2198 3021 2409 3108 prima
2451 3040 2564 3085 no-

228 3136 403 3203 minis
459 3138 679 3206 littera
720 3137 778 3204 V
835 3137 938 3205 vel
991 3144 1285 3225 separata
1328 3139 1459 3204 vim
1502 3135 1792 3224 vocalis‘,
1851 3137 1953 3206 vel
2008 3138 2225 3204 iuncta
2279 3136 2565 3222 sequenti

228 3256 286 3316 et
326 3254 529 3321 eidem
561 3255 692 3321 vim
736 3255 1137 3321 consonantis
1182 3253 1462 3321 obtineat
1474 3250 1520 3340 ⁶,
1569 3260 1633 3322 et
1676 3275 1906 3321 nomen
1941 3252 2404 3321 tetrasillabum
2431 3251 2560 3318 fiat.

228 3365 452 3437 Verum
496 3369 858 3437 scolastice:
907 3369 978 3437 Si
1020 3375 1286 3457 possunt
1329 3371 1398 3438 in
1442 3370 1698 3437 nomine
1741 3370 2000 3458 proprio
2036 3368 2138 3436 vel
2184 3367 2564 3456 appellativo

227 3481 377 3552 duae
421 3491 838 3553 consonantes
885 3490 1031 3553 ante
1060 3485 1340 3553 vocalem
1368 3486 1566 3571 iungi,
1614 3486 1778 3553 sicut
1802 3502 2020 3575 qnato,
2060 3485 2317 3568 θηρίων,
2364 3490 2571 3574 spiro,-

210 3601 427 3684 ,βω-εδ,
461 3605 720 3689 fluctus,
770 3622 881 3669 cur
925 3602 1086 3669 duae
1130 3601 1376 3670 vocales
1420 3601 1557 3669 loco
1604 3603 2085 3670 consonantium
2128 3602 2374 3690 positae
2419 3621 2566 3668 con-

224 3713 517 3798 glutinari
563 3723 627 3785 et
672 3717 932 3785 conflari
974 3739 1103 3784 non
1145 3718 1428 3805 possint?
1490 3718 1602 3786 Set
1644 3725 1719 3786 ut
1762 3740 1864 3786 me
1911 3719 2237 3804 questione
2272 3723 2385 3784 tua
2408 3717 2565 3784 libe-

222 3850 370 3917 rem,
419 3840 485 3900 et
528 3834 632 3902 vel
660 3835 859 3902 iratus
887 3834 990 3902 vel
1017 3833 1302 3922 placatus
1343 3855 1383 3900 a
1422 3855 1525 3901 me
1566 3836 1846 3920 recedas,
1878 3833 2125 3901 Latinis
2156 3833 2391 3919 regulis
2423 3834 2566 3900 bar-

224 3944 369 4015 bara
395 3951 659 4017 nomina
702 3951 929 4035 stringi
970 3970 1101 4016 non
1128 3955 1426 4037 possunt3
1475 3956 1539 4018 et
1582 3972 1697 4018 nos
1744 3950 2108 4018 Germanici
2154 3971 2390 4033 sumus,
2437 3969 2564 4016 non

224 4060 384 4131 Galli
413 4065 685 4151 Comati,
731 4067 839 4152 qui
867 4067 937 4133 in
965 4065 1198 4133 talibus
1229 4066 1589 4134 nominibus
1621 4066 1679 4134 G
1707 4088 1825 4155 pro
1848 4067 1906 4134 V
1939 4067 2239 4134 anteriori
2269 4069 2512 4151 ponunt
2521 4059 2562 4130 ¹.

392 4180 589 4267 Haec,
633 4182 830 4249 frater
874 4182 1298 4267 dilectissime,
1344 4203 1460 4269 pro
1506 4188 1653 4249 tuae
1700 4183 2014 4250 amicitiae
2059 4181 2296 4247 intuitu
2341 4185 2405 4247 et
2448 4200 2564 4266 pro

225 4297 634 4365 accendendis
690 4298 923 4366 sorcius
978 4299 1205 4366 studiis
1249 4300 1377 4366 tuis
1432 4305 1654 4366 contra
1711 4300 1985 4383 rigorem
2039 4297 2319 4363 instituti
2362 4296 2567 4362 nostri

359 4410 412 4466 1.
450 4411 486 4467 3
510 4411 649 4483 Reg.
675 4412 761 4481 11,
787 4411 1039 4467 14—25.
1163 4412 1215 4467 2.
1253 4411 1323 4469 de
1358 4412 1605 4469 wibaldi
1640 4411 2015 4483 proditoribus
2049 4426 2102 4466 v.
2142 4424 2232 4479 ep.
2258 4410 2361 4465 149
2398 4425 2567 4479 supra

222 4510 275 4565 p.
297 4498 424 4555 230.
529 4501 584 4556 3.
619 4500 737 4558 Cic.
762 4500 833 4557 de
856 4500 959 4558 off.
985 4501 1030 4556 1.
1055 4501 1141 4569 39,
1168 4501 1291 4556 139.
1417 4501 1472 4558 4.
1510 4502 1619 4557 sio:
1658 4500 2044 4557 Wibaldus.
2161 4500 2216 4555 5.
2251 4504 2316 4554 ut
2349 4499 2567 4571 legatur

225 4584 628 4646 Uvibaldus.
734 4589 786 4645 6.
823 4593 887 4645 ut
919 4589 1137 4661 legatur
1175 4588 1565 4648 Vuibaldus.
1677 4590 1728 4646 7.
1765 4588 1870 4646 sic:
1909 4586 2318 4646 Guibaldus.
