3319 5242
722 445 850 511 152
1421 462 1722 510 wmALm
1762 460 2138 510 musa-omn
2178 460 2253 507 77.
2285 460 2363 508 vs.

516 609 657 664 1148
720 603 1113 673 Stabulensis
1183 609 1392 671 autem
1449 602 1748 671 ecclesiae
1802 604 2072 671 fratrum
2130 603 2212 670 ad
2267 622 2384 669 nos
2440 601 2699 688 querela
2752 605 3066 691 pervenit,

491 696 531 731 ⁰⁶
554 683 686 730 mm
718 721 886 807 quod
929 720 1309 788 Eustachius
1351 719 1805 807 parrochianus
1849 726 1997 786 tuus
2057 740 2275 786 eorum
2318 719 2485 786 bona
2527 720 2597 786 in
2639 719 2863 807 predio
2911 721 3069 787 Tm·-

715 839 896 904 nines
955 835 1262 904 violenter
1324 837 1658 904 abstulerit
1713 840 1778 902 et
1837 836 1916 903 ab
1976 857 2194 903 eorum
2247 835 2651 902 infestatione
2706 835 3069 904 nullatenus

716 953 1120 1039 conquiescit.
1197 952 1557 1020 Macharius
1618 973 1865 1038 quoque
1925 953 2004 1020 de
2052 952 2345 1036 Suingeis
2401 958 2466 1018 et
2510 952 2766 1038 quidam
2813 952 2926 1019 alii
2971 954 3070 1019 in·

714 1069 1019 1137 condiarii
1064 1075 1128 1135 et
1170 1075 1480 1156 raptores,
1525 1069 1919 1136 coadjutores
1953 1069 2175 1154 ipsius,
2226 1068 2490 1135 eandem
2521 1068 2893 1136 aecclesiam
2923 1089 3072 1156 pre-

714 1186 811 1251 dis
858 1192 924 1252 et
967 1185 1108 1252 aliis
1153 1186 1358 1252 modis
1404 1206 1636 1252 vexare
1680 1205 1809 1251 non
1854 1186 2324 1272 pertimescunt.
2394 1185 2557 1265 Quia
2585 1204 2735 1252 vero
2766 1186 3070 1272 precipiti

714 1303 1013 1369 audaciae
1058 1306 1388 1389 raptorum
1433 1301 1748 1388 spirituali
1794 1299 2003 1385 gladio
2043 1308 2141 1369 est
2173 1303 2400 1369 fortius
2429 1302 2874 1387 resistendum,
2921 1324 3072 1389 pre-

714 1419 988 1485 sentium
1018 1418 1137 1485 tibi
1168 1419 1543 1484 auctoritate
1571 1417 1967 1502 mandamus,
2002 1420 2297 1503 quatinus
2331 1424 2465 1485 tam
2493 1419 2810 1506 prefatum
2832 1418 3075 1486 Eusta-

712 1535 923 1602 chium
970 1556 1160 1621 quam
1207 1534 1364 1600 alios
1408 1518 1696 1621 raptores
1737 1534 1949 1602 ablata
1991 1535 2253 1601 reddere
2297 1541 2361 1602 et
2389 1536 2467 1601 de
2496 1540 2705 1601 cetero
2735 1535 2816 1601 ab
2846 1555 3074 1603 eorum

712 1652 1114 1720 infestatione
1160 1651 1464 1718 desistere
1510 1651 1794 1718 districte
1839 1652 2189 1718 cohercens.
2279 1651 2458 1731 Quod
2503 1653 2558 1718 si
2602 1657 3075 1739 contemptores

713 1768 1073 1852 extiterint,
1134 1767 1305 1833 infra
1359 1767 1777 1852 quadraginta
1832 1768 1967 1834 dies
2034 1773 2372 1855 postquam
2438 1768 2761 1856 presentia
2828 1769 3079 1856 scripta

713 1885 1096 1970 susceperis,
1165 1884 1570 1950 frustratoria
1637 1884 1940 1951 dilatione
2003 1890 2281 1970 remota,
2348 1885 2716 1953 canonicam
2769 1885 2850 1952 de
2909 1886 3075 1972 ipsis

713 2001 1030 2067 iusticiam
1073 1999 1289 2067 facias.

722 2239 842 2311 78.
896 2242 1219 2307 Com-adas
1246 2241 1358 2307 ΠΙ
1388 2264 1503 2307 rex
1546 2241 1829 2308 Wibaldo
1877 2241 1956 2306 de
1998 2242 2181 2306 rebus
2223 2243 2352 2306 sui-s
2397 2242 2671 2307 adversis
2702 2264 2738 2306 e
2768 2242 3077 2308 Constan-

893 2358 1155 2443 tinopoli
1197 2359 1524 2446 siyngficat.
2786 2355 2901 2437 (Μ.
2938 2360 3077 2441 80.)

494 2500 635 2554 1148
898 2489 1266 2556 Cuonradus
1319 2489 1441 2557 Dei
1497 2490 1705 2573 gratia
1748 2488 2176 2555 Romanorum
2230 2509 2346 2556 rex
2400 2488 2745 2556 venerabili
2775 2488 3077 2559 Wibaldo

440 2573 1195 2674 1¹⁴¹²'F‘'¹³¹‘corbeiensium
1264 2612 1328 2675 et
1396 2606 1868 2675 Stabulensium
1927 2605 2141 2673 abbati
2199 2607 2470 2691 gratiam
2527 2628 2707 2673 suam
2764 2611 2830 2675 et
2883 2629 3077 2677 omne

717 2723 972 2790 bonum.

898 2838 1061 2917 Quia
1125 2836 1495 2905 fidelitatem
1560 2843 1741 2905 tuam
1808 2857 2221 2925 sepenumero
2289 2839 2459 2905 circa
2509 2858 2627 2905 nos
2686 2844 2752 2906 et
2802 2860 3074 2924 reg-num

718 2962 1007 3023 nostrum
1057 2954 1390 3042 probatam
1433 2955 1652 3021 multis
1701 2956 2151 3042 experimentis
2197 2955 2603 3039 cognovimus
2618 3005 2638 3039 ,
2696 2956 2752 3021 si
2799 2956 2876 3023 de
2922 2978 3075 3043 pro-

720 3074 1022 3160 speritate
1078 3077 1280 3139 status
1339 3072 1542 3138 nostri
1589 3073 1867 3140 audieris
1880 3122 1899 3155 ,
1956 3071 2227 3138 multum
2273 3077 2336 3137 te
2380 3071 2653 3155 gaudere
2695 3088 2826 3138 non‘
2869 3074 3075 3139 ambi-

544 3193 679 3249 1147
719 3191 945 3274 gimus.
1016 3187 1392 3255 Mandamus
1438 3189 1651 3274 itaque
1696 3188 1988 3256 fidelitati
2033 3193 2201 3271 tuae,
2250 3187 2417 3273 quod
2462 3207 2607 3254 cum
2646 3187 2929 3275 Nyceam
2973 3192 3075 3257 in·

720 3311 898 3391 tegro
959 3310 1023 3372 et
1076 3306 1330 3392 copioso
1391 3305 1674 3371 exercitu
1715 3305 2255 3391 pervenissemus,
2312 3309 2560 3370 mature
2606 3305 3074 3391 expeditionem

722 3442 1160 3489 consummare
1204 3420 1518 3503 volentes,
1563 3441 1680 3507 per
1725 3421 2200 3507 compendium,
2245 3421 2414 3487 notis
2458 3420 2600 3487 viae
2646 3420 2909 3487 ducibus
2954 3422 3075 3489 hoc

505 3550 604 3599 σοι
628 3552 687 3599 15
725 3536 1232 3620 ostendentibuS,
1290 3556 1509 3602 versus
1562 3536 1845 3602 Iconium
1898 3536 2211 3624 proficisci
2271 3538 2551 3624 cepimus
2571 3533 2607 3621 ¹,
2666 3537 2818 3604 illuc
2871 3560 3073 3624 usque

724 3653 1083 3720 necessaria
1117 3656 1466 3739 portantes,
1513 3656 1821 3737 quantum
1852 3654 2181 3719 valuimus.
2251 3653 2339 3719 Et
2378 3673 2540 3737 ecce,
2579 3654 2791 3721 decem
2825 3655 3069 3723 dierum

723 3770 984 3836 itinere·
1039 3770 1169 3835 iam
1237 3772 1526 3855 peracto,
1593 3769 1861 3835 totidem
1922 3768 2126 3835 adhuc
2179 3770 2361 3835 nobis
2420 3770 2703 3854 residuo,
2772 3770 3072 3838 victualia

726 3885 1014 3952 omnibus
1072 3885 1234 3968 fere,
1296 3885 1669 3969 equitaturis
1721 3884 2031 3968 maxime,
2092 3885 2479 3971 defecerant,
2541 3906 2685 3953 cum
2731 3887 2919 3953 Turci
2963 3908 3070 3974 pe-

507 4013 606 4062 oet
629 4015 689 4061 26
726 4002 935 4069 destre
980 4000 1224 4085 vulgus,
1273 4002 1440 4087 quod
1481 4002 1828 4068 exercitum
1860 4001 2037 4085 sequi
2066 4001 2387 4086 nequibat,
2434 4002 2732 4069 invadere
2763 4007 2826 4070 et
2855 4004 3071 4070 cedere

722 4138 849 4184 non
907 4117 1255 4184 cessabant.
1326 4118 1457 4184 Nos
1514 4119 1717 4184 vicem
1768 4117 1989 4204 populi
2034 4115 2379 4184 deficientis
2427 4124 2491 4185 et
2533 4124 2667 4184 tam
2712 4139 2828 4185 sua
2870 4125 3070 4186 morte

725 4255 915 4320 quam
982 4234 1230 4318 sagittis
1299 4234 1576 4301 hostium
1640 4234 1965 4320 pereuntis
2035 4234 2314 4301 dolentes
2328 4285 2348 4319 ,
2423 4240 2649 4320 rogatu
2714 4236 3069 4322 principum

725 4352 1007 4418 omnium
1064 4357 1127 4417 et
1179 4351 1487 4418 baronum
1546 4350 1627 4417 ad
1683 4370 1858 4416 mare
1915 4349 1994 4417 de
2039 4355 2212 4417 terra
2253 4351 2366 4417 illa
2410 4352 2661 4420 deserta
2703 4354 3063 4435 exercitum,

868 4499 909 4531 a.
949 4485 1135 4531 iteneris
1167 4502 1205 4530 c.

866 4572 919 4627 1.
960 4572 1097 4627 1147
1132 4570 1250 4628 Oct.
1283 4571 1367 4626 15.
1404 4570 1474 4626 V.
1510 4568 1713 4625 librum
1750 4583 1932 4625 meum
1968 4569 2041 4626 de
2076 4570 2330 4628 Conrado
2364 4571 2448 4628 111
2484 4587 2631 4643 rege,
2666 4588 2723 4643 p.
2748 4573 2870 4630 131.
