3319 5242
1068 426 1368 475 wmAnm
1410 427 1742 477 aaaron
1787 429 1896 476 461.
2522 413 2656 481 583

308 667 411 737 45
426 667 460 737 1
475 720 492 737 .
530 668 897 734 wamherus
962 671 1286 757 episcopus
1340 669 1686 735 Mindensn’s
1739 669 2139 736 Wichmanno
2199 671 2658 760 archiepiscopo

532 785 1056 873 Maqdeburyensi
1110 796 1361 850 excusat
1410 784 1771 873 Philippum
1828 787 2180 873 episcopum
2229 786 2660 875 Omabruqen·

531 924 678 983 sem,
712 902 788 967 ob
816 902 1226 967 valetudinem
1257 900 1725 988 Merseburqum
1753 924 1880 966 non
1908 903 2260 968 venientem.
2345 900 2454 984 (M.
2478 902 2658 985 419.)

485 1048 851 1117 Reverendo
897 1050 1151 1118 domino
1186 1055 1442 1117 sanctae
1470 1049 2093 1136 Magetheburgensis
2124 1051 2424 1120 ecclesiae
2454 1054 2657 1121 archi·
2693 1066 2830 1121 1157

307 1167 605 1254 episcopo
636 1165 1070 1250 W(ernherus)
1116 1188 1233 1254 per
1276 1167 1773 1235 misericordiam
1803 1167 1926 1234 Dei
1969 1168 2056 1252 id,
2104 1168 2270 1254 quod
2316 1174 2413 1236 est
2455 1169 2524 1236 in
2557 1190 2657 1237 ec-

306 1282 502 1351 clesia
542 1281 886 1368 Mindensi,
944 1283 1230 1351 assiduas
1277 1285 1591 1352 orationes
1636 1284 1704 1350 in
1748 1283 2021 1351 Domino
2066 1304 2210 1350 cum
2254 1283 2425 1352 fideli
2469 1286 2655 1353 devo-

302 1401 500 1468 tionis
547 1398 862 1484 obsequio.

485 1513 890 1603 Apostolicae
945 1515 1081 1583 sedi
1126 1535 1376 1582 omnem
1420 1517 1839 1583 reverentiam
1886 1520 1952 1582 et
1994 1520 2242 1583 vestrae
2284 1518 2656 1605 paternitati

306 1652 495 1702 omne
540 1632 891 1699 devotionis
935 1631 1305 1718 obsequium
1350 1632 1643 1700 exhibere
1688 1633 2012 1718 cupientes
2027 1682 2045 1717 ,
2099 1631 2350 1701 divinae
2394 1636 2656 1703 misera-

301 1750 468 1817 tioni
511 1749 749 1833 gratias
781 1748 1133 1833 referimus,
1181 1749 1348 1834 quod
1376 1749 1642 1816 domnus
1671 1768 1844 1835 papa
1873 1748 2029 1815 adeo
2058 1755 2335 1815 vestrm
2362 1749 2658 1837 probavit

303 1865 784 1953 experientiam,
832 1869 905 1930 ut
949 1863 1080 1930 alta
1122 1870 1187 1931 et
1220 1865 1515 1932 sublimia
1542 1863 1990 1932 aecclesiarum
2018 1867 2273 1950 negotia
2301 1867 2379 1932 ad
2408 1873 2655 1934 vestrae

302 1982 703 2050 discretionis
733 1980 1193 2048 transmitteret
1220 1980 1631 2065 diligentiam.
1696 1979 2089 2049 Venerabilis
2120 1982 2432 2068 siquidem
2458 1983 2657 2051 frater

300 2104 522 2166 noster
564 2096 895 2184 Philippus
928 2096 1466 2181 Osenbruggensis
1511 2098 1864 2183 episcopus,
1910 2103 2187 2164 vestram
2233 2118 2332 2165 eitv
2357 2100 2654 2167 mandato

302 2215 522 2281 domni
579 2234 783 2301 papae
842 2213 1125 2279 aditurus
1179 2214 1594 2300 presentiam,
1649 2214 1720 2279 in
1763 2211 2081 2280 Mindensi
2131 2213 2269 2280 loco
2326 2214 2496 2301 apud
2536 2235 2652 2282 nos

2715 1140 2810 1186 Ian.

299 2333 595 2417 receptus
642 2335 740 2396 est
781 2328 1095 2415 hospici03
1144 2333 1242 2396 set
1283 2330 1351 2395 in
1395 2330 1536 2415 ipso
1579 2348 1881 2416 processu
1924 2330 2172 2397 itineris
2199 2350 2435 2414 magna
2460 2332 2651 2399 nimis
2767 2330 2774 2335 ’

302 2467 449 2515 eum
507 2445 794 2530 egritudo
841 2445 1187 2532 occupavit.
1277 2444 1463 2511 Prius
1510 2444 1764 2532 quidem
1811 2444 1890 2512 ob
1932 2446 2433 2530 magnitudinem
2475 2445 2651 2514 infir-

298 2563 547 2632 mitatis
605 2582 755 2629 suae
809 2561 1041 2629 multas
1097 2562 1420 2650 passiones
1479 2562 1812 2648 sustinuit,
1872 2566 1970 2630 set
2023 2582 2104 2631 ex
2145 2562 2360 2631 labore
2403 2563 2652 2632 itineris

301 2682 527 2750 eadem
569 2680 771 2767 ipsius
816 2677 1151 2745 infirmitas
1190 2698 1391 2765 usque
1421 2678 1502 2745 ad
1533 2678 1846 2746 defectum
1875 2679 2156 2765 corporis
2187 2680 2320 2746 eius
2353 2681 2648 2749 excrevit.

297 2797 547 2866 Eodem
574 2797 789 2881 itaque
818 2794 1165 2863 venerabili
1193 2795 1390 2862 fratre
1419 2801 1636 2862 nostro
1671 2795 1751 2861 ad
1781 2793 2468 2864 Hildenesheimensem
2498 2798 2651 2865 civi-

297 2918 501 2980 tatem
547 2910 981 2995 descendente,
1035 2916 1100 2977 et
1141 2912 1323 2978 nobis
1368 2912 1505 2978 vias
1551 2911 1686 2979 eius
1731 2910 2174 2979 comitantibus
2221 2917 2285 2979 et
2324 2933 2525 2999 usque
2570 2914 2652 2982 ad

302 3034 629 3116 aspectum
659 3033 939 3095 vestrum
982 3028 1195 3114 ipsum
1235 3027 1579 3114 perducere
1607 3026 1984 3112 volentibus,
2029 3033 2209 3095 tanta
2235 3028 2417 3096 nobis
2446 3030 2647 3117 ipsius

301 3145 592 3229 egritudo
632 3145 928 3227 innotuit,
974 3143 1141 3229 quod
1168 3142 1526 3210 nullatenus
1555 3144 1895 3231 procedere
1923 3143 2255 3231 potuisset,
2300 3164 2486 3230 quem
2514 3150 2647 3212 tam

300 3260 697 3328 inmoderata
748 3258 1082 3327 infirmitas
1139 3264 1285 3326 ante
1342 3264 1408 3325 et
1457 3259 1527 3324 in
1571 3260 1678 3327 via
1727 3259 2263 3347 apprehendisset.
2355 3258 2646 3329 Vestram

299 3379 517 3463 itaque
560 3376 860 3442 hactenus
904 3376 1085 3443 nobis
1129 3377 1198 3442 in
1242 3375 1531 3443 omnibus
1576 3375 1758 3443 bonis
1805 3380 2133 3462 expertam
2162 3375 2647 3443 benivolentiam

301 3513 447 3562 cum
495 3493 667 3559 omni
711 3491 1038 3576 diligentia
1080 3491 1496 3579 deposcimus,
1544 3497 1852 3577 quatenus
1898 3492 1977 3559 ob
2016 3492 2180 3559 hanc
2206 3493 2647 3560 necessitatem

299 3609 727 3698 prenominati
784 3608 1000 3675 domni
1042 3607 1322 3695 Philippi
1379 3607 1658 3695 episcopi
1716 3607 2068 3678 absentiam
2115 3609 2351 3675 intuitu
2392 3613 2646 3677 nostrae

300 3726 657 3794 devotionis
721 3729 786 3791 et
839 3724 1081 3791 servitii
1134 3723 1626 3792 misericorditer
1683 3721 2031 3808 sufferatis;
2100 3731 2288 3812 atque
2344 3745 2645 3812 personas

297 3840 699 3910 honorabiles
712 3890 732 3925 ,
784 3841 1174 3928 presentium
1217 3846 1703 3927 presentatores,
1745 3840 2122 3926 legationem
2167 3842 2368 3928 ipsius
2413 3842 2493 3908 ad
2535 3862 2644 3909 ve-

296 3963 503 4026 stram
544 3957 946 4045 prudentiam
991 3956 1372 4041 deferentes,
1418 3957 1909 4025 misericorditer
1950 3958 2324 4040 remittatis3
2379 3961 2446 4024 et
2487 3955 2642 4025 dile-

298 4080 477 4143 ctum
521 4074 823 4140 domnum
867 4072 1337 4158 corbeiensem,
1396 4078 1471 4139 ut
1513 4073 1592 4141 ab
1636 4074 1757 4142 hoc
1797 4074 1991 4142 verbo
2035 4073 2328 4158 desistat,
2379 4077 2641 4164 paterne

296 4189 768 4260 commoneatis.
