<?xml version="1.0" encoding="UTF-8"?>
<!DOCTYPE html PUBLIC "-//W3C//DTD XHTML 1.0 Transitional//EN"
    "http://www.w3.org/TR/xhtml1/DTD/xhtml1-transitional.dtd">
<html xmlns="http://www.w3.org/1999/xhtml" xml:lang="en" lang="en">
 <head>
  <title>
</title>
<meta http-equiv="Content-Type" content="text/html;charset=utf-8" />
  <meta name='ocr-system' content='tesseract 3.04.00' />
  <meta name='ocr-capabilities' content='ocr_page ocr_carea ocr_par ocr_line ocrx_word'/>
</head>
<body>
  <div class='ocr_page' id='page_1' title='image "./monumentacorbei00corvgoog_0470.png"; bbox 0 0 3319 5242; ppageno 0'>
   <div class='ocr_carea' id='block_1_1' title="bbox 714 424 2392 493">
    <p class='ocr_par' dir='ltr' id='par_1_1' title="bbox 714 424 2392 493">
     <span class='ocr_line' id='line_1_1' title="bbox 714 424 2392 493; baseline 0 -1"><span class='ocrx_word' id='word_1_1' title='bbox 714 424 849 492; x_wconf 83' lang='lat'><strong>460</strong></span> <span class='ocrx_word' id='word_1_2' title='bbox 1385 443 1685 491; x_wconf 68' lang='lat' dir='ltr'><strong>wmanm</strong></span> <span class='ocrx_word' id='word_1_3' title='bbox 1726 443 2101 493; x_wconf 69' lang='lat' dir='ltr'><strong>ams&#39;romn</strong></span> <span class='ocrx_word' id='word_1_4' title='bbox 2143 445 2252 492; x_wconf 78' lang='lat' dir='ltr'><strong>sss.</strong></span> <span class='ocrx_word' id='word_1_5' title='bbox 2283 446 2392 493; x_wconf 75' lang='lat' dir='ltr'><strong>eso.</strong></span> 
     </span>
    </p>
   </div>
   <div class='ocr_carea' id='block_1_2' title="bbox 542 584 3060 2304">
    <p class='ocr_par' dir='ltr' id='par_1_2' title="bbox 542 584 3060 2304">
     <span class='ocr_line' id='line_1_2' title="bbox 542 584 3050 677; baseline 0.006 -34"><span class='ocrx_word' id='word_1_6' title='bbox 542 588 679 645; x_wconf 84' lang='lat'>1151</span> <span class='ocrx_word' id='word_1_7' title='bbox 715 584 926 651; x_wconf 91' lang='lat' dir='ltr'><strong>dinem</strong></span> <span class='ocrx_word' id='word_1_8' title='bbox 972 589 1037 655; x_wconf 88' lang='lat' dir='ltr'><strong>et</strong></span> <span class='ocrx_word' id='word_1_9' title='bbox 1079 585 1592 653; x_wconf 75' lang='lat' dir='ltr'><strong>consuetudinem</strong></span> <span class='ocrx_word' id='word_1_10' title='bbox 1634 591 1939 673; x_wconf 90' lang='lat' dir='ltr'><strong>nostram,</strong></span> <span class='ocrx_word' id='word_1_11' title='bbox 1984 591 2347 654; x_wconf 87' lang='lat' dir='ltr'><strong>consuetam</strong></span> <span class='ocrx_word' id='word_1_12' title='bbox 2376 587 2743 657; x_wconf 87' lang='lat' dir='ltr'><strong>alimoniam</strong></span> <span class='ocrx_word' id='word_1_13' title='bbox 2774 596 3050 677; x_wconf 84' lang='lat' dir='ltr'><strong>expecta-</strong></span> 
     </span>
     <span class='ocr_line' id='line_1_3' title="bbox 561 663 3051 793; baseline 0.002 -26"><span class='ocrx_word' id='word_1_14' title='bbox 561 663 669 712; x_wconf 58' lang='lat' dir='ltr'><strong>m‘</strong></span> <span class='ocrx_word' id='word_1_15' title='bbox 713 722 926 768; x_wconf 90' lang='lat' dir='ltr'><strong>remus</strong></span> <span class='ocrx_word' id='word_1_16' title='bbox 972 720 1090 768; x_wconf 87' lang='lat' dir='ltr'><strong>nec</strong></span> <span class='ocrx_word' id='word_1_17' title='bbox 1136 702 1214 768; x_wconf 87' lang='lat' dir='ltr'><strong>ab</strong></span> <span class='ocrx_word' id='word_1_18' title='bbox 1260 722 1334 768; x_wconf 92' lang='lat' dir='ltr'><strong>eo</strong></span> <span class='ocrx_word' id='word_1_19' title='bbox 1379 704 1714 789; x_wconf 87' lang='lat' dir='ltr'><strong>quiequam</strong></span> <span class='ocrx_word' id='word_1_20' title='bbox 1760 706 2216 793; x_wconf 75' lang='lat' dir='ltr'>acciperemus,</span> <span class='ocrx_word' id='word_1_21' title='bbox 2259 705 2496 792; x_wconf 77' lang='lat' dir='ltr'><strong>inpasti</strong></span> <span class='ocrx_word' id='word_1_22' title='bbox 2541 707 2953 790; x_wconf 78' lang='lat' dir='ltr'>surreximus,</span> <span class='ocrx_word' id='word_1_23' title='bbox 2994 713 3051 772; x_wconf 91' lang='lat' dir='ltr'><strong>et</strong></span> 
     </span>
     <span class='ocr_line' id='line_1_4' title="bbox 713 816 3053 907; baseline 0.003 -24"><span class='ocrx_word' id='word_1_24' title='bbox 713 816 923 884; x_wconf 88' lang='lat' dir='ltr'><strong>Deum</strong></span> <span class='ocrx_word' id='word_1_25' title='bbox 978 817 1321 885; x_wconf 87' lang='lat' dir='ltr'><strong>secundum</strong></span> <span class='ocrx_word' id='word_1_26' title='bbox 1378 819 1663 888; x_wconf 83' lang='lat' dir='ltr'>ordinem</span> <span class='ocrx_word' id='word_1_27' title='bbox 1719 827 2038 906; x_wconf 87' lang='lat' dir='ltr'><strong>nostrum,</strong></span> <span class='ocrx_word' id='word_1_28' title='bbox 2098 827 2317 889; x_wconf 89' lang='lat' dir='ltr'><strong>euntes</strong></span> <span class='ocrx_word' id='word_1_29' title='bbox 2371 822 2453 889; x_wconf 85' lang='lat' dir='ltr'><strong>ad</strong></span> <span class='ocrx_word' id='word_1_30' title='bbox 2500 822 2865 907; x_wconf 86' lang='lat' dir='ltr'><strong>eeclesiam,</strong></span> <span class='ocrx_word' id='word_1_31' title='bbox 2921 842 3053 888; x_wconf 87' lang='lat' dir='ltr'><strong>cum</strong></span> 
     </span>
     <span class='ocr_line' id='line_1_5' title="bbox 712 933 3054 1025; baseline 0.002 -26"><span class='ocrx_word' id='word_1_32' title='bbox 712 933 957 1020; x_wconf 88' lang='lat' dir='ltr'><strong>psalmo</strong></span> <span class='ocrx_word' id='word_1_33' title='bbox 1013 933 1469 1002; x_wconf 78' lang='lat' dir='ltr'><strong>benediximus.</strong></span> <span class='ocrx_word' id='word_1_34' title='bbox 1562 934 1794 1003; x_wconf 87' lang='lat' dir='ltr'><strong>Statim</strong></span> <span class='ocrx_word' id='word_1_35' title='bbox 1848 937 2045 1022; x_wconf 83' lang='lat' dir='ltr'><strong>igitur</strong></span> <span class='ocrx_word' id='word_1_36' title='bbox 2096 938 2165 1004; x_wconf 93' lang='lat' dir='ltr'><strong>in</strong></span> <span class='ocrx_word' id='word_1_37' title='bbox 2216 956 2412 1003; x_wconf 90' lang='lat' dir='ltr'><strong>unum</strong></span> <span class='ocrx_word' id='word_1_38' title='bbox 2457 939 2856 1023; x_wconf 79' lang='lat' dir='ltr'><strong>congregati,</strong></span> <span class='ocrx_word' id='word_1_39' title='bbox 2913 939 3054 1025; x_wconf 88' lang='lat' dir='ltr'><strong>quid</strong></span> 
     </span>
     <span class='ocr_line' id='line_1_6' title="bbox 712 1050 3056 1142; baseline 0.002 -26"><span class='ocrx_word' id='word_1_40' title='bbox 712 1050 879 1117; x_wconf 84' lang='lat' dir='ltr'><strong>facto</strong></span> <span class='ocrx_word' id='word_1_41' title='bbox 925 1070 1083 1137; x_wconf 90' lang='lat' dir='ltr'><strong>opus</strong></span> <span class='ocrx_word' id='word_1_42' title='bbox 1130 1056 1315 1136; x_wconf 81' lang='lat' dir='ltr'><strong>esset,</strong></span> <span class='ocrx_word' id='word_1_43' title='bbox 1359 1051 1430 1117; x_wconf 93' lang='lat' dir='ltr'><strong>in</strong></span> <span class='ocrx_word' id='word_1_44' title='bbox 1473 1072 1805 1120; x_wconf 91' lang='lat' dir='ltr'><strong>commune</strong></span> <span class='ocrx_word' id='word_1_45' title='bbox 1850 1054 2278 1121; x_wconf 90' lang='lat' dir='ltr'><strong>consuluimus</strong></span> <span class='ocrx_word' id='word_1_46' title='bbox 2324 1059 2408 1138; x_wconf 88' lang='lat' dir='ltr'><strong>et,</strong></span> <span class='ocrx_word' id='word_1_47' title='bbox 2454 1060 2527 1121; x_wconf 90' lang='lat' dir='ltr'><strong>ut</strong></span> <span class='ocrx_word' id='word_1_48' title='bbox 2561 1058 2811 1121; x_wconf 83' lang='lat' dir='ltr'><strong>vestrae</strong></span> <span class='ocrx_word' id='word_1_49' title='bbox 2856 1061 3056 1142; x_wconf 85' lang='lat' dir='ltr'><strong>pater-</strong></span> 
     </span>
     <span class='ocr_line' id='line_1_7' title="bbox 711 1166 3058 1253; baseline 0.003 -21"><span class='ocrx_word' id='word_1_50' title='bbox 711 1166 898 1233; x_wconf 80' lang='lat' dir='ltr'><strong>nitati</strong></span> <span class='ocrx_word' id='word_1_51' title='bbox 954 1167 1119 1234; x_wconf 88' lang='lat' dir='ltr'><strong>hanc</strong></span> <span class='ocrx_word' id='word_1_52' title='bbox 1169 1169 1612 1237; x_wconf 87' lang='lat' dir='ltr'><strong>necessitatem</strong></span> <span class='ocrx_word' id='word_1_53' title='bbox 1656 1169 1947 1238; x_wconf 78' lang='lat' dir='ltr'><strong>celeriter</strong></span> <span class='ocrx_word' id='word_1_54' title='bbox 1988 1171 2486 1253; x_wconf 73' lang='lat' dir='ltr'><strong>insinuaremus,</strong></span> <span class='ocrx_word' id='word_1_55' title='bbox 2544 1170 2710 1237; x_wconf 82' lang='lat' dir='ltr'><strong>inter</strong></span> <span class='ocrx_word' id='word_1_56' title='bbox 2752 1190 2875 1237; x_wconf 85' lang='lat' dir='ltr'><strong>nos</strong></span> <span class='ocrx_word' id='word_1_57' title='bbox 2920 1190 3058 1238; x_wconf 88' lang='lat' dir='ltr'><strong>con-</strong></span> 
     </span>
     <span class='ocr_line' id='line_1_8' title="bbox 710 1282 3059 1371; baseline 0.003 -24"><span class='ocrx_word' id='word_1_58' title='bbox 710 1283 1016 1350; x_wconf 84' lang='lat' dir='ltr'><strong>venimus.</strong></span> <span class='ocrx_word' id='word_1_59' title='bbox 1122 1282 1383 1350; x_wconf 88' lang='lat' dir='ltr'><strong>Interim</strong></span> <span class='ocrx_word' id='word_1_60' title='bbox 1452 1290 1663 1352; x_wconf 87' lang='lat' dir='ltr'><strong>autem</strong></span> <span class='ocrx_word' id='word_1_61' title='bbox 1728 1287 1913 1353; x_wconf 79' lang='lat' dir='ltr'><strong>fratri</strong></span> <span class='ocrx_word' id='word_1_62' title='bbox 1966 1285 2360 1368; x_wconf 90' lang='lat' dir='ltr'><strong>A(delberto)</strong></span> <span class='ocrx_word' id='word_1_63' title='bbox 2419 1287 2768 1353; x_wconf 85' lang='lat' dir='ltr'><strong>camerario</strong></span> <span class='ocrx_word' id='word_1_64' title='bbox 2828 1293 3059 1371; x_wconf 73' lang='lat' dir='ltr'><strong>nostro,</strong></span> 
     </span>
     <span class='ocr_line' id='line_1_9' title="bbox 710 1397 3059 1488; baseline 0.003 -24"><span class='ocrx_word' id='word_1_65' title='bbox 710 1397 859 1467; x_wconf 87' lang='lat' dir='ltr'><strong>licet</strong></span> <span class='ocrx_word' id='word_1_66' title='bbox 910 1399 1110 1465; x_wconf 82' lang='lat' dir='ltr'><strong>invito</strong></span> <span class='ocrx_word' id='word_1_67' title='bbox 1167 1404 1232 1465; x_wconf 90' lang='lat' dir='ltr'><strong>et</strong></span> <span class='ocrx_word' id='word_1_68' title='bbox 1284 1398 1554 1467; x_wconf 88' lang='lat' dir='ltr'><strong>multum</strong></span> <span class='ocrx_word' id='word_1_69' title='bbox 1609 1401 1939 1487; x_wconf 85' lang='lat' dir='ltr'><strong>renitenti,</strong></span> <span class='ocrx_word' id='word_1_70' title='bbox 1994 1402 2160 1469; x_wconf 88' lang='lat' dir='ltr'><strong>hanc</strong></span> <span class='ocrx_word' id='word_1_71' title='bbox 2213 1421 2430 1468; x_wconf 85' lang='lat' dir='ltr'><strong>curam</strong></span> <span class='ocrx_word' id='word_1_72' title='bbox 2486 1401 2918 1488; x_wconf 87' lang='lat' dir='ltr'><strong>iniunximus,</strong></span> <span class='ocrx_word' id='word_1_73' title='bbox 2972 1409 3059 1488; x_wconf 88' lang='lat' dir='ltr'><strong>ut,</strong></span> 
     </span>
     <span class='ocr_line' id='line_1_10' title="bbox 711 1514 3059 1605; baseline 0.002 -24"><span class='ocrx_word' id='word_1_74' title='bbox 711 1514 910 1583; x_wconf 88' lang='lat' dir='ltr'><strong>donec</strong></span> <span class='ocrx_word' id='word_1_75' title='bbox 953 1514 1171 1582; x_wconf 90' lang='lat' dir='ltr'><strong>redeat</strong></span> <span class='ocrx_word' id='word_1_76' title='bbox 1211 1517 1478 1583; x_wconf 90' lang='lat' dir='ltr'><strong>nuncius</strong></span> <span class='ocrx_word' id='word_1_77' title='bbox 1522 1522 1740 1585; x_wconf 91' lang='lat' dir='ltr'><strong>noster</strong></span> <span class='ocrx_word' id='word_1_78' title='bbox 1774 1518 1814 1585; x_wconf 77' lang='lat' dir='ltr'><strong>a</strong></span> <span class='ocrx_word' id='word_1_79' title='bbox 1841 1518 2041 1602; x_wconf 87' lang='lat' dir='ltr'><strong>vobis,</strong></span> <span class='ocrx_word' id='word_1_80' title='bbox 2087 1538 2318 1605; x_wconf 90' lang='lat' dir='ltr'><strong>panem</strong></span> <span class='ocrx_word' id='word_1_81' title='bbox 2349 1522 2414 1584; x_wconf 88' lang='lat' dir='ltr'><strong>et</strong></span> <span class='ocrx_word' id='word_1_82' title='bbox 2442 1523 2685 1605; x_wconf 76' lang='lat' dir='ltr'><strong>potum,</strong></span> <span class='ocrx_word' id='word_1_83' title='bbox 2716 1519 3059 1586; x_wconf 88' lang='lat' dir='ltr'><strong>undecum-</strong></span> 
     </span>
     <span class='ocr_line' id='line_1_11' title="bbox 711 1632 3060 1722; baseline 0.002 -24"><span class='ocrx_word' id='word_1_84' title='bbox 711 1651 832 1717; x_wconf 90' lang='lat' dir='ltr'><strong>que</strong></span> <span class='ocrx_word' id='word_1_85' title='bbox 877 1632 1080 1718; x_wconf 82' lang='lat' dir='ltr'><strong>possit</strong></span> <span class='ocrx_word' id='word_1_86' title='bbox 1111 1637 1330 1698; x_wconf 84' lang='lat' dir='ltr'><strong>mutuo</strong></span> <span class='ocrx_word' id='word_1_87' title='bbox 1363 1639 1709 1720; x_wconf 77' lang='lat' dir='ltr'><strong>acceptum,</strong></span> <span class='ocrx_word' id='word_1_88' title='bbox 1754 1634 1936 1701; x_wconf 92' lang='lat' dir='ltr'><strong>nobis</strong></span> <span class='ocrx_word' id='word_1_89' title='bbox 1965 1634 2313 1722; x_wconf 87' lang='lat' dir='ltr'><strong>provideat.</strong></span> <span class='ocrx_word' id='word_1_90' title='bbox 2368 1634 2456 1700; x_wconf 90' lang='lat' dir='ltr'><strong>Et</strong></span> <span class='ocrx_word' id='word_1_91' title='bbox 2492 1640 2850 1720; x_wconf 84' lang='lat' dir='ltr'><strong>argentum,</strong></span> <span class='ocrx_word' id='word_1_92' title='bbox 2900 1637 3060 1722; x_wconf 89' lang='lat' dir='ltr'><strong>quod</strong></span> 
     </span>
     <span class='ocr_line' id='line_1_12' title="bbox 710 1747 3056 1840; baseline 0.003 -27"><span class='ocrx_word' id='word_1_93' title='bbox 710 1747 792 1814; x_wconf 89' lang='lat' dir='ltr'><strong>ad</strong></span> <span class='ocrx_word' id='word_1_94' title='bbox 851 1747 1310 1835; x_wconf 76' lang='lat' dir='ltr'><strong>sarcophagum</strong></span> <span class='ocrx_word' id='word_1_95' title='bbox 1364 1749 1485 1817; x_wconf 87' lang='lat' dir='ltr'><strong>hoc</strong></span> <span class='ocrx_word' id='word_1_96' title='bbox 1539 1770 1704 1816; x_wconf 90' lang='lat' dir='ltr'><strong>anno</strong></span> <span class='ocrx_word' id='word_1_97' title='bbox 1758 1752 2315 1837; x_wconf 82' lang='lat' dir='ltr'><strong>deputaveramus,</strong></span> <span class='ocrx_word' id='word_1_98' title='bbox 2371 1750 2443 1817; x_wconf 92' lang='lat' dir='ltr'><strong>in</strong></span> <span class='ocrx_word' id='word_1_99' title='bbox 2485 1751 2750 1838; x_wconf 79' lang='lat' dir='ltr'><strong>pignore</strong></span> <span class='ocrx_word' id='word_1_100' title='bbox 2798 1754 3056 1840; x_wconf 84' lang='lat' dir='ltr'><strong>accepit.</strong></span> 
     </span>
     <span class='ocr_line' id='line_1_13' title="bbox 709 1862 3060 1952; baseline 0.003 -22"><span class='ocrx_word' id='word_1_101' title='bbox 709 1862 1019 1942; x_wconf 79' lang='lat' dir='ltr'><strong>Quoniam</strong></span> <span class='ocrx_word' id='word_1_102' title='bbox 1062 1865 1276 1950; x_wconf 88' lang='lat' dir='ltr'><strong>itaque</strong></span> <span class='ocrx_word' id='word_1_103' title='bbox 1320 1865 1758 1933; x_wconf 88' lang='lat' dir='ltr'><strong>imminentem</strong></span> <span class='ocrx_word' id='word_1_104' title='bbox 1789 1868 1973 1934; x_wconf 89' lang='lat' dir='ltr'><strong>nobis</strong></span> <span class='ocrx_word' id='word_1_105' title='bbox 2002 1869 2443 1936; x_wconf 88' lang='lat' dir='ltr'><strong>necessitatem</strong></span> <span class='ocrx_word' id='word_1_106' title='bbox 2472 1867 2722 1952; x_wconf 81' lang='lat' dir='ltr'><strong>videtis,</strong></span> <span class='ocrx_word' id='word_1_107' title='bbox 2769 1869 3060 1937; x_wconf 86' lang='lat' dir='ltr'><strong>obsecra·</strong></span> 
     </span>
     <span class='ocr_line' id='line_1_14' title="bbox 707 1979 3056 2069; baseline 0.003 -23"><span class='ocrx_word' id='word_1_108' title='bbox 707 2001 850 2046; x_wconf 88' lang='lat' dir='ltr'><strong>mus</strong></span> <span class='ocrx_word' id='word_1_109' title='bbox 897 1979 1192 2048; x_wconf 81' lang='lat' dir='ltr'><strong>dilectam</strong></span> <span class='ocrx_word' id='word_1_110' title='bbox 1234 1980 1416 2048; x_wconf 89' lang='lat' dir='ltr'><strong>nobis</strong></span> <span class='ocrx_word' id='word_1_111' title='bbox 1460 1983 1911 2069; x_wconf 87' lang='lat' dir='ltr'><strong>paternitatem</strong></span> <span class='ocrx_word' id='word_1_112' title='bbox 1940 1989 2238 2068; x_wconf 82' lang='lat' dir='ltr'><strong>vestram,</strong></span> <span class='ocrx_word' id='word_1_113' title='bbox 2283 1989 2358 2050; x_wconf 90' lang='lat' dir='ltr'><strong>ut</strong></span> <span class='ocrx_word' id='word_1_114' title='bbox 2389 1985 2752 2069; x_wconf 85' lang='lat' dir='ltr'><strong>quantotius</strong></span> <span class='ocrx_word' id='word_1_115' title='bbox 2784 1987 3056 2053; x_wconf 88' lang='lat' dir='ltr'><strong>reditum</strong></span> 
     </span>
     <span class='ocr_line' id='line_1_15' title="bbox 708 2097 3057 2188; baseline 0.004 -27"><span class='ocrx_word' id='word_1_116' title='bbox 708 2100 990 2163; x_wconf 84' lang='lat' dir='ltr'><strong>vestrum</strong></span> <span class='ocrx_word' id='word_1_117' title='bbox 1034 2097 1115 2164; x_wconf 87' lang='lat' dir='ltr'><strong>ad</strong></span> <span class='ocrx_word' id='word_1_118' title='bbox 1158 2117 1274 2165; x_wconf 89' lang='lat' dir='ltr'><strong>nos</strong></span> <span class='ocrx_word' id='word_1_119' title='bbox 1322 2098 1704 2185; x_wconf 82' lang='lat' dir='ltr'><strong>acceleretis,</strong></span> <span class='ocrx_word' id='word_1_120' title='bbox 1746 2105 1820 2166; x_wconf 89' lang='lat' dir='ltr'><strong>ut</strong></span> <span class='ocrx_word' id='word_1_121' title='bbox 1864 2100 1941 2166; x_wconf 91' lang='lat' dir='ltr'><strong>de</strong></span> <span class='ocrx_word' id='word_1_122' title='bbox 1974 2100 2239 2167; x_wconf 89' lang='lat' dir='ltr'><strong>instanti</strong></span> <span class='ocrx_word' id='word_1_123' title='bbox 2265 2099 2546 2188; x_wconf 88' lang='lat' dir='ltr'><strong>periculo</strong></span> <span class='ocrx_word' id='word_1_124' title='bbox 2574 2121 2692 2168; x_wconf 91' lang='lat' dir='ltr'><strong>nos</strong></span> <span class='ocrx_word' id='word_1_125' title='bbox 2725 2106 2791 2169; x_wconf 90' lang='lat' dir='ltr'><strong>et</strong></span> <span class='ocrx_word' id='word_1_126' title='bbox 2822 2103 3057 2170; x_wconf 87' lang='lat' dir='ltr'><strong>aeccle-</strong></span> 
     </span>
     <span class='ocr_line' id='line_1_16' title="bbox 706 2213 3054 2304; baseline 0.003 -25"><span class='ocrx_word' id='word_1_127' title='bbox 706 2213 869 2280; x_wconf 85' lang='lat' dir='ltr'><strong>siam</strong></span> <span class='ocrx_word' id='word_1_128' title='bbox 913 2214 1222 2301; x_wconf 86' lang='lat' dir='ltr'><strong>eripiatis,</strong></span> <span class='ocrx_word' id='word_1_129' title='bbox 1268 2214 1433 2300; x_wconf 92' lang='lat' dir='ltr'><strong>quod</strong></span> <span class='ocrx_word' id='word_1_130' title='bbox 1477 2216 1615 2282; x_wconf 90' lang='lat' dir='ltr'><strong>sine</strong></span> <span class='ocrx_word' id='word_1_131' title='bbox 1650 2216 1974 2302; x_wconf 87' lang='lat' dir='ltr'><strong>presentia</strong></span> <span class='ocrx_word' id='word_1_132' title='bbox 2001 2221 2214 2284; x_wconf 84' lang='lat' dir='ltr'><strong>vestra</strong></span> <span class='ocrx_word' id='word_1_133' title='bbox 2243 2216 2510 2284; x_wconf 83' lang='lat' dir='ltr'><strong>evadere</strong></span> <span class='ocrx_word' id='word_1_134' title='bbox 2537 2237 2666 2284; x_wconf 91' lang='lat' dir='ltr'><strong>non</strong></span> <span class='ocrx_word' id='word_1_135' title='bbox 2694 2238 3054 2304; x_wconf 88' lang='lat' dir='ltr'><strong>possumus.</strong></span> 
     </span>
    </p>
   </div>
   <div class='ocr_carea' id='block_1_3' title="bbox 1661 2355 2091 2368">
    <p class='ocr_par' dir='ltr' id='par_1_3' title="bbox 1661 2355 2091 2368">
     <span class='ocr_line' id='line_1_17' title="bbox 1661 2355 2091 2368; baseline 0 0"><span class='ocrx_word' id='word_1_136' title='bbox 1661 2355 2091 2368; x_wconf 95' lang='lat' dir='ltr'><strong> </strong></span> 
     </span>
    </p>
   </div>
   <div class='ocr_carea' id='block_1_4' title="bbox 447 2424 3056 4628">
    <p class='ocr_par' dir='ltr' id='par_1_4' title="bbox 709 2424 3056 2522">
     <span class='ocr_line' id='line_1_18' title="bbox 709 2424 3056 2522; baseline 0.001 -25"><span class='ocrx_word' id='word_1_137' title='bbox 709 2424 884 2497; x_wconf 87' lang='lat'><strong>330.</strong></span> <span class='ocrx_word' id='word_1_138' title='bbox 921 2427 1240 2494; x_wconf 72' lang='lat' dir='ltr'><strong>Wibaldus</strong></span> <span class='ocrx_word' id='word_1_139' title='bbox 1298 2428 1751 2494; x_wconf 70' lang='lat' dir='ltr'><strong>Corbeiensium</strong></span> <span class='ocrx_word' id='word_1_140' title='bbox 1806 2433 2122 2517; x_wconf 70' lang='lat' dir='ltr'><strong>onya-scias</strong></span> <span class='ocrx_word' id='word_1_141' title='bbox 2175 2432 2353 2497; x_wconf 76' lang='lat' dir='ltr'><strong>dolet.</strong></span> <span class='ocrx_word' id='word_1_142' title='bbox 2444 2433 2550 2498; x_wconf 82' lang='lat' dir='ltr'><strong>De</strong></span> <span class='ocrx_word' id='word_1_143' title='bbox 2610 2432 3056 2522; x_wconf 71' lang='lat' dir='ltr'><strong>Lotharinyn‘ae</strong></span> 
     </span>
    </p>

    <p class='ocr_par' dir='ltr' id='par_1_5' title="bbox 924 2542 3056 2639">
     <span class='ocr_line' id='line_1_19' title="bbox 924 2542 3056 2639; baseline 0.004 -31"><span class='ocrx_word' id='word_1_144' title='bbox 924 2542 1393 2634; x_wconf 69' lang='lat' dir='ltr'><strong>difficultatibus</strong></span> <span class='ocrx_word' id='word_1_145' title='bbox 1459 2545 1652 2610; x_wconf 78' lang='lat' dir='ltr'><strong>addit.</strong></span> <span class='ocrx_word' id='word_1_146' title='bbox 1734 2546 2004 2637; x_wconf 74' lang='lat' dir='ltr'><strong>Confidit</strong></span> <span class='ocrx_word' id='word_1_147' title='bbox 2040 2546 2194 2635; x_wconf 78' lang='lat' dir='ltr'><strong>sore</strong></span> <span class='ocrx_word' id='word_1_148' title='bbox 2204 2596 2224 2631; x_wconf 87' lang='lat'>‚</span> <span class='ocrx_word' id='word_1_149' title='bbox 2282 2559 2351 2614; x_wconf 76' lang='lat' dir='ltr'><strong>ut</strong></span> <span class='ocrx_word' id='word_1_150' title='bbox 2393 2549 2623 2637; x_wconf 75' lang='lat' dir='ltr'><strong>paullo·</strong></span> <span class='ocrx_word' id='word_1_151' title='bbox 2672 2563 2827 2639; x_wconf 77' lang='lat' dir='ltr'><strong>post</strong></span> <span class='ocrx_word' id='word_1_152' title='bbox 2896 2553 3056 2616; x_wconf 75' lang='lat' dir='ltr'><strong>diem</strong></span> 
     </span>
    </p>

    <p class='ocr_par' dir='ltr' id='par_1_6' title="bbox 925 2659 3052 2749">
     <span class='ocr_line' id='line_1_20' title="bbox 925 2659 3052 2749; baseline 0.004 -24"><span class='ocrx_word' id='word_1_153' title='bbox 925 2659 1009 2726; x_wconf 86' lang='lat'><strong>11</strong></span> <span class='ocrx_word' id='word_1_154' title='bbox 1056 2659 1226 2726; x_wconf 71' lang='lat' dir='ltr'><strong>Iunii</strong></span> <span class='ocrx_word' id='word_1_155' title='bbox 1269 2661 1357 2725; x_wconf 83' lang='lat' dir='ltr'><strong>ad</strong></span> <span class='ocrx_word' id='word_1_156' title='bbox 1399 2685 1500 2726; x_wconf 79' lang='lat' dir='ltr'><strong>eos</strong></span> <span class='ocrx_word' id='word_1_157' title='bbox 1542 2674 1900 2728; x_wconf 77' lang='lat' dir='ltr'><strong>revertatur.</strong></span> <span class='ocrx_word' id='word_1_158' title='bbox 2726 2664 2839 2746; x_wconf 82' lang='grc' dir='ltr'><strong>(Μ.</strong></span> <span class='ocrx_word' id='word_1_159' title='bbox 2875 2667 3052 2749; x_wconf 81' lang='lat'>305.)</span> 
     </span>
    </p>

    <p class='ocr_par' dir='ltr' id='par_1_7' title="bbox 491 2790 3053 2881">
     <span class='ocr_line' id='line_1_21' title="bbox 491 2790 3053 2881; baseline 0.005 -29"><span class='ocrx_word' id='word_1_160' title='bbox 491 2796 554 2881; x_wconf 61' lang='lat'><strong>1}</strong></span> <span class='ocrx_word' id='word_1_161' title='bbox 562 2795 629 2851; x_wconf 83' lang='lat'><strong>51</strong></span> <span class='ocrx_word' id='word_1_162' title='bbox 878 2791 1104 2858; x_wconf 85' lang='lat' dir='ltr'><strong>Frater</strong></span> <span class='ocrx_word' id='word_1_163' title='bbox 1146 2790 1524 2876; x_wconf 90' lang='lat' dir='ltr'><strong>W(ibaldus)</strong></span> <span class='ocrx_word' id='word_1_164' title='bbox 1580 2793 1702 2861; x_wconf 91' lang='lat' dir='ltr'><strong>Dei</strong></span> <span class='ocrx_word' id='word_1_165' title='bbox 1758 2796 1965 2880; x_wconf 80' lang='lat' dir='ltr'><strong>gratia</strong></span> <span class='ocrx_word' id='word_1_166' title='bbox 2008 2795 2404 2876; x_wconf 85' lang='lat' dir='ltr'><strong>Corbeiensis</strong></span> <span class='ocrx_word' id='word_1_167' title='bbox 2460 2798 2655 2865; x_wconf 86' lang='lat' dir='ltr'><strong>abbas</strong></span> <span class='ocrx_word' id='word_1_168' title='bbox 2700 2798 3053 2881; x_wconf 89' lang='lat' dir='ltr'><strong>H(einrico)</strong></span> 
     </span>
    </p>

    <p class='ocr_par' dir='ltr' id='par_1_8' title="bbox 447 2869 3053 3111">
     <span class='ocr_line' id='line_1_22' title="bbox 447 2869 3053 2997; baseline 0.003 -23"><span class='ocrx_word' id='word_1_169' title='bbox 447 2869 567 2917; x_wconf 53' lang='grc' dir='ltr'><strong>ΜΟ</strong></span> <span class='ocrx_word' id='word_1_170' title='bbox 600 2884 669 2916; x_wconf 71' lang='lat'><strong>‘⁵¹&#39;</strong></span> <span class='ocrx_word' id='word_1_171' title='bbox 701 2908 902 2997; x_wconf 90' lang='lat' dir='ltr'><strong>priori</strong></span> <span class='ocrx_word' id='word_1_172' title='bbox 961 2913 1025 2976; x_wconf 90' lang='lat' dir='ltr'><strong>et</strong></span> <span class='ocrx_word' id='word_1_173' title='bbox 1079 2908 1303 2975; x_wconf 84' lang='lat' dir='ltr'><strong>ceteris</strong></span> <span class='ocrx_word' id='word_1_174' title='bbox 1349 2908 1745 2978; x_wconf 89' lang='lat' dir='ltr'><strong>Corbeiensis</strong></span> <span class='ocrx_word' id='word_1_175' title='bbox 1803 2912 2103 2979; x_wconf 89' lang='lat' dir='ltr'><strong>ecclesiae</strong></span> <span class='ocrx_word' id='word_1_176' title='bbox 2145 2913 2448 2981; x_wconf 82' lang='lat' dir='ltr'><strong>fratribus</strong></span> <span class='ocrx_word' id='word_1_177' title='bbox 2494 2920 2560 2981; x_wconf 90' lang='lat' dir='ltr'><strong>et</strong></span> <span class='ocrx_word' id='word_1_178' title='bbox 2601 2913 2749 2981; x_wconf 88' lang='lat' dir='ltr'><strong>filiis</strong></span> <span class='ocrx_word' id='word_1_179' title='bbox 2794 2915 3053 2983; x_wconf 87' lang='lat' dir='ltr'><strong>benedi·</strong></span> 
     </span>
     <span class='ocr_line' id='line_1_23' title="bbox 702 3025 2026 3111; baseline 0.001 -18"><span class='ocrx_word' id='word_1_180' title='bbox 702 3026 977 3093; x_wconf 87' lang='lat' dir='ltr'><strong>ctionem</strong></span> <span class='ocrx_word' id='word_1_181' title='bbox 1023 3030 1087 3092; x_wconf 91' lang='lat' dir='ltr'><strong>et</strong></span> <span class='ocrx_word' id='word_1_182' title='bbox 1130 3025 1328 3092; x_wconf 88' lang='lat' dir='ltr'><strong>vitam</strong></span> <span class='ocrx_word' id='word_1_183' title='bbox 1372 3046 1571 3111; x_wconf 91' lang='lat' dir='ltr'><strong>usque</strong></span> <span class='ocrx_word' id='word_1_184' title='bbox 1614 3027 1705 3093; x_wconf 29' lang='lat' dir='ltr'><strong>in*</strong></span> <span class='ocrx_word' id='word_1_185' title='bbox 1729 3027 2026 3094; x_wconf 89' lang='lat' dir='ltr'><strong>seculum.</strong></span> 
     </span>
    </p>

    <p class='ocr_par' dir='ltr' id='par_1_9' title="bbox 691 3141 3051 4628">
     <span class='ocr_line' id='line_1_24' title="bbox 881 3141 3051 3233; baseline 0.004 -26"><span class='ocrx_word' id='word_1_186' title='bbox 881 3141 1060 3221; x_wconf 88' lang='lat' dir='ltr'><strong>Quod</strong></span> <span class='ocrx_word' id='word_1_187' title='bbox 1083 3142 1267 3208; x_wconf 81' lang='lat' dir='ltr'><strong>tanti</strong></span> <span class='ocrx_word' id='word_1_188' title='bbox 1305 3146 1370 3209; x_wconf 89' lang='lat' dir='ltr'><strong>et</strong></span> <span class='ocrx_word' id='word_1_189' title='bbox 1396 3147 1530 3209; x_wconf 86' lang='lat' dir='ltr'><strong>tam</strong></span> <span class='ocrx_word' id='word_1_190' title='bbox 1560 3163 1847 3211; x_wconf 86' lang='lat' dir='ltr'><strong>enormes</strong></span> <span class='ocrx_word' id='word_1_191' title='bbox 1878 3144 2156 3212; x_wconf 84' lang='lat' dir='ltr'><strong>defectus</strong></span> <span class='ocrx_word' id='word_1_192' title='bbox 2185 3150 2471 3233; x_wconf 90' lang='lat' dir='ltr'><strong>tempore</strong></span> <span class='ocrx_word' id='word_1_193' title='bbox 2499 3145 2714 3213; x_wconf 90' lang='lat' dir='ltr'><strong>hocin</strong></span> <span class='ocrx_word' id='word_1_194' title='bbox 2744 3148 3051 3215; x_wconf 84' lang='lat' dir='ltr'><strong>aeeclesia</strong></span> 
     </span>
     <span class='ocr_line' id='line_1_25' title="bbox 702 3258 3045 3347; baseline 0.003 -22"><span class='ocrx_word' id='word_1_195' title='bbox 702 3258 1066 3326; x_wconf 87' lang='lat' dir='ltr'><strong>Corbeiensi</strong></span> <span class='ocrx_word' id='word_1_196' title='bbox 1134 3259 1535 3343; x_wconf 84' lang='lat' dir='ltr'><strong>contingunt,</strong></span> <span class='ocrx_word' id='word_1_197' title='bbox 1602 3260 2082 3346; x_wconf 90' lang='lat' dir='ltr'><strong>precordialiter</strong></span> <span class='ocrx_word' id='word_1_198' title='bbox 2134 3260 2270 3328; x_wconf 92' lang='lat' dir='ltr'><strong>Deo</strong></span> <span class='ocrx_word' id='word_1_199' title='bbox 2328 3266 2490 3329; x_wconf 90' lang='lat' dir='ltr'><strong>teste</strong></span> <span class='ocrx_word' id='word_1_200' title='bbox 2545 3262 2865 3347; x_wconf 89' lang='lat' dir='ltr'><strong>dolemus;</strong></span> <span class='ocrx_word' id='word_1_201' title='bbox 2932 3270 3045 3347; x_wconf 85' lang='lat' dir='ltr'><strong>set,</strong></span> 
     </span>
     <span class='ocr_line' id='line_1_26' title="bbox 698 3375 3045 3462; baseline 0.003 -21"><span class='ocrx_word' id='word_1_202' title='bbox 698 3395 929 3459; x_wconf 80' lang='lat' dir='ltr'><strong>magno</strong></span> <span class='ocrx_word' id='word_1_203' title='bbox 975 3395 1188 3442; x_wconf 91' lang='lat' dir='ltr'><strong>rerum</strong></span> <span class='ocrx_word' id='word_1_204' title='bbox 1231 3375 1483 3442; x_wconf 84' lang='lat' dir='ltr'><strong>turbine</strong></span> <span class='ocrx_word' id='word_1_205' title='bbox 1528 3376 1924 3462; x_wconf 80' lang='lat' dir='ltr'><strong>deprehensi,</strong></span> <span class='ocrx_word' id='word_1_206' title='bbox 1968 3377 2214 3445; x_wconf 89' lang='lat' dir='ltr'><strong>nullum</strong></span> <span class='ocrx_word' id='word_1_207' title='bbox 2259 3376 2549 3446; x_wconf 82' lang='lat' dir='ltr'><strong>effectum</strong></span> <span class='ocrx_word' id='word_1_208' title='bbox 2592 3379 2794 3447; x_wconf 86' lang='lat' dir='ltr'><strong>bonae</strong></span> <span class='ocrx_word' id='word_1_209' title='bbox 2827 3381 3045 3448; x_wconf 86' lang='lat' dir='ltr'><strong>volun-</strong></span> 
     </span>
     <span class='ocr_line' id='line_1_27' title="bbox 699 3491 3043 3579; baseline 0.003 -21"><span class='ocrx_word' id='word_1_210' title='bbox 699 3491 850 3558; x_wconf 89' lang='lat' dir='ltr'><strong>tatis</strong></span> <span class='ocrx_word' id='word_1_211' title='bbox 895 3496 1150 3558; x_wconf 88' lang='lat' dir='ltr'><strong>nostrae</strong></span> <span class='ocrx_word' id='word_1_212' title='bbox 1195 3491 1490 3579; x_wconf 91' lang='lat' dir='ltr'><strong>operibus</strong></span> <span class='ocrx_word' id='word_1_213' title='bbox 1536 3492 1969 3561; x_wconf 86' lang='lat' dir='ltr'><strong>demonstrare</strong></span> <span class='ocrx_word' id='word_1_214' title='bbox 2013 3493 2315 3561; x_wconf 84' lang='lat' dir='ltr'><strong>valemus.</strong></span> <span class='ocrx_word' id='word_1_215' title='bbox 2378 3493 2491 3562; x_wconf 88' lang='lat' dir='ltr'><strong>Set</strong></span> <span class='ocrx_word' id='word_1_216' title='bbox 2527 3515 2724 3562; x_wconf 90' lang='lat' dir='ltr'><strong>unum</strong></span> <span class='ocrx_word' id='word_1_217' title='bbox 2752 3498 2826 3563; x_wconf 90' lang='lat' dir='ltr'><strong>in</strong></span> <span class='ocrx_word' id='word_1_218' title='bbox 2853 3500 3043 3565; x_wconf 87' lang='lat' dir='ltr'><strong>tantis</strong></span> 
     </span>
     <span class='ocr_line' id='line_1_28' title="bbox 697 3607 3040 3698; baseline 0.003 -24"><span class='ocrx_word' id='word_1_219' title='bbox 697 3607 885 3674; x_wconf 89' lang='lat' dir='ltr'><strong>malis</strong></span> <span class='ocrx_word' id='word_1_220' title='bbox 932 3612 1185 3674; x_wconf 85' lang='lat' dir='ltr'><strong>nostrae</strong></span> <span class='ocrx_word' id='word_1_221' title='bbox 1228 3608 1523 3678; x_wconf 86' lang='lat' dir='ltr'><strong>miseriae</strong></span> <span class='ocrx_word' id='word_1_222' title='bbox 1569 3607 1864 3676; x_wconf 88' lang='lat' dir='ltr'><strong>solatium</strong></span> <span class='ocrx_word' id='word_1_223' title='bbox 1910 3610 2125 3676; x_wconf 87' lang='lat' dir='ltr'><strong>divina</strong></span> <span class='ocrx_word' id='word_1_224' title='bbox 2154 3610 2360 3698; x_wconf 90' lang='lat' dir='ltr'><strong>pietas</strong></span> <span class='ocrx_word' id='word_1_225' title='bbox 2390 3612 2688 3697; x_wconf 82' lang='lat' dir='ltr'><strong>providit,</strong></span> <span class='ocrx_word' id='word_1_226' title='bbox 2736 3614 2908 3698; x_wconf 92' lang='lat' dir='ltr'><strong>quod</strong></span> <span class='ocrx_word' id='word_1_227' title='bbox 2938 3634 3040 3681; x_wconf 87' lang='lat' dir='ltr'><strong>vos</strong></span> 
     </span>
     <span class='ocr_line' id='line_1_29' title="bbox 698 3723 3038 3816; baseline 0.003 -26"><span class='ocrx_word' id='word_1_228' title='bbox 698 3723 872 3791; x_wconf 85' lang='lat' dir='ltr'><strong>haec-</strong></span> <span class='ocrx_word' id='word_1_229' title='bbox 906 3723 1305 3790; x_wconf 84' lang='lat' dir='ltr'><strong>incommoda</strong></span> <span class='ocrx_word' id='word_1_230' title='bbox 1345 3729 1480 3792; x_wconf 88' lang='lat' dir='ltr'><strong>tam</strong></span> <span class='ocrx_word' id='word_1_231' title='bbox 1522 3724 1913 3810; x_wconf 90' lang='lat' dir='ltr'><strong>inordinata,</strong></span> <span class='ocrx_word' id='word_1_232' title='bbox 1968 3731 2103 3793; x_wconf 87' lang='lat' dir='ltr'><strong>tam</strong></span> <span class='ocrx_word' id='word_1_233' title='bbox 2146 3727 2461 3811; x_wconf 89' lang='lat' dir='ltr'><strong>inaudita,</strong></span> <span class='ocrx_word' id='word_1_234' title='bbox 2517 3748 2679 3813; x_wconf 87' lang='lat' dir='ltr'><strong>quae</strong></span> <span class='ocrx_word' id='word_1_235' title='bbox 2721 3749 3038 3816; x_wconf 85' lang='lat' dir='ltr'><strong>nunquam</strong></span> 
     </span>
     <span class='ocr_line' id='line_1_30' title="bbox 698 3840 3037 3933; baseline 0.001 -24"><span class='ocrx_word' id='word_1_236' title='bbox 698 3841 964 3909; x_wconf 86' lang='lat' dir='ltr'><strong>antehac</strong></span> <span class='ocrx_word' id='word_1_237' title='bbox 993 3840 1353 3908; x_wconf 89' lang='lat' dir='ltr'><strong>Corbeiensi</strong></span> <span class='ocrx_word' id='word_1_238' title='bbox 1400 3840 1700 3908; x_wconf 90' lang='lat' dir='ltr'><strong>ecclesiae</strong></span> <span class='ocrx_word' id='word_1_239' title='bbox 1731 3842 2032 3910; x_wconf 86' lang='lat' dir='ltr'><strong>accidisse</strong></span> <span class='ocrx_word' id='word_1_240' title='bbox 2062 3843 2397 3928; x_wconf 88' lang='lat' dir='ltr'><strong>credimus,</strong></span> <span class='ocrx_word' id='word_1_241' title='bbox 2441 3845 2758 3930; x_wconf 88' lang='lat' dir='ltr'><strong>patienter</strong></span> <span class='ocrx_word' id='word_1_242' title='bbox 2790 3851 2858 3913; x_wconf 91' lang='lat' dir='ltr'><strong>et</strong></span> <span class='ocrx_word' id='word_1_243' title='bbox 2886 3866 3037 3933; x_wconf 87' lang='lat' dir='ltr'><strong>equo</strong></span> 
     </span>
     <span class='ocr_line' id='line_1_31' title="bbox 697 3956 3033 4045; baseline 0.002 -21"><span class='ocrx_word' id='word_1_244' title='bbox 697 3957 906 4025; x_wconf 87' lang='lat' dir='ltr'><strong>animo</strong></span> <span class='ocrx_word' id='word_1_245' title='bbox 955 3956 1366 4044; x_wconf 88' lang='lat' dir='ltr'><strong>supportatis,</strong></span> <span class='ocrx_word' id='word_1_246' title='bbox 1411 3978 1614 4044; x_wconf 91' lang='lat' dir='ltr'><strong>neque</strong></span> <span class='ocrx_word' id='word_1_247' title='bbox 1661 3959 2012 4026; x_wconf 89' lang='lat' dir='ltr'><strong>absentiam</strong></span> <span class='ocrx_word' id='word_1_248' title='bbox 2054 3965 2360 4044; x_wconf 89' lang='lat' dir='ltr'><strong>nostram,</strong></span> <span class='ocrx_word' id='word_1_249' title='bbox 2406 3980 2566 4045; x_wconf 89' lang='lat' dir='ltr'><strong>quae</strong></span> <span class='ocrx_word' id='word_1_250' title='bbox 2594 3961 2827 4028; x_wconf 78' lang='lat' dir='ltr'><strong>vestris</strong></span> <span class='ocrx_word' id='word_1_251' title='bbox 2870 3962 3033 4029; x_wconf 83' lang='lat' dir='ltr'><strong>utili·</strong></span> 
     </span>
     <span class='ocr_line' id='line_1_32' title="bbox 694 4071 3030 4163; baseline 0.001 -23"><span class='ocrx_word' id='word_1_252' title='bbox 694 4074 931 4147; x_wconf 86' lang='lat' dir='ltr'><strong>tatibus</strong></span> <span class='ocrx_word' id='word_1_253' title='bbox 989 4071 1237 4140; x_wconf 89' lang='lat' dir='ltr'><strong>officere</strong></span> <span class='ocrx_word' id='word_1_254' title='bbox 1292 4080 1584 4161; x_wconf 88' lang='lat' dir='ltr'><strong>putatur,</strong></span> <span class='ocrx_word' id='word_1_255' title='bbox 1653 4076 1874 4142; x_wconf 86' lang='lat' dir='ltr'><strong>acerbo</strong></span> <span class='ocrx_word' id='word_1_256' title='bbox 1931 4075 2436 4163; x_wconf 88' lang='lat' dir='ltr'><strong>reprehensionis</strong></span> <span class='ocrx_word' id='word_1_257' title='bbox 2490 4077 2681 4143; x_wconf 84' lang='lat' dir='ltr'><strong>verbo</strong></span> <span class='ocrx_word' id='word_1_258' title='bbox 2736 4078 3030 4163; x_wconf 82' lang='lat' dir='ltr'><strong>fatigatis.</strong></span> 
     </span>
     <span class='ocr_line' id='line_1_33' title="bbox 695 4188 3029 4276; baseline 0.003 -20"><span class='ocrx_word' id='word_1_259' title='bbox 695 4188 769 4256; x_wconf 92' lang='lat' dir='ltr'><strong>In</strong></span> <span class='ocrx_word' id='word_1_260' title='bbox 814 4211 935 4276; x_wconf 91' lang='lat' dir='ltr'><strong>quo</strong></span> <span class='ocrx_word' id='word_1_261' title='bbox 979 4196 1264 4258; x_wconf 88' lang='lat' dir='ltr'><strong>nostram</strong></span> <span class='ocrx_word' id='word_1_262' title='bbox 1308 4190 1795 4259; x_wconf 90' lang='lat' dir='ltr'><strong>sollicitudinem</strong></span> <span class='ocrx_word' id='word_1_263' title='bbox 1839 4192 2161 4259; x_wconf 86' lang='lat' dir='ltr'><strong>artissima</strong></span> <span class='ocrx_word' id='word_1_264' title='bbox 2187 4193 2365 4259; x_wconf 86' lang='lat' dir='ltr'><strong>vobis</strong></span> <span class='ocrx_word' id='word_1_265' title='bbox 2405 4193 2667 4260; x_wconf 88' lang='lat' dir='ltr'><strong>caritate</strong></span> <span class='ocrx_word' id='word_1_266' title='bbox 2698 4194 3029 4262; x_wconf 83' lang='lat' dir='ltr'><strong>obnoxiam</strong></span> 
     </span>
     <span class='ocr_line' id='line_1_34' title="bbox 694 4305 3028 4398; baseline 0.003 -26"><span class='ocrx_word' id='word_1_267' title='bbox 694 4306 787 4372; x_wconf 90' lang='lat' dir='ltr'><strong>ita</strong></span> <span class='ocrx_word' id='word_1_268' title='bbox 832 4305 1183 4392; x_wconf 87' lang='lat' dir='ltr'><strong>devincitis,</strong></span> <span class='ocrx_word' id='word_1_269' title='bbox 1228 4312 1303 4374; x_wconf 90' lang='lat' dir='ltr'><strong>ut</strong></span> <span class='ocrx_word' id='word_1_270' title='bbox 1344 4307 1554 4375; x_wconf 87' lang='lat' dir='ltr'><strong>nullus</strong></span> <span class='ocrx_word' id='word_1_271' title='bbox 1600 4308 1680 4376; x_wconf 91' lang='lat' dir='ltr'><strong>de</strong></span> <span class='ocrx_word' id='word_1_272' title='bbox 1723 4313 1930 4375; x_wconf 88' lang='lat' dir='ltr'><strong>cetero</strong></span> <span class='ocrx_word' id='word_1_273' title='bbox 1974 4307 2154 4376; x_wconf 89' lang='lat' dir='ltr'><strong>labor</strong></span> <span class='ocrx_word' id='word_1_274' title='bbox 2197 4309 2300 4395; x_wconf 82' lang='lat' dir='ltr'><strong>sit,</strong></span> <span class='ocrx_word' id='word_1_275' title='bbox 2346 4309 2521 4376; x_wconf 87' lang='lat' dir='ltr'><strong>nulla</strong></span> <span class='ocrx_word' id='word_1_276' title='bbox 2548 4310 2801 4397; x_wconf 82' lang='lat' dir='ltr'><strong>iniuria,</strong></span> <span class='ocrx_word' id='word_1_277' title='bbox 2849 4333 3028 4398; x_wconf 87' lang='lat' dir='ltr'><strong>quam</strong></span> 
     </span>
     <span class='ocr_line' id='line_1_35' title="bbox 691 4423 3025 4516; baseline 0.003 -27"><span class='ocrx_word' id='word_1_278' title='bbox 691 4442 810 4510; x_wconf 91' lang='lat' dir='ltr'><strong>pro</strong></span> <span class='ocrx_word' id='word_1_279' title='bbox 856 4428 1068 4490; x_wconf 83' lang='lat' dir='ltr'><strong>vestra</strong></span> <span class='ocrx_word' id='word_1_280' title='bbox 1123 4423 1456 4492; x_wconf 87' lang='lat' dir='ltr'><strong>dilectione</strong></span> <span class='ocrx_word' id='word_1_281' title='bbox 1513 4430 1579 4491; x_wconf 90' lang='lat' dir='ltr'><strong>et</strong></span> <span class='ocrx_word' id='word_1_282' title='bbox 1633 4425 1951 4493; x_wconf 79' lang='lat' dir='ltr'><strong>communi</strong></span> <span class='ocrx_word' id='word_1_283' title='bbox 2006 4426 2260 4493; x_wconf 87' lang='lat' dir='ltr'><strong>iusticia</strong></span> <span class='ocrx_word' id='word_1_284' title='bbox 2313 4427 2525 4494; x_wconf 90' lang='lat' dir='ltr'><strong>subire</strong></span> <span class='ocrx_word' id='word_1_285' title='bbox 2582 4433 2647 4495; x_wconf 91' lang='lat' dir='ltr'><strong>et</strong></span> <span class='ocrx_word' id='word_1_286' title='bbox 2698 4429 2866 4496; x_wconf 82' lang='lat' dir='ltr'><strong>ferre</strong></span> <span class='ocrx_word' id='word_1_287' title='bbox 2919 4450 3025 4516; x_wconf 91' lang='lat' dir='ltr'><strong>pro</strong></span> 
     </span>
     <span class='ocr_line' id='line_1_36' title="bbox 692 4538 3022 4628; baseline 0.003 -23"><span class='ocrx_word' id='word_1_288' title='bbox 692 4538 934 4605; x_wconf 85' lang='lat' dir='ltr'><strong>viribus</strong></span> <span class='ocrx_word' id='word_1_289' title='bbox 963 4558 1339 4607; x_wconf 88' lang='lat' dir='ltr'><strong>recusemus.</strong></span> <span class='ocrx_word' id='word_1_290' title='bbox 1463 4540 1777 4628; x_wconf 86' lang='lat' dir='ltr'><strong>Ceterum,</strong></span> <span class='ocrx_word' id='word_1_291' title='bbox 1815 4543 2043 4612; x_wconf 81' lang='lat' dir='ltr'><strong>fratres</strong></span> <span class='ocrx_word' id='word_1_292' title='bbox 2072 4544 2415 4628; x_wconf 87' lang='lat' dir='ltr'><strong>karissimi,</strong></span> <span class='ocrx_word' id='word_1_293' title='bbox 2444 4544 2719 4612; x_wconf 88' lang='lat' dir='ltr'><strong>reditum</strong></span> <span class='ocrx_word' id='word_1_294' title='bbox 2748 4552 3022 4613; x_wconf 84' lang='lat' dir='ltr'><strong>nostrum</strong></span> 
     </span>
    </p>
   </div>
  </div>
 </body>
</html>
