3319 5242
1045 434 1341 484 wmxmr
1382 434 1712 486 urrerem
1756 436 1863 484 sss.
2481 420 2613 488 517

281 692 459 765 385.
500 694 813 760 Amoldus
855 693 934 760 II
979 693 1472 783 archiepiscopus
1525 695 1898 761 Coloniensis
1938 693 2315 779 Wibaldum,
2369 696 2614 764 hostilia

492 832 780 897 passum,
842 812 1206 878 consolatur.
1298 811 1494 877 Addit
1547 812 1624 877 de
1677 814 1864 876 castri
1909 811 2238 900 Seynensis
2279 813 2611 879 obsidione.

2284 925 2393 1008 (Μ.
2428 927 2608 1010 361.)

451 1039 813 1123 U(uibaldo)
871 1037 1097 1107 dilecto
1147 1039 1332 1106 fratri
1374 1060 1488 1107 suo
1532 1039 1875 1108 venerabili
1918 1046 2172 1108 sanctae
2215 1040 2609 1110 Corbeiensis
2646 1054 2787 1112 1152

274 1156 611 1226 aecclesiae
656 1156 869 1224 abbati
897 1155 1266 1238 A(rnoldus)
1295 1156 1418 1224 Dei
1461 1157 1668 1241 gratia
1710 1157 1766 1223 31
1812 1157 1965 1243 quid
2004 1162 2103 1224 est
2144 1156 2608 1226 Coloniensium
2668 1129 2751 1177 ω’

271 1274 528 1343 humilis
571 1273 860 1340 minister
903 1272 1171 1340 salutem
1214 1291 1358 1339 cum
1399 1273 1629 1340 intima
1672 1272 2006 1341 dilectione
2051 1280 2116 1341 et
2159 1274 2547 1360 obsequium.

448 1389 592 1456 Etsi
648 1388 1098 1456 familiaritatis
1151 1393 1408 1456 nostrae
1463 1389 1621 1456 bene
1687 1389 2016 1457 inchoatae
2083 1389 2241 1457 bene
2306 1390 2607 1479 deinceps

270 1509 675 1576 conservatae
720 1506 914 1572 series
957 1503 1165 1572 verbis
1212 1504 1483 1591 exprimi
1535 1525 1663 1572 non
1714 1507 1947 1592 possit,
2002 1505 2221 1592 paucis
2265 1512 2478 1575 tamen
2525 1509 2606 1576 de

269 1623 414 1711 ipsa
456 1621 630 1708 loqui
673 1626 738 1688 et
780 1620 913 1688 eius
957 1620 1390 1688 recordatione
1422 1621 1550 1686 frui
1579 1620 1734 1687 adeo
1766 1641 1958 1688 suave
1988 1626 2103 1706 est,
2148 1627 2222 1689 ut
2249 1642 2436 1690 sensu
2467 1625 2605 1710 qui·

269 1739 416 1807 dem
471 1737 740 1822 intelligi
792 1736 997 1824 possit
1040 1742 1138 1804 set
1190 1737 1260 1803 in
1305 1755 1592 1804 sermone
1636 1736 2140 1823 experimentum
2181 1757 2310 1804 non
2353 1738 2599 1807 habeat.

270 1853 431 1923 Cum
474 1854 668 1939 igitur
711 1851 1000 1920 omnibus
1045 1851 1526 1944 adversitatibus
1569 1852 1800 1919 vestris
1854 1872 1932 1919 ex
1975 1851 2188 1920 debito
2232 1857 2609 1942 compatiar,

267 1971 542 2040 maxime
570 1976 784 2037 tamen
812 1974 877 2036 et
902 1969 1131 2035 iustius
1161 1967 1340 2035 doleo
1369 1968 1457 2053 id,
1482 1968 1669 2055 quod,
1699 1988 1844 2035 cum
1873 1969 1955 2034 ad
1983 1969 2292 2056 synodum
2318 1977 2602 2040 nostram

265 2088 580 2156 veneratis
599 2083 635 2170 ¹,
678 2085 1068 2152 invasionem
1111 2079 1504 2171 iniquorum’
1546 2103 1774 2170 passus
1816 2085 1989 2151 estis.
2058 2084 2365 2173 Quicquid
2406 2089 2603 2173 igitur

265 2224 459 2292 super
500 2203 600 2270 his
644 2201 868 2268 honori
910 2205 1121 2269 vestro
1166 2201 1498 2268 convenire
1540 2198 1877 2286 videbitur,
1922 2199 2191 2269 libenter
2232 2223 2599 2290 prosequar,

265 2337 588 2409 quousque
630 2316 972 2385 satisfactio
1018 2316 1210 2401 digna
1253 2315 1568 2384 offeratur.

443 2434 625 2501 Nunc
669 2438 910 2518 autem,
969 2452 1050 2500 ne
1094 2436 1297 2499 status
1340 2436 1554 2499 noster
1595 2450 1710 2499 vos
1752 2430 1978 2517 lateat,
2025 2433 2270 2519 sciatis,
2317 2434 2485 2520 quod
2526 2436 2596 2502 in

264 2551 586 2620 obsidione
615 2550 808 2617 castri
839 2548 1045 2637 Seyne
1073 2548 1266 2636 positi
1305 2569 1543 2635 sumus,
1588 2549 1830 2615 exitum
1857 2549 1951 2616 rei
1983 2549 2185 2616 adhuc
2213 2550 2595 2638 ignorantes,

263 2675 328 2739 31
379 2673 656 2736 mentem
724 2667 940 2735 domni
996 2666 1399 2733 Treverensis
1413 2660 1436 2695 ⁸
1491 2666 1674 2751 quasi
1735 2667 1805 2732 in
1868 2665 2142 2753 pendulo
2209 2674 2592 2754 reputantes.

259 2783 465 2854 Multa
505 2790 718 2851 tamen
760 2789 894 2851 tam
936 2782 1221 2849 timenda
1263 2801 1452 2868 quam
1497 2782 1811 2868 speranda
1853 2782 2107 2850 auribus
2162 2785 2397 2851 nostris
2442 2784 2595 2851 alla-

261 2903 527 2983 buntur3
574 2906 671 2967 331
712 2900 955 2965 karitas
996 2898 1167 2965 foras
1209 2897 1413 2963 mittit
1451 2896 1743 2965 timorem
1756 2895 1799 2984 ⁴,
1844 2918 1990 2985 spes
2020 2904 2232 2966 autem
2275 2920 2404 2968 non
2447 2920 2593 2967 con-

259 3012 521 3086 fundit⁸.
589 3015 827 3083 Noscat
851 3015 1046 3099 Deus,
1092 3014 1201 3100 qui
1246 3018 1559 3080 scrutator
1601 3014 1884 3081 omnium
1930 3019 2047 3099 est,
2093 3016 2260 3101 quod
2303 3035 2430 3082 non
2472 3036 2592 3103 pro

257 3133 508 3222 privato
554 3132 728 3217 odio,
783 3136 882 3198 331
932 3150 1050 3218 pro
1106 3129 1358 3196 iusticia
1412 3135 1478 3196 et
1528 3149 1717 3197 curae
1757 3130 2096 3217 pastoralis
2141 3130 2349 3198 debito
2394 3130 2592 3197 viola-

256 3256 429 3318 tores
472 3249 648 3337 pacis
675 3267 1039 3335 persequar.
1108 3245 1378 3313 Necesse
1407 3245 1576 3312 enim
1608 3250 1727 3330 est,
1769 3250 1863 3330 ut,
1908 3246 2056 3332 quia
2081 3250 2255 3313 terra
2283 3245 2392 3312 diu
2420 3266 2591 3314 com-

255 3370 435 3434 mota
487 3370 554 3432 et
609 3362 980 3433 conturbata
1045 3366 1170 3446 est,
1238 3366 1538 3429 sanentur
1602 3362 1737 3428 eius
1804 3362 2229 3429 contritiones.
2409 3362 2591 3429 Nunc

260 3485 473 3550 autem
487 3530 506 3566 ,
552 3480 702 3566 quia
745 3498 959 3547 omnes
1003 3478 1245 3545 inimici
1288 3479 1462 3565 pacis
1504 3477 1747 3544 inimici
1788 3476 1947 3544 mihi
1988 3478 2140 3545 facti
2184 3484 2362 3563 sunt,
2409 3478 2588 3546 obse-

249 3617 385 3682 cro,
431 3596 746 3664 orationes
792 3595 871 3662 ab
901 3594 1205 3662 aecclesia
1228 3601 1442 3662 vestra
1472 3614 1590 3681 pro
1618 3594 1896 3681 peccatis
1924 3593 2082 3661 meis
2110 3594 2269 3680 fieri,
2314 3599 2407 3679 ut,
2452 3595 2588 3662 sine

251 3734 379 3802 quo
421 3711 619 3780 nichil
662 3717 762 3778 est
788 3711 1086 3797 validum,
1133 3711 1269 3778 eius
1314 3710 1623 3778 adiutorio
1649 3710 1891 3798 possim
1921 3711 2277 3779 subsistere.
2347 3710 2585 3793 Valete.

251 3830 326 3899 Si
373 3828 524 3917 quid
571 3827 743 3895 aliud
784 3827 966 3895 nobis
1013 3827 1370 3911 occurrerit,
1416 3847 1530 3894 vos
1574 3847 1704 3894 non
1746 3825 1987 3894 latebit.

397 4006 449 4060 1.
486 4004 577 4060 die
613 4005 684 4059 29
718 4002 879 4059 Iunii.
916 4001 986 4059 V.
1013 4018 1101 4073 ep.
1126 4002 1229 4059 381
1256 4017 1422 4072 supra
1443 4017 1500 4072 p.
1518 4002 1641 4058 512.
1783 4003 1836 4058 2.
1874 4001 2139 4059 Folcwini
2164 4006 2221 4058 et
2243 4000 2581 4057 widekindi.

242 4094 322 4153 V.
349 4107 439 4163 ep.
464 4093 572 4148 384
606 4107 775 4162 snpra
806 4106 863 4161 p.
887 4091 1010 4147 516.
1152 4091 1203 4146 3.
1251 4090 1444 4146 Hillini
1478 4090 1897 4162 archiepiscopi,
1933 4107 2096 4161 quem
2132 4090 2204 4146 ad
2238 4089 2444 4145 curiam
2480 4090 2583 4145 Ra-

239 4182 627 4240 tisbonensem
660 4180 753 4237 die
788 4180 859 4236 29
892 4178 1036 4236 Iunii
1071 4179 1403 4237 celebratam
1439 4195 1509 4236 ex
1543 4179 1707 4236 Italia
1740 4195 2019 4237 reversum
2056 4195 2204 4248 esse,
2241 4178 2431 4235 retulit
2453 4178 2581 4236 Otto

238 4271 493 4344 Frising.
529 4270 587 4328 in
625 4270 740 4328 vit.
764 4269 912 4327 Frid.
950 4270 1015 4326 L.
1038 4269 1112 4326 11.
1148 4283 1199 4324 c.
1223 4270 1275 4326 6.
1416 4269 1468 4325 4.
1509 4271 1539 4325 1
1564 4268 1685 4328 Ioh.
1707 4269 1759 4340 4,
1787 4269 1873 4325 18.
2013 4268 2066 4325 5.
2101 4269 2257 4325 Rom.
2284 4267 2337 4337 5,
2360 4267 2413 4326 5.
