3319 5242
683 450 813 514 614
1494 468 1793 516 wmALm
1838 467 2208 517 npm‘romn

683 612 896 674 timis
946 610 1112 695 Opp.
1159 612 1251 673 ed.
1299 611 1579 675 Parisiis
1626 610 1803 677 1638
1854 609 1929 676 Τ.
1964 610 2057 675 ΙΙ.
2106 611 2238 677 936
2273 624 2333 676 et
2357 610 2516 677 937.
2587 612 2910 698 Ερὼίοὶαε
2951 614 3011 692 4,

680 727 745 805 5,
780 726 844 804 6,
876 726 941 807 8,
975 726 1039 805 9,
1075 725 1182 805 14,
1222 725 1331 806 15,
1367 725 1454 790 16
1501 749 1575 791 ex
1621 729 1967 814 appendice
1996 725 2339 792 Chronieae
2368 725 2724 792 Casinensis
2757 730 2849 793 ed.
2883 728 3014 792 An-

677 841 853 927 yelus
884 842 961 907 de
989 840 1170 906 Nuce
1201 863 1275 927 p.
1311 841 1631 919 24-26,·
1679 866 1818 929 epp.
1851 842 1896 907 7
1928 855 1984 907 et
2012 843 2100 908 10
2146 866 2221 908 ex
2266 834 2720 908 Wattenbaclzii
2761 846 3020 909 editione

681 960 750 1022 in
782 958 959 1021 Mon.
997 954 1206 1023 Germ.
1235 955 1362 1022 SS.
1404 956 1550 1021 VII.
1588 981 1662 1044 p.
1695 959 1829 1024 819
1857 983 1922 1022 n.
1956 959 2051 1023 40
2083 971 2231 1045 etp.
2263 959 2405 1024 840
2438 963 2636 1045 petii3
2686 981 2851 1045 quae
2886 963 3022 1047 qui-

682 1075 820 1137 dem
866 1094 1105 1153 omnes,
1146 1085 1401 1159 praeter
1445 1086 1567 1137 tres
1613 1072 1786 1160 (epp.
1822 1074 1941 1154 14,
1977 1074 2097 1154 15,
2133 1073 2251 1155 16)
2297 1077 2428 1138 iam
2473 1099 2515 1139 a
2558 1076 2879 1140 Mar-tenio
2928 1099 3023 1140 re-

682 1202 919 1275 ceptas,
977 1190 1117 1254 ideo
1165 1214 1205 1254 a
1248 1211 1347 1253 me
1391 1189 1622 1254 allatae
1667 1203 1839 1270 sunt,
1901 1190 2072 1275 quod
2128 1191 2216 1255 ad
2256 1212 2355 1254 res
2402 1188 2764 1255 Casinenses
2802 1192 3025 1278 paullo

682 1317 825 1369 ante
880 1318 1227 1392 susceptam
1283 1329 1324 1369 a
1371 1305 1657 1371 Wibaldo
1717 1306 2034 1371 abbatiam
2090 1307 2547 1391 coqnoscendas
2603 1307 2833 1372 valent.
2927 1309 3029 1373 Ea·

682 1422 991 1486 Martenii
1020 1434 1088 1487 et
1116 1422 1454 1486 Durandii
1480 1422 1748 1487 editione
1785 1422 2085 1511 'repetitae
2129 1434 2274 1487 sunt
2318 1444 2458 1509 epp.
2493 1423 2601 1501 11,
2638 1423 2746 1503 12,
2782 1424 2892 1503 13,
2922 1423 3024 1503 18,

682 1535 791 1616 23,
822 1535 940 1616 26,
974 1535 1087 1602 27.
1167 1537 1248 1601 In
1282 1540 1718 1624 proponendis
1766 1538 2040 1624 epistolis
2078 1538 2163 1603 19
2196 1549 2252 1604 et
2281 1535 2376 1602 20
2420 1536 2686 1604 adhibui
2728 1540 3026 1603 editiones

682 1652 1019 1732 Martenii,
1069 1652 1441 1718 Mabilionis
1499 1651 1699 1732 (Acta
1756 1653 1884 1720 SS.
1928 1675 2085 1718 saec.
2134 1652 2205 1718 V.
2248 1676 2317 1739 p.
2349 1654 2500 1720 586.
2540 1653 2750 1736 587),
2811 1656 3024 1742 Pape-

683 1768 926 1832 brochii
968 1765 1168 1848 (Acta
1210 1766 1339 1834 SS.
1372 1767 1536 1854 A'pr.
1588 1767 1664 1833 T.
1692 1769 1823 1833 III.
1859 1769 2054 1851 807),
2102 1769 2367 1834 Aeherii
2410 1768 2671 1857 (spicil.
2706 1772 2803 1836 II.
2835 1770 3021 1852 708).

681 1883 1009 1970 Epistolae
1052 1883 1192 1948 249
1224 1895 1282 1948 et
1308 1882 1435 1949 281
1474 1887 1860 1970 proveniunt
1896 1907 1927 1949 e
1963 1883 2363 1949 Tiraboschii
2391 1884 2612 1951 storia
2656 1888 2729 1951 di
2755 1887 3020 1952 Nonan-

682 1999 817 2064 tula
872 1998 967 2064 II.
1013 1998 1154 2065 263
1209 2012 1266 2065 et
1312 1998 1588 2067 Saviolii
1640 2000 1891 2065 Annali
1943 1998 2290 2085 Boloqnesi
2332 1999 2388 2064 I.
2445 2001 2522 2080 2,
2571 2002 2711 2066 217
2769 2015 2827 2066 et
2870 2002 3020 2067 220.

681 2116 1007 2180 Postremo
1054 2116 1248 2180 eodeat
1290 2117 1793 2181 membranaceus
1839 2118 2157 2201 quondam
2197 2113 2601 2196 Corbeiensis,
2651 2117 2839 2181 hodie
2884 2118 3024 2181 Mo-

681 2234 1083 2296 nasteviensis
1126 2245 1374 2297 notatus
1428 2230 1473 2296 Ι.
1529 2210 1670 2296 132'
1701 2229 1811 2312 (de
1857 2254 1980 2318 quo
2026 2232 2107 2317 qf.
2155 2253 2355 2320 supra
2387 2255 2461 2319 p.
2495 2230 2615 2313 66)
2672 2232 2838 2297 mihi
2875 2256 3022 2320 sup-

672 2350 985 2435 peditavit
1045 2361 1099 2414 et
1145 2348 1469 2435 epistolam
1514 2347 1677 2427 222,
1737 2360 1794 2413 et
1839 2369 1943 2412 eas
1957 2396 1977 2429 ,
2037 2369 2198 2433 quae
2241 2348 2331 2413 ad
2375 2348 2730 2414 Wibaldwm
2778 2352 3023 2435 quidem

681 2467 811 2529 iam
864 2464 1028 2529 nihil
1081 2467 1374 2544 attinent,
1433 2466 1544 2528 sed
1600 2486 1741 2527 eum
1798 2466 1875 2529 de
1920 2461 2178 2529 Corbeia
2237 2477 2433 2550 ayant
2476 2467 2848 2551 appendicis
2897 2466 3021 2531 loeo

682 2581 1089 2646 assumendae
1129 2580 1517 2660 videbantur,
1568 2579 1862 2667 epistolas
1906 2580 2066 2660 472,
2113 2579 2274 2661 473,
2322 2580 2482 2662 474,
2531 2580 2693 2646 475.

862 2698 1146 2762 Proinde
1203 2718 1343 2761 cum
1399 2710 1457 2761 et
1508 2697 1905 2762 multitudine
1971 2696 2376 2783 epistolarum
2442 2709 2500 2761 et
2557 2699 2781 2761 ordine
2842 2700 3019 2763 editio

682 2814 833 2878 liaeo
878 2839 919 2878 a
953 2816 1177 2900 priore
1221 2813 1473 2898 differat
1516 2815 1811 2893 editione,
1863 2836 1983 2898 quo
2011 2813 2384 2899 faciliorem
2428 2813 2645 2877 lectori
2687 2816 3022 2880 editionum

683 2930 1012 2995 ambarum
1068 2932 1593 3015 comparationem
1647 2930 1996 3009 redderem,
2069 2943 2124 2995 et
2180 2929 2562 2995 lemmatibus
2623 2931 3022 3016 &istolarmn

684 3068 973 3112 numeros
1003 3045 1440 3111 Martenianos
1487 3044 1694 3109 adieci
1734 3067 1934 3131 supra
1967 3045 2080 3110 Ιιοσ
2099 3057 2325 3132 pacto:
2375 3043 2480 3124 (M.
2515 3044 2597 3126 1.)
2632 3043 2743 3126 (M.
2771 3046 2861 3126 2.)
2895 3058 3016 3122 cet„

687 3175 745 3229 et
788 3186 862 3227 ea
906 3185 1069 3250 quae
1111 3161 1505 3246 subsequitur
1548 3161 1787 3241 tabula,
1837 3182 1961 3246 quo
2007 3182 2287 3248 quaeque
2327 3161 2590 3247 epistola
2617 3163 3020 3227 Mar-teniana

684 3302 942 3345 numero
989 3303 1031 3344 a
1072 3300 1170 3343 ms
1211 3290 1428 3343 notata
1474 3289 1643 3358 esset,
1693 3279 2001 3341 indicavi:

738 3416 961 3472 Numeri
1020 3455 1023 3458 η
1243 3414 1465 3471 Numeri
1740 3414 1961 3471 Numeri
2244 3413 2465 3471 Numeri
2755 3415 2975 3470 Numeri

708 3503 846 3580 ἰ’-..ἵ
866 3513 975 3581 ...αἱ
1192 3501 1331 3580 ¹:1⁸2?
1373 3543 1482 3580 ...ηε
1698 3502 1834 3579 ⁸133·
1875 3543 1984 3580 ...ω
2201 3501 2337 3580 Ἢῖ
2379 3543 2488 3579 ...ω
2709 3502 2847 3579 ⁸:12?
2891 3544 2999 3580 ...ι-ε

760 3607 789 3660 1
884 3608 950 3661 11
1231 3605 1299 3660 13
1387 3605 1458 3660 34
1733 3607 1802 3660 25
1889 3606 1961 3659 46
2237 3607 2304 3661 37
2396 3607 2462 3660 51
2743 3606 2818 3660 49
2907 3606 2977 3660 64

759 3696 792 3749 2
885 3696 952 3749 12
1231 3694 1300 3748 14
1386 3694 1459 3748 35
1733 3695 1804 3748 26
1891 3694 1959 3748 47
2237 3695 2306 3749 38
2394 3694 2465 3748 52
2745 3696 2818 3750 50
2907 3696 2974 3749 65

758 3784 792 3837 3
887 3783 955 3837 14
1231 3781 1300 3836 15
1389 3783 1458 3836 36
1733 3782 1801 3837 27
1894 3783 1963 3836 62
2238 3783 2307 3837 39
2395 3782 2464 3836 53
2746 3785 2816 3837 51
2907 3784 2976 3836 66

755 3872 795 3927 4
887 3873 954 3930 15
1233 3871 1299 3925 16
1389 3871 1455 3925 37
1732 3872 1804 3927 28
1892 3870 1963 3924 44
2238 3871 2309 3926 40
2396 3871 2463 3925 57
2743 3874 2818 3926 52
2908 3873 2975 3926 76

757 3962 792 4016 5
885 3962 953 4015 16
1231 3959 1297 4013 17
1387 3960 1458 4013 38
1732 3961 1802 4016 29
1891 3959 1962 4014 45
2237 3959 2304 4013 41
2395 3959 2465 4012 58
2742 3961 2816 4014 53
2906 3961 2970 4014 77

760 4052 794 4104 6
884 4051 954 4104 20
1232 4047 1299 4101 18
1388 4047 1458 4101 24
1733 4049 1804 4102 30
1893 4048 1961 4102 41
2238 4048 2309 4101 42
2398 4047 2467 4101 59
2743 4050 2816 4103 54
2903 4051 2972 4103 42

761 4139 791 4192 7
883 4139 953 4192 22
1231 4136 1298 4191 19
1389 4136 1458 4190 29
1733 4137 1799 4190 31
1891 4137 1963 4191 48
2238 4137 2308 4190 43
2398 4137 2468 4189 60
2743 4138 2816 4192 55
2902 4139 2972 4191 43

759 4227 795 4281 8
885 4227 951 4281 21
1229 4226 1300 4279 20
1389 4225 1458 4279 33
1734 4226 1804 4279 32
1893 4225 1963 4279 54
2235 4225 2307 4278 44
2397 4225 2462 4278 61
2742 4226 2814 4280 56
2905 4227 2972 4280 68

760 4316 794 4368 9
885 4315 955 4369 23
1230 4315 1297 4369 21
1388 4313 1458 4368 39
1733 4313 1804 4366 33
1894 4313 1963 4367 55
2236 4313 2306 4368 45
2396 4313 2465 4367 50
2742 4315 2813 4369 57
2903 4315 2968 4368 69

728 4405 797 4458 10
886 4404 955 4458 26
1229 4403 1300 4457 22
1387 4402 1460 4456 40
1734 4400 1805 4455 34
1893 4402 1959 4455 31
2236 4402 2307 4455 46
2365 4401 2466 4456 146
2742 4403 2813 4457 58
2905 4403 2970 4456 'to

727 4493 793 4547 11
886 4493 954 4547 27
1229 4491 1299 4545 23
1388 4492 1461 4545 30
1734 4488 1803 4543 35
1893 4489 1963 4542 32
2035 4525 2040 4530 -
2236 4489 2305 4544 47
2398 4490 2466 4543 67
2741 4493 2814 4547 59
2903 4491 2964 4545 71

729 4582 798 4637 12
887 4581 957 4637 28
1229 4579 1301 4635 24
1388 4579 1459 4634 25
1733 4578 1803 4634 36
1892 4578 1961 4634 56
2236 4577 2308 4638 48
2395 4578 2464 4632 63
2742 4582 2814 4634 60
2903 4580 2967 4635 72
