<?xml version="1.0" encoding="UTF-8"?>
<!DOCTYPE html PUBLIC "-//W3C//DTD XHTML 1.0 Transitional//EN"
    "http://www.w3.org/TR/xhtml1/DTD/xhtml1-transitional.dtd">
<html xmlns="http://www.w3.org/1999/xhtml" xml:lang="en" lang="en">
 <head>
  <title>
</title>
<meta http-equiv="Content-Type" content="text/html;charset=utf-8" />
  <meta name='ocr-system' content='tesseract 3.04.00' />
  <meta name='ocr-capabilities' content='ocr_page ocr_carea ocr_par ocr_line ocrx_word'/>
</head>
<body>
  <div class='ocr_page' id='page_1' title='image "./monumentacorbei00corvgoog_0221.png"; bbox 0 0 3319 5242; ppageno 0'>
   <div class='ocr_carea' id='block_1_1' title="bbox 849 448 2546 514">
    <p class='ocr_par' dir='ltr' id='par_1_1' title="bbox 849 448 2546 514">
     <span class='ocr_line' id='line_1_1' title="bbox 849 448 2546 514; baseline 0 -1"><span class='ocrx_word' id='word_1_1' title='bbox 849 465 1149 514; x_wconf 69' lang='lat' dir='ltr'>wmALm</span> <span class='ocrx_word' id='word_1_2' title='bbox 1192 463 1564 514; x_wconf 70' lang='lat' dir='ltr'>nns&#39;rom</span> <span class='ocrx_word' id='word_1_3' title='bbox 1607 464 1699 511; x_wconf 76' lang='lat' dir='ltr'>iss</span> <span class='ocrx_word' id='word_1_4' title='bbox 1716 486 1765 497; x_wconf 89' lang='lat'><em>-</em></span> <span class='ocrx_word' id='word_1_5' title='bbox 1785 464 1889 512; x_wconf 76' lang='lat'><strong>134.</strong></span> <span class='ocrx_word' id='word_1_6' title='bbox 2414 448 2546 514; x_wconf 83' lang='lat'>209</span> 
     </span>
    </p>
   </div>
   <div class='ocr_carea' id='block_1_2' title="bbox 227 603 2726 1510">
    <p class='ocr_par' dir='ltr' id='par_1_2' title="bbox 227 603 2726 1510">
     <span class='ocr_line' id='line_1_2' title="bbox 241 603 2726 694; baseline 0.002 -26"><span class='ocrx_word' id='word_1_7' title='bbox 241 603 429 669; x_wconf 82' lang='lat' dir='ltr'>vitium</span> <span class='ocrx_word' id='word_1_8' title='bbox 457 606 692 691; x_wconf 80' lang='lat' dir='ltr'>pepuli,</span> <span class='ocrx_word' id='word_1_9' title='bbox 722 606 975 691; x_wconf 81' lang='lat' dir='ltr'>fabulis,</span> <span class='ocrx_word' id='word_1_10' title='bbox 1009 609 1064 674; x_wconf 93' lang='lat' dir='ltr'>si</span> <span class='ocrx_word' id='word_1_11' title='bbox 1096 609 1345 694; x_wconf 88' lang='lat' dir='ltr'>quando</span> <span class='ocrx_word' id='word_1_12' title='bbox 1375 608 1615 690; x_wconf 87' lang='lat' dir='ltr'>vacavi,</span> <span class='ocrx_word' id='word_1_13' title='bbox 1648 607 1779 674; x_wconf 88' lang='lat' dir='ltr'>iam</span> <span class='ocrx_word' id='word_1_14' title='bbox 1811 626 1941 673; x_wconf 93' lang='lat' dir='ltr'>non</span> <span class='ocrx_word' id='word_1_15' title='bbox 1981 607 2308 690; x_wconf 88' lang='lat' dir='ltr'>intersum,</span> <span class='ocrx_word' id='word_1_16' title='bbox 2355 625 2545 690; x_wconf 85' lang='lat' dir='ltr'>vaga-</span> <span class='ocrx_word' id='word_1_17' title='bbox 2586 611 2726 666; x_wconf 83' lang='lat'>1148</span> 
     </span>
     <span class='ocr_line' id='line_1_3' title="bbox 240 719 2547 809; baseline 0.002 -25"><span class='ocrx_word' id='word_1_18' title='bbox 240 719 478 787; x_wconf 81' lang='lat' dir='ltr'><strong>tionibus</strong></span> <span class='ocrx_word' id='word_1_19' title='bbox 517 719 711 790; x_wconf 86' lang='lat' dir='ltr'>finem</span> <span class='ocrx_word' id='word_1_20' title='bbox 758 723 922 790; x_wconf 90' lang='lat' dir='ltr'>dedi.</span> <span class='ocrx_word' id='word_1_21' title='bbox 991 723 1079 790; x_wconf 91' lang='lat' dir='ltr'>Et</span> <span class='ocrx_word' id='word_1_22' title='bbox 1122 745 1157 791; x_wconf 90' lang='lat' dir='ltr'>e</span> <span class='ocrx_word' id='word_1_23' title='bbox 1201 725 1517 791; x_wconf 89' lang='lat' dir='ltr'>contrario</span> <span class='ocrx_word' id='word_1_24' title='bbox 1561 723 1819 789; x_wconf 87' lang='lat' dir='ltr'>intendo</span> <span class='ocrx_word' id='word_1_25' title='bbox 1865 724 2238 809; x_wconf 80' lang='lat' dir='ltr'>scripturae,</span> <span class='ocrx_word' id='word_1_26' title='bbox 2286 723 2547 789; x_wconf 91' lang='lat' dir='ltr'>chorum</span> 
     </span>
     <span class='ocr_line' id='line_1_4' title="bbox 237 834 2545 926; baseline 0.001 -25"><span class='ocrx_word' id='word_1_27' title='bbox 237 834 528 922; x_wconf 78' lang='lat' dir='ltr'>frequento</span> <span class='ocrx_word' id='word_1_28' title='bbox 541 889 561 923; x_wconf 99' lang='lat'>,</span> <span class='ocrx_word' id='word_1_29' title='bbox 618 839 824 907; x_wconf 88' lang='lat' dir='ltr'>scolae</span> <span class='ocrx_word' id='word_1_30' title='bbox 880 841 1187 926; x_wconf 88' lang='lat' dir='ltr'>petitione</span> <span class='ocrx_word' id='word_1_31' title='bbox 1229 842 1500 909; x_wconf 80' lang='lat' dir='ltr'><strong>fratrum</strong></span> <span class='ocrx_word' id='word_1_32' title='bbox 1549 841 1667 907; x_wconf 91' lang='lat' dir='ltr'>sub</span> <span class='ocrx_word' id='word_1_33' title='bbox 1711 840 2014 924; x_wconf 82' lang='lat' dir='ltr'>magistro</span> <span class='ocrx_word' id='word_1_34' title='bbox 2060 861 2202 906; x_wconf 90' lang='lat' dir='ltr'>meo</span> <span class='ocrx_word' id='word_1_35' title='bbox 2248 838 2545 906; x_wconf 91' lang='lat' dir='ltr'>Heinrico</span> 
     </span>
     <span class='ocr_line' id='line_1_5' title="bbox 234 949 2543 1044; baseline 0.001 -27"><span class='ocrx_word' id='word_1_36' title='bbox 234 949 516 1038; x_wconf 73' lang='lat' dir='ltr'><strong>deservio,</strong></span> <span class='ocrx_word' id='word_1_37' title='bbox 576 957 685 1043; x_wconf 91' lang='lat' dir='ltr'>qui</span> <span class='ocrx_word' id='word_1_38' title='bbox 742 977 947 1044; x_wconf 88' lang='lat' dir='ltr'>nuper</span> <span class='ocrx_word' id='word_1_39' title='bbox 1007 955 1255 1023; x_wconf 87' lang='lat' dir='ltr'>edificia</span> <span class='ocrx_word' id='word_1_40' title='bbox 1306 955 1693 1024; x_wconf 88' lang='lat' dir='ltr'>infirmariae</span> <span class='ocrx_word' id='word_1_41' title='bbox 1749 955 2011 1023; x_wconf 88' lang='lat' dir='ltr'>mirifice</span> <span class='ocrx_word' id='word_1_42' title='bbox 2068 955 2543 1023; x_wconf 80' lang='lat' dir='ltr'><strong>consummavit.</strong></span> 
     </span>
     <span class='ocr_line' id='line_1_6' title="bbox 234 1065 2546 1161; baseline 0.001 -28"><span class='ocrx_word' id='word_1_43' title='bbox 234 1065 489 1156; x_wconf 89' lang='lat' dir='ltr'>Denique</span> <span class='ocrx_word' id='word_1_44' title='bbox 517 1070 639 1139; x_wconf 90' lang='lat' dir='ltr'>hoc</span> <span class='ocrx_word' id='word_1_45' title='bbox 668 1072 873 1139; x_wconf 90' lang='lat' dir='ltr'>solum</span> <span class='ocrx_word' id='word_1_46' title='bbox 902 1077 1120 1157; x_wconf 78' lang='lat' dir='ltr'>restat,</span> <span class='ocrx_word' id='word_1_47' title='bbox 1147 1074 1314 1159; x_wconf 90' lang='lat' dir='ltr'>quod</span> <span class='ocrx_word' id='word_1_48' title='bbox 1335 1079 1550 1141; x_wconf 88' lang='lat' dir='ltr'>vestra</span> <span class='ocrx_word' id='word_1_49' title='bbox 1578 1074 1901 1161; x_wconf 78' lang='lat' dir='ltr'>presentia</span> <span class='ocrx_word' id='word_1_50' title='bbox 1930 1092 2132 1156; x_wconf 82' lang='lat' dir='ltr'>caree,</span> <span class='ocrx_word' id='word_1_51' title='bbox 2160 1093 2283 1158; x_wconf 91' lang='lat' dir='ltr'>qua</span> <span class='ocrx_word' id='word_1_52' title='bbox 2310 1070 2546 1155; x_wconf 87' lang='lat' dir='ltr'>habita,</span> 
     </span>
     <span class='ocr_line' id='line_1_7' title="bbox 232 1184 2549 1276; baseline 0.001 -26"><span class='ocrx_word' id='word_1_53' title='bbox 232 1184 368 1251; x_wconf 90' lang='lat' dir='ltr'>nihil</span> <span class='ocrx_word' id='word_1_54' title='bbox 408 1187 563 1254; x_wconf 88' lang='lat' dir='ltr'>mihi</span> <span class='ocrx_word' id='word_1_55' title='bbox 609 1189 826 1257; x_wconf 82' lang='lat' dir='ltr'>deesse</span> <span class='ocrx_word' id='word_1_56' title='bbox 873 1190 1178 1274; x_wconf 82' lang='lat' dir='ltr'>arbitror,</span> <span class='ocrx_word' id='word_1_57' title='bbox 1224 1195 1290 1256; x_wconf 91' lang='lat' dir='ltr'>et</span> <span class='ocrx_word' id='word_1_58' title='bbox 1334 1195 1405 1256; x_wconf 87' lang='lat' dir='ltr'>ut</span> <span class='ocrx_word' id='word_1_59' title='bbox 1450 1212 1526 1257; x_wconf 87' lang='lat' dir='ltr'>ea</span> <span class='ocrx_word' id='word_1_60' title='bbox 1570 1192 1696 1257; x_wconf 91' lang='lat' dir='ltr'>cito</span> <span class='ocrx_word' id='word_1_61' title='bbox 1740 1190 2050 1276; x_wconf 88' lang='lat' dir='ltr'>perfruar,</span> <span class='ocrx_word' id='word_1_62' title='bbox 2096 1188 2220 1255; x_wconf 92' lang='lat' dir='ltr'>Dei</span> <span class='ocrx_word' id='word_1_63' title='bbox 2264 1187 2549 1274; x_wconf 92' lang='lat' dir='ltr'>omnipo-</span> 
     </span>
     <span class='ocr_line' id='line_1_8' title="bbox 232 1302 2549 1394; baseline 0.001 -28"><span class='ocrx_word' id='word_1_64' title='bbox 232 1302 467 1370; x_wconf 81' lang='lat' dir='ltr'>tentiam</span> <span class='ocrx_word' id='word_1_65' title='bbox 513 1325 727 1372; x_wconf 86' lang='lat' dir='ltr'>exoro.</span> <span class='ocrx_word' id='word_1_66' title='bbox 796 1305 1095 1375; x_wconf 88' lang='lat' dir='ltr'>Melotam</span> <span class='ocrx_word' id='word_1_67' title='bbox 1113 1303 1130 1333; x_wconf 89' lang='lat'>¹</span> <span class='ocrx_word' id='word_1_68' title='bbox 1158 1313 1297 1373; x_wconf 86' lang='lat' dir='ltr'>tum</span> <span class='ocrx_word' id='word_1_69' title='bbox 1334 1327 1451 1394; x_wconf 91' lang='lat' dir='ltr'>pro</span> <span class='ocrx_word' id='word_1_70' title='bbox 1481 1312 1695 1373; x_wconf 85' lang='lat' dir='ltr'>vestra</span> <span class='ocrx_word' id='word_1_71' title='bbox 1733 1306 2068 1373; x_wconf 79' lang='lat' dir='ltr'>dilectione</span> <span class='ocrx_word' id='word_1_72' title='bbox 2110 1310 2250 1371; x_wconf 91' lang='lat' dir='ltr'>tum</span> <span class='ocrx_word' id='word_1_73' title='bbox 2291 1324 2408 1390; x_wconf 93' lang='lat' dir='ltr'>pro</span> <span class='ocrx_word' id='word_1_74' title='bbox 2450 1303 2549 1370; x_wconf 91' lang='lat' dir='ltr'>sui</span> 
     </span>
     <span class='ocr_line' id='line_1_9' title="bbox 227 1417 2547 1510; baseline 0.001 -27"><span class='ocrx_word' id='word_1_75' title='bbox 227 1417 475 1488; x_wconf 87' lang='lat' dir='ltr'>utilitate</span> <span class='ocrx_word' id='word_1_76' title='bbox 505 1442 634 1488; x_wconf 88' lang='lat' dir='ltr'>non</span> <span class='ocrx_word' id='word_1_77' title='bbox 664 1422 984 1490; x_wconf 87' lang='lat' dir='ltr'>modicum</span> <span class='ocrx_word' id='word_1_78' title='bbox 1013 1423 1227 1508; x_wconf 81' lang='lat' dir='ltr'>diligo.</span> <span class='ocrx_word' id='word_1_79' title='bbox 1275 1422 1502 1490; x_wconf 80' lang='lat' dir='ltr'>Valeat</span> <span class='ocrx_word' id='word_1_80' title='bbox 1536 1424 1886 1510; x_wconf 86' lang='lat' dir='ltr'>paternitas</span> <span class='ocrx_word' id='word_1_81' title='bbox 1916 1427 2129 1491; x_wconf 85' lang='lat' dir='ltr'>vestra</span> <span class='ocrx_word' id='word_1_82' title='bbox 2155 1421 2225 1486; x_wconf 90' lang='lat' dir='ltr'>in</span> <span class='ocrx_word' id='word_1_83' title='bbox 2254 1420 2547 1487; x_wconf 88' lang='lat' dir='ltr'>Domino.</span> 
     </span>
    </p>
   </div>
   <div class='ocr_carea' id='block_1_3' title="bbox 1161 1558 1591 1571">
    <p class='ocr_par' dir='ltr' id='par_1_3' title="bbox 1161 1558 1591 1571">
     <span class='ocr_line' id='line_1_10' title="bbox 1161 1558 1591 1571; baseline 0 0"><span class='ocrx_word' id='word_1_84' title='bbox 1161 1558 1591 1571; x_wconf 95' lang='lat' dir='ltr'> </span> 
     </span>
    </p>
   </div>
   <div class='ocr_carea' id='block_1_4' title="bbox 236 1627 2555 1726">
    <p class='ocr_par' dir='ltr' id='par_1_4' title="bbox 236 1627 2555 1726">
     <span class='ocr_line' id='line_1_11' title="bbox 236 1627 2555 1726; baseline -0 -28"><span class='ocrx_word' id='word_1_85' title='bbox 236 1627 385 1701; x_wconf 86' lang='lat'><strong>133.</strong></span> <span class='ocrx_word' id='word_1_86' title='bbox 429 1636 835 1703; x_wconf 65' lang='lat' dir='ltr'>Bernhardus</span> <span class='ocrx_word' id='word_1_87' title='bbox 880 1641 1201 1726; x_wconf 67' lang='lat' dir='ltr'>episcopm</span> <span class='ocrx_word' id='word_1_88' title='bbox 1247 1638 1789 1705; x_wconf 71' lang='lat' dir='ltr'>Hildesheimenst&#39;s</span> <span class='ocrx_word' id='word_1_89' title='bbox 1834 1662 1875 1703; x_wconf 92' lang='lat' dir='ltr'>a</span> <span class='ocrx_word' id='word_1_90' title='bbox 1932 1637 2216 1703; x_wconf 80' lang='lat' dir='ltr'>Wibaldo</span> <span class='ocrx_word' id='word_1_91' title='bbox 2253 1636 2439 1722; x_wconf 70' lang='lat' dir='ltr'>petit,</span> <span class='ocrx_word' id='word_1_92' title='bbox 2485 1644 2555 1698; x_wconf 74' lang='lat' dir='ltr'>uc</span> 
     </span>
    </p>
   </div>
   <div class='ocr_carea' id='block_1_5' title="bbox 425 1743 2550 1835">
    <p class='ocr_par' dir='ltr' id='par_1_5' title="bbox 425 1743 2550 1835">
     <span class='ocr_line' id='line_1_12' title="bbox 425 1743 2550 1835; baseline -0.001 -26"><span class='ocrx_word' id='word_1_93' title='bbox 425 1743 786 1810; x_wconf 60' lang='lat' dir='ltr'>Heius-icum</span> <span class='ocrx_word' id='word_1_94' title='bbox 816 1744 862 1811; x_wconf 95' lang='lat' dir='ltr'><strong><em>I</em></strong></span> <span class='ocrx_word' id='word_1_95' title='bbox 892 1748 1207 1835; x_wconf 77' lang='lat' dir='ltr'>quondam</span> <span class='ocrx_word' id='word_1_96' title='bbox 1252 1748 1534 1813; x_wconf 82' lang='lat' dir='ltr'>abbatem</span> <span class='ocrx_word' id='word_1_97' title='bbox 1560 1747 1983 1813; x_wconf 78' lang='lat' dir='ltr'>Corbeiensem</span> <span class='ocrx_word' id='word_1_98' title='bbox 2027 1746 2348 1811; x_wconf 82' lang='lat' dir='ltr'>Corbeiam</span> <span class='ocrx_word' id='word_1_99' title='bbox 2392 1744 2550 1807; x_wconf 74' lang='lat' dir='ltr'>reci-</span> 
     </span>
    </p>
   </div>
   <div class='ocr_carea' id='block_1_6' title="bbox 212 1846 2752 3798">
    <p class='ocr_par' dir='ltr' id='par_1_6' title="bbox 419 1846 2550 1938">
     <span class='ocr_line' id='line_1_13' title="bbox 419 1846 2550 1938; baseline -0.002 -21"><span class='ocrx_word' id='word_1_100' title='bbox 419 1855 578 1938; x_wconf 80' lang='lat' dir='ltr'>piat.</span> <span class='ocrx_word' id='word_1_101' title='bbox 2229 1847 2337 1931; x_wconf 85' lang='lat' dir='ltr'>(M.</span> <span class='ocrx_word' id='word_1_102' title='bbox 2378 1846 2550 1927; x_wconf 86' lang='lat'>129.)</span> 
     </span>
    </p>

    <p class='ocr_par' dir='ltr' id='par_1_7' title="bbox 221 1963 2752 2269">
     <span class='ocr_line' id='line_1_14' title="bbox 382 1963 2744 2051; baseline -0.002 -20"><span class='ocrx_word' id='word_1_103' title='bbox 382 1964 741 2032; x_wconf 89' lang='lat' dir='ltr'>Bernardus</span> <span class='ocrx_word' id='word_1_104' title='bbox 783 1966 905 2033; x_wconf 90' lang='lat' dir='ltr'>Dei</span> <span class='ocrx_word' id='word_1_105' title='bbox 950 1969 1156 2051; x_wconf 86' lang='lat' dir='ltr'>gratia</span> <span class='ocrx_word' id='word_1_106' title='bbox 1194 1967 1837 2035; x_wconf 88' lang='lat' dir='ltr'>Hildenesheimensis</span> <span class='ocrx_word' id='word_1_107' title='bbox 1885 1965 2223 2032; x_wconf 83' lang='lat' dir='ltr'>aecclesiae</span> <span class='ocrx_word' id='word_1_108' title='bbox 2264 1964 2554 2030; x_wconf 85' lang='lat' dir='ltr'>minister</span> <span class='ocrx_word' id='word_1_109' title='bbox 2603 1963 2744 2019; x_wconf 87' lang='lat'>1148</span> 
     </span>
     <span class='ocr_line' id='line_1_15' title="bbox 223 2037 2752 2152; baseline -0 -7"><span class='ocrx_word' id='word_1_110' title='bbox 223 2074 463 2148; x_wconf 89' lang='lat' dir='ltr'>humilis</span> <span class='ocrx_word' id='word_1_111' title='bbox 530 2082 876 2149; x_wconf 86' lang='lat' dir='ltr'>venerabili</span> <span class='ocrx_word' id='word_1_112' title='bbox 943 2085 1129 2151; x_wconf 89' lang='lat' dir='ltr'>fratri</span> <span class='ocrx_word' id='word_1_113' title='bbox 1186 2084 1474 2152; x_wconf 92' lang='lat' dir='ltr'>Wiboldo</span> <span class='ocrx_word' id='word_1_114' title='bbox 1535 2084 1902 2152; x_wconf 89' lang='lat' dir='ltr'>Corbeiensi</span> <span class='ocrx_word' id='word_1_115' title='bbox 1959 2082 2172 2148; x_wconf 87' lang='lat' dir='ltr'>abbati</span> <span class='ocrx_word' id='word_1_116' title='bbox 2239 2081 2556 2146; x_wconf 88' lang='lat' dir='ltr'>sincerum</span> <span class='ocrx_word' id='word_1_117' title='bbox 2588 2052 2628 2085; x_wconf 49' lang='grc' dir='ltr'>θ’</span> <span class='ocrx_word' id='word_1_118' title='bbox 2653 2037 2752 2085; x_wconf 62' lang='lat' dir='ltr'><strong>⁰⁰t’</strong></span> 
     </span>
     <span class='ocr_line' id='line_1_16' title="bbox 221 2191 1935 2269; baseline 0.004 -12"><span class='ocrx_word' id='word_1_119' title='bbox 221 2191 280 2257; x_wconf 94' lang='lat' dir='ltr'>in</span> <span class='ocrx_word' id='word_1_120' title='bbox 322 2194 590 2265; x_wconf 89' lang='lat' dir='ltr'>Domino</span> <span class='ocrx_word' id='word_1_121' title='bbox 638 2199 1054 2269; x_wconf 81' lang='lat' dir='ltr'>fraternitatis</span> <span class='ocrx_word' id='word_1_122' title='bbox 1101 2221 1175 2267; x_wconf 85' lang='lat' dir='ltr'>ac</span> <span class='ocrx_word' id='word_1_123' title='bbox 1220 2201 1575 2268; x_wconf 89' lang='lat' dir='ltr'>dilectionis</span> <span class='ocrx_word' id='word_1_124' title='bbox 1623 2198 1935 2266; x_wconf 88' lang='lat' dir='ltr'>affectum.</span> 
     </span>
    </p>

    <p class='ocr_par' dir='ltr' id='par_1_8' title="bbox 212 2312 2567 3798">
     <span class='ocr_line' id='line_1_17' title="bbox 382 2312 2555 2383; baseline -0.002 -3"><span class='ocrx_word' id='word_1_125' title='bbox 382 2312 736 2382; x_wconf 87' lang='lat' dir='ltr'>Luctuosus</span> <span class='ocrx_word' id='word_1_126' title='bbox 794 2335 868 2382; x_wconf 91' lang='lat' dir='ltr'>ac</span> <span class='ocrx_word' id='word_1_127' title='bbox 910 2318 1124 2383; x_wconf 86' lang='lat' dir='ltr'>varius</span> <span class='ocrx_word' id='word_1_128' title='bbox 1169 2316 1590 2383; x_wconf 89' lang='lat' dir='ltr'>humanarum</span> <span class='ocrx_word' id='word_1_129' title='bbox 1645 2315 2078 2382; x_wconf 81' lang='lat' dir='ltr'>calamitatum</span> <span class='ocrx_word' id='word_1_130' title='bbox 2135 2317 2396 2379; x_wconf 87' lang='lat' dir='ltr'>eventus</span> <span class='ocrx_word' id='word_1_131' title='bbox 2441 2330 2555 2377; x_wconf 92' lang='lat' dir='ltr'>nos</span> 
     </span>
     <span class='ocr_line' id='line_1_18' title="bbox 219 2427 2559 2519; baseline 0 -27"><span class='ocrx_word' id='word_1_132' title='bbox 219 2436 558 2515; x_wconf 83' lang='lat' dir='ltr'>ammonet,</span> <span class='ocrx_word' id='word_1_133' title='bbox 629 2430 878 2497; x_wconf 86' lang='lat' dir='ltr'>afflictis</span> <span class='ocrx_word' id='word_1_134' title='bbox 947 2434 1224 2519; x_wconf 88' lang='lat' dir='ltr'>compati</span> <span class='ocrx_word' id='word_1_135' title='bbox 1281 2439 1374 2516; x_wconf 90' lang='lat' dir='ltr'>et,</span> <span class='ocrx_word' id='word_1_136' title='bbox 1444 2434 1512 2498; x_wconf 90' lang='lat' dir='ltr'>in</span> <span class='ocrx_word' id='word_1_137' title='bbox 1580 2432 1850 2498; x_wconf 84' lang='lat' dir='ltr'>aliorum</span> <span class='ocrx_word' id='word_1_138' title='bbox 1915 2450 2214 2518; x_wconf 89' lang='lat' dir='ltr'>pressura</span> <span class='ocrx_word' id='word_1_139' title='bbox 2277 2427 2559 2494; x_wconf 90' lang='lat' dir='ltr'>dolorem</span> 
     </span>
     <span class='ocr_line' id='line_1_19' title="bbox 217 2547 2560 2633; baseline 0.001 -29"><span class='ocrx_word' id='word_1_140' title='bbox 217 2548 495 2611; x_wconf 87' lang='lat' dir='ltr'>nostrum</span> <span class='ocrx_word' id='word_1_141' title='bbox 550 2547 652 2614; x_wconf 88' lang='lat' dir='ltr'>vel</span> <span class='ocrx_word' id='word_1_142' title='bbox 706 2547 990 2615; x_wconf 89' lang='lat' dir='ltr'>laborem</span> <span class='ocrx_word' id='word_1_143' title='bbox 1045 2549 1544 2633; x_wconf 80' lang='lat' dir='ltr'>consideranteS,</span> <span class='ocrx_word' id='word_1_144' title='bbox 1602 2548 1905 2614; x_wconf 89' lang='lat' dir='ltr'>contritos</span> <span class='ocrx_word' id='word_1_145' title='bbox 1963 2547 2149 2613; x_wconf 89' lang='lat' dir='ltr'>corde</span> <span class='ocrx_word' id='word_1_146' title='bbox 2204 2563 2319 2632; x_wconf 93' lang='lat' dir='ltr'>pro</span> <span class='ocrx_word' id='word_1_147' title='bbox 2373 2563 2560 2631; x_wconf 91' lang='lat' dir='ltr'>posse</span> 
     </span>
     <span class='ocr_line' id='line_1_20' title="bbox 215 2661 2558 2751; baseline 0.001 -28"><span class='ocrx_word' id='word_1_148' title='bbox 215 2667 419 2728; x_wconf 90' lang='lat' dir='ltr'>nostro</span> <span class='ocrx_word' id='word_1_149' title='bbox 470 2664 733 2730; x_wconf 85' lang='lat' dir='ltr'>consilio</span> <span class='ocrx_word' id='word_1_150' title='bbox 781 2671 967 2751; x_wconf 88' lang='lat' dir='ltr'>atque</span> <span class='ocrx_word' id='word_1_151' title='bbox 1015 2667 1251 2732; x_wconf 83' lang='lat' dir='ltr'>auxilio</span> <span class='ocrx_word' id='word_1_152' title='bbox 1298 2666 1643 2733; x_wconf 87' lang='lat' dir='ltr'>sublevare.</span> <span class='ocrx_word' id='word_1_153' title='bbox 1716 2664 1939 2731; x_wconf 86' lang='lat' dir='ltr'>Frater</span> <span class='ocrx_word' id='word_1_154' title='bbox 1980 2665 2194 2750; x_wconf 87' lang='lat' dir='ltr'>itaque</span> <span class='ocrx_word' id='word_1_155' title='bbox 2225 2661 2558 2728; x_wconf 88' lang='lat' dir='ltr'>Heinricus</span> 
     </span>
     <span class='ocr_line' id='line_1_21' title="bbox 218 2778 2559 2866; baseline 0.001 -26"><span class='ocrx_word' id='word_1_156' title='bbox 218 2778 527 2859; x_wconf 88' lang='lat' dir='ltr'>quondam</span> <span class='ocrx_word' id='word_1_157' title='bbox 574 2781 766 2848; x_wconf 88' lang='lat' dir='ltr'>abbas</span> <span class='ocrx_word' id='word_1_158' title='bbox 813 2780 1135 2866; x_wconf 88' lang='lat' dir='ltr'>Corbeiae,</span> <span class='ocrx_word' id='word_1_159' title='bbox 1181 2803 1349 2848; x_wconf 88' lang='lat' dir='ltr'>nunc</span> <span class='ocrx_word' id='word_1_160' title='bbox 1395 2788 1607 2849; x_wconf 89' lang='lat' dir='ltr'>autem</span> <span class='ocrx_word' id='word_1_161' title='bbox 1652 2802 1845 2847; x_wconf 91' lang='lat' dir='ltr'>manu</span> <span class='ocrx_word' id='word_1_162' title='bbox 1873 2781 2133 2848; x_wconf 89' lang='lat' dir='ltr'>Domini</span> <span class='ocrx_word' id='word_1_163' title='bbox 2168 2778 2559 2860; x_wconf 85' lang='lat' dir='ltr'>humiliatus,</span> 
     </span>
     <span class='ocr_line' id='line_1_22' title="bbox 215 2891 2562 2982; baseline 0 -24"><span class='ocrx_word' id='word_1_164' title='bbox 215 2891 289 2957; x_wconf 83' lang='lat' dir='ltr'>ad</span> <span class='ocrx_word' id='word_1_165' title='bbox 328 2914 446 2961; x_wconf 91' lang='lat' dir='ltr'>nos</span> <span class='ocrx_word' id='word_1_166' title='bbox 496 2898 881 2982; x_wconf 78' lang='lat' dir='ltr'>confug-lene,</span> <span class='ocrx_word' id='word_1_167' title='bbox 930 2898 1235 2982; x_wconf 86' lang='lat' dir='ltr'>obsecrat,</span> <span class='ocrx_word' id='word_1_168' title='bbox 1259 2919 1262 2924; x_wconf 66' lang='grc'><strong><em>’</em></strong></span> <span class='ocrx_word' id='word_1_169' title='bbox 1282 2904 1354 2964; x_wconf 92' lang='lat' dir='ltr'>ut</span> <span class='ocrx_word' id='word_1_170' title='bbox 1398 2903 1614 2964; x_wconf 90' lang='lat' dir='ltr'>nostro</span> <span class='ocrx_word' id='word_1_171' title='bbox 1658 2898 2019 2963; x_wconf 83' lang='lat' dir='ltr'>interventu</span> <span class='ocrx_word' id='word_1_172' title='bbox 2061 2893 2562 2962; x_wconf 87' lang='lat' dir='ltr'>misericordiam</span> 
     </span>
     <span class='ocr_line' id='line_1_23' title="bbox 213 3010 2563 3099; baseline -0.001 -23"><span class='ocrx_word' id='word_1_173' title='bbox 213 3010 374 3093; x_wconf 82' lang='lat' dir='ltr'>apud</span> <span class='ocrx_word' id='word_1_174' title='bbox 419 3034 537 3079; x_wconf 82' lang='lat' dir='ltr'>vos</span> <span class='ocrx_word' id='word_1_175' title='bbox 583 3014 884 3097; x_wconf 83' lang='lat' dir='ltr'>inveniat,</span> <span class='ocrx_word' id='word_1_176' title='bbox 931 3014 1225 3080; x_wconf 82' lang='lat' dir='ltr'>videlicet</span> <span class='ocrx_word' id='word_1_177' title='bbox 1268 3019 1341 3080; x_wconf 87' lang='lat' dir='ltr'>ut</span> <span class='ocrx_word' id='word_1_178' title='bbox 1375 3021 1438 3081; x_wconf 91' lang='lat' dir='ltr'>et</span> <span class='ocrx_word' id='word_1_179' title='bbox 1467 3016 1534 3080; x_wconf 93' lang='lat' dir='ltr'>in</span> <span class='ocrx_word' id='word_1_180' title='bbox 1579 3013 1925 3081; x_wconf 86' lang='lat' dir='ltr'>claustrum</span> <span class='ocrx_word' id='word_1_181' title='bbox 1955 3011 2366 3099; x_wconf 87' lang='lat' dir='ltr'>professionis</span> <span class='ocrx_word' id='word_1_182' title='bbox 2412 3029 2563 3075; x_wconf 90' lang='lat' dir='ltr'>suae</span> 
     </span>
     <span class='ocr_line' id='line_1_24' title="bbox 215 3113 2563 3218; baseline -0 -28"><span class='ocrx_word' id='word_1_183' title='bbox 215 3121 476 3211; x_wconf 86' lang='lat' dir='ltr'>benigne</span> <span class='ocrx_word' id='word_1_184' title='bbox 523 3129 707 3196; x_wconf 91' lang='lat' dir='ltr'>illum</span> <span class='ocrx_word' id='word_1_185' title='bbox 749 3130 1070 3216; x_wconf 87' lang='lat' dir='ltr'>recipiatis</span> <span class='ocrx_word' id='word_1_186' title='bbox 1103 3136 1165 3196; x_wconf 90' lang='lat' dir='ltr'>et</span> <span class='ocrx_word' id='word_1_187' title='bbox 1195 3136 1462 3218; x_wconf 89' lang='lat' dir='ltr'>paterna</span> <span class='ocrx_word' id='word_1_188' title='bbox 1491 3113 1917 3198; x_wconf 77' lang='lat' dir='ltr'>consolatione</span> <span class='ocrx_word' id='word_1_189' title='bbox 1948 3129 2398 3194; x_wconf 88' lang='lat' dir='ltr'>contricionem</span> <span class='ocrx_word' id='word_1_190' title='bbox 2429 3126 2563 3191; x_wconf 91' lang='lat' dir='ltr'>eius</span> 
     </span>
     <span class='ocr_line' id='line_1_25' title="bbox 213 3241 2563 3334; baseline 0 -28"><span class='ocrx_word' id='word_1_191' title='bbox 213 3241 596 3311; x_wconf 78' lang='lat' dir='ltr'>sublevando</span> <span class='ocrx_word' id='word_1_192' title='bbox 641 3246 926 3312; x_wconf 83' lang='lat' dir='ltr'>foveatis.</span> <span class='ocrx_word' id='word_1_193' title='bbox 996 3244 1084 3312; x_wconf 86' lang='lat' dir='ltr'>Et</span> <span class='ocrx_word' id='word_1_194' title='bbox 1129 3247 1277 3332; x_wconf 90' lang='lat' dir='ltr'>quia</span> <span class='ocrx_word' id='word_1_195' title='bbox 1321 3248 1483 3314; x_wconf 89' lang='lat' dir='ltr'>forte</span> <span class='ocrx_word' id='word_1_196' title='bbox 1530 3246 1876 3334; x_wconf 90' lang='lat' dir='ltr'>suspicioni</span> <span class='ocrx_word' id='word_1_197' title='bbox 1905 3245 2083 3311; x_wconf 88' lang='lat' dir='ltr'>vobis</span> <span class='ocrx_word' id='word_1_198' title='bbox 2131 3248 2245 3327; x_wconf 85' lang='lat' dir='ltr'>est,</span> <span class='ocrx_word' id='word_1_199' title='bbox 2291 3262 2371 3308; x_wconf 90' lang='lat' dir='ltr'>ne</span> <span class='ocrx_word' id='word_1_200' title='bbox 2417 3261 2563 3307; x_wconf 89' lang='lat' dir='ltr'>con-</span> 
     </span>
     <span class='ocr_line' id='line_1_26' title="bbox 213 3356 2564 3450; baseline 0 -29"><span class='ocrx_word' id='word_1_201' title='bbox 213 3359 587 3428; x_wconf 84' lang='lat' dir='ltr'>troversiam</span> <span class='ocrx_word' id='word_1_202' title='bbox 633 3383 902 3449; x_wconf 89' lang='lat' dir='ltr'>persone</span> <span class='ocrx_word' id='word_1_203' title='bbox 932 3368 1177 3430; x_wconf 85' lang='lat' dir='ltr'>vestrae</span> <span class='ocrx_word' id='word_1_204' title='bbox 1225 3364 1394 3450; x_wconf 87' lang='lat' dir='ltr'>apud</span> <span class='ocrx_word' id='word_1_205' title='bbox 1440 3364 1684 3449; x_wconf 88' lang='lat' dir='ltr'>aliquos</span> <span class='ocrx_word' id='word_1_206' title='bbox 1714 3367 2065 3428; x_wconf 81' lang='lat' dir='ltr'>vestratum</span> <span class='ocrx_word' id='word_1_207' title='bbox 2098 3359 2432 3426; x_wconf 87' lang='lat' dir='ltr'>interiores</span> <span class='ocrx_word' id='word_1_208' title='bbox 2463 3356 2564 3422; x_wconf 88' lang='lat' dir='ltr'>vel</span> 
     </span>
     <span class='ocr_line' id='line_1_27' title="bbox 214 3473 2566 3565; baseline 0.001 -29"><span class='ocrx_word' id='word_1_209' title='bbox 214 3478 555 3544; x_wconf 82' lang='lat' dir='ltr'>exteriores</span> <span class='ocrx_word' id='word_1_210' title='bbox 602 3484 888 3564; x_wconf 88' lang='lat' dir='ltr'>generet,</span> <span class='ocrx_word' id='word_1_211' title='bbox 948 3499 1405 3565; x_wconf 87' lang='lat' dir='ltr'>quamcumque</span> <span class='ocrx_word' id='word_1_212' title='bbox 1466 3480 1761 3563; x_wconf 84' lang='lat' dir='ltr'>dignam·</span> <span class='ocrx_word' id='word_1_213' title='bbox 1805 3477 2268 3559; x_wconf 80' lang='lat' dir='ltr'>iudicaveritiS,</span> <span class='ocrx_word' id='word_1_214' title='bbox 2326 3475 2403 3541; x_wconf 90' lang='lat' dir='ltr'>de</span> <span class='ocrx_word' id='word_1_215' title='bbox 2447 3473 2566 3539; x_wconf 87' lang='lat' dir='ltr'>hac</span> 
     </span>
     <span class='ocr_line' id='line_1_28' title="bbox 212 3591 2567 3682; baseline 0 -27"><span class='ocrx_word' id='word_1_216' title='bbox 212 3607 395 3658; x_wconf 84' lang='lat' dir='ltr'>causa</span> <span class='ocrx_word' id='word_1_217' title='bbox 454 3596 900 3661; x_wconf 87' lang='lat' dir='ltr'>certitudinem</span> <span class='ocrx_word' id='word_1_218' title='bbox 966 3601 1030 3662; x_wconf 92' lang='lat' dir='ltr'>et</span> <span class='ocrx_word' id='word_1_219' title='bbox 1094 3600 1605 3682; x_wconf 82' lang='lat' dir='ltr'>perseverantem</span> <span class='ocrx_word' id='word_1_220' title='bbox 1663 3594 2056 3678; x_wconf 69' lang='lat' dir='ltr'>obedientiae</span> <span class='ocrx_word' id='word_1_221' title='bbox 2114 3591 2567 3659; x_wconf 89' lang='lat' dir='ltr'>subiectionem</span> 
     </span>
     <span class='ocr_line' id='line_1_29' title="bbox 215 3704 2567 3798; baseline 0.001 -29"><span class='ocrx_word' id='word_1_222' title='bbox 215 3704 286 3771; x_wconf 88' lang='lat' dir='ltr'>ab</span> <span class='ocrx_word' id='word_1_223' title='bbox 331 3729 406 3774; x_wconf 91' lang='lat' dir='ltr'>eo</span> <span class='ocrx_word' id='word_1_224' title='bbox 452 3712 797 3798; x_wconf 66' lang='lat' dir='ltr'>recipietis</span> <span class='ocrx_word' id='word_1_225' title='bbox 867 3710 1021 3777; x_wconf 91' lang='lat' dir='ltr'>Peto</span> <span class='ocrx_word' id='word_1_226' title='bbox 1067 3712 1283 3795; x_wconf 83' lang='lat' dir='ltr'>igitur,</span> <span class='ocrx_word' id='word_1_227' title='bbox 1330 3718 1421 3796; x_wconf 92' lang='lat' dir='ltr'>ut,</span> <span class='ocrx_word' id='word_1_228' title='bbox 1470 3711 1637 3797; x_wconf 92' lang='lat' dir='ltr'>quod</span> <span class='ocrx_word' id='word_1_229' title='bbox 1675 3731 1791 3798; x_wconf 92' lang='lat' dir='ltr'>per</span> <span class='ocrx_word' id='word_1_230' title='bbox 1822 3731 1936 3776; x_wconf 89' lang='lat' dir='ltr'>nos</span> <span class='ocrx_word' id='word_1_231' title='bbox 1969 3711 2251 3777; x_wconf 90' lang='lat' dir='ltr'>obtinere</span> <span class='ocrx_word' id='word_1_232' title='bbox 2283 3728 2350 3774; x_wconf 90' lang='lat' dir='ltr'>se</span> <span class='ocrx_word' id='word_1_233' title='bbox 2379 3726 2567 3794; x_wconf 91' lang='lat' dir='ltr'>posse</span> 
     </span>
    </p>
   </div>
   <div class='ocr_carea' id='block_1_7' title="bbox 215 3823 2456 3913">
    <p class='ocr_par' dir='ltr' id='par_1_9' title="bbox 215 3823 2456 3913">
     <span class='ocr_line' id='line_1_30' title="bbox 215 3823 2456 3913; baseline 0.001 -26"><span class='ocrx_word' id='word_1_234' title='bbox 215 3824 491 3910; x_wconf 83' lang='lat' dir='ltr'>confidit,</span> <span class='ocrx_word' id='word_1_235' title='bbox 541 3828 896 3895; x_wconf 88' lang='lat' dir='ltr'>dilectionis</span> <span class='ocrx_word' id='word_1_236' title='bbox 940 3834 1190 3894; x_wconf 88' lang='lat' dir='ltr'>vestrae</span> <span class='ocrx_word' id='word_1_237' title='bbox 1236 3827 1663 3894; x_wconf 85' lang='lat' dir='ltr'>benivolentia</span> <span class='ocrx_word' id='word_1_238' title='bbox 1710 3832 2147 3913; x_wconf 80' lang='lat' dir='ltr'>consequatur.</span> <span class='ocrx_word' id='word_1_239' title='bbox 2217 3823 2456 3890; x_wconf 86' lang='lat' dir='ltr'>Valete.</span> 
     </span>
    </p>
   </div>
   <div class='ocr_carea' id='block_1_8' title="bbox 1176 3960 1606 3972">
    <p class='ocr_par' dir='ltr' id='par_1_10' title="bbox 1176 3960 1606 3972">
     <span class='ocr_line' id='line_1_31' title="bbox 1176 3960 1606 3972; baseline 0 1270"><span class='ocrx_word' id='word_1_240' title='bbox 1176 3960 1606 3972; x_wconf 95' lang='lat' dir='ltr'> </span> 
     </span>
    </p>
   </div>
   <div class='ocr_carea' id='block_1_9' title="bbox 222 4034 2566 4344">
    <p class='ocr_par' dir='ltr' id='par_1_11' title="bbox 222 4034 2566 4344">
     <span class='ocr_line' id='line_1_32' title="bbox 222 4034 2563 4130; baseline -0.001 -27"><span class='ocrx_word' id='word_1_241' title='bbox 222 4034 386 4107; x_wconf 84' lang='lat'><strong>134.</strong></span> <span class='ocrx_word' id='word_1_242' title='bbox 428 4043 850 4108; x_wconf 75' lang='lat' dir='ltr'>Bernhardus</span> <span class='ocrx_word' id='word_1_243' title='bbox 893 4046 1214 4130; x_wconf 78' lang='lat' dir='ltr'>episcopus</span> <span class='ocrx_word' id='word_1_244' title='bbox 1245 4042 1787 4107; x_wconf 73' lang='lat' dir='ltr'>Hildesheimensis</span> <span class='ocrx_word' id='word_1_245' title='bbox 1832 4043 2220 4108; x_wconf 76' lang='lat' dir='ltr'>Corbeienses</span> <span class='ocrx_word' id='word_1_246' title='bbox 2264 4039 2563 4118; x_wconf 75' lang='lat' dir='ltr'>hortatur,</span> 
     </span>
     <span class='ocr_line' id='line_1_33' title="bbox 427 4144 2566 4237; baseline -0.003 -24"><span class='ocrx_word' id='word_1_247' title='bbox 427 4161 504 4214; x_wconf 75' lang='lat' dir='ltr'>ut</span> <span class='ocrx_word' id='word_1_248' title='bbox 552 4173 676 4236; x_wconf 85' lang='lat' dir='ltr'>pro</span> <span class='ocrx_word' id='word_1_249' title='bbox 723 4148 1018 4214; x_wconf 75' lang='lat' dir='ltr'>Heinrico</span> <span class='ocrx_word' id='word_1_250' title='bbox 1063 4150 1104 4215; x_wconf 93' lang='grc' dir='ltr'><em>Ι</em></span> <span class='ocrx_word' id='word_1_251' title='bbox 1161 4150 1477 4237; x_wconf 76' lang='lat' dir='ltr'>quondam</span> <span class='ocrx_word' id='word_1_252' title='bbox 1544 4151 1764 4215; x_wconf 77' lang='lat' dir='ltr'>abbate</span> <span class='ocrx_word' id='word_1_253' title='bbox 1824 4150 2146 4214; x_wconf 75' lang='lat' dir='ltr'>Corbeiam</span> <span class='ocrx_word' id='word_1_254' title='bbox 2211 4144 2566 4233; x_wconf 78' lang='lat' dir='ltr'>recipiendo</span> 
     </span>
     <span class='ocr_line' id='line_1_34' title="bbox 430 4248 2564 4344; baseline -0.004 -22"><span class='ocrx_word' id='word_1_255' title='bbox 430 4259 614 4344; x_wconf 72' lang='lat' dir='ltr'>apud</span> <span class='ocrx_word' id='word_1_256' title='bbox 670 4257 1021 4323; x_wconf 77' lang='lat' dir='ltr'>Wibaldwm</span> <span class='ocrx_word' id='word_1_257' title='bbox 1063 4258 1459 4322; x_wconf 76' lang='lat' dir='ltr'>intercedant.</span> <span class='ocrx_word' id='word_1_258' title='bbox 2241 4249 2351 4332; x_wconf 87' lang='grc' dir='ltr'>(Μ.</span> <span class='ocrx_word' id='word_1_259' title='bbox 2391 4248 2564 4329; x_wconf 86' lang='grc'><strong>130.)</strong></span> 
     </span>
    </p>
   </div>
   <div class='ocr_carea' id='block_1_10' title="bbox 381 4364 2762 4492">
    <p class='ocr_par' dir='ltr' id='par_1_12' title="bbox 381 4364 2762 4492">
     <span class='ocr_line' id='line_1_35' title="bbox 381 4364 2762 4492; baseline -0.004 -56"><span class='ocrx_word' id='word_1_260' title='bbox 381 4369 802 4454; x_wconf 85' lang='lat' dir='ltr'>B(ernardus)</span> <span class='ocrx_word' id='word_1_261' title='bbox 827 4370 948 4438; x_wconf 91' lang='lat' dir='ltr'>Dei</span> <span class='ocrx_word' id='word_1_262' title='bbox 970 4371 1179 4455; x_wconf 84' lang='lat' dir='ltr'>gratia</span> <span class='ocrx_word' id='word_1_263' title='bbox 1200 4369 1844 4438; x_wconf 90' lang='lat' dir='ltr'>Hildenesheimensis</span> <span class='ocrx_word' id='word_1_264' title='bbox 1879 4369 2275 4455; x_wconf 87' lang='lat' dir='ltr'>dispensator</span> <span class='ocrx_word' id='word_1_265' title='bbox 2310 4364 2566 4431; x_wconf 87' lang='lat' dir='ltr'>humilis</span> <span class='ocrx_word' id='word_1_266' title='bbox 2600 4370 2762 4492; x_wconf 51' lang='lat' dir='ltr'>etloffi</span> 
     </span>
    </p>
   </div>
   <div class='ocr_carea' id='block_1_11' title="bbox 351 4494 1130 4643">
    <p class='ocr_par' dir='ltr' id='par_1_13' title="bbox 351 4494 1130 4643">
     <span class='ocr_line' id='line_1_36' title="bbox 351 4494 705 4554; baseline 0.003 -12"><span class='ocrx_word' id='word_1_267' title='bbox 351 4507 396 4542; x_wconf 76' lang='lat' dir='ltr'>a.</span> <span class='ocrx_word' id='word_1_268' title='bbox 439 4494 633 4554; x_wconf 78' lang='lat' dir='ltr'>dignum</span> <span class='ocrx_word' id='word_1_269' title='bbox 664 4514 705 4543; x_wconf 80' lang='lat' dir='ltr'>c.</span> 
     </span>
     <span class='ocr_line' id='line_1_37' title="bbox 351 4572 1130 4643; baseline 0.001 -16"><span class='ocrx_word' id='word_1_270' title='bbox 351 4574 402 4627; x_wconf 93' lang='grc'>1.</span> <span class='ocrx_word' id='word_1_271' title='bbox 440 4589 640 4629; x_wconf 83' lang='lat' dir='ltr'>ursum</span> <span class='ocrx_word' id='word_1_272' title='bbox 675 4573 892 4643; x_wconf 89' lang='lat' dir='ltr'>melem,</span> <span class='ocrx_word' id='word_1_273' title='bbox 928 4572 1130 4628; x_wconf 83' lang='lat' dir='ltr'>Dachs.</span> 
     </span>
    </p>
   </div>
   <div class='ocr_carea' id='block_1_12' title="bbox 298 4667 2107 4723">
    <p class='ocr_par' dir='ltr' id='par_1_14' title="bbox 298 4667 2107 4723">
     <span class='ocr_line' id='line_1_38' title="bbox 298 4667 2107 4723; baseline 0.004 -8"><span class='ocrx_word' id='word_1_274' title='bbox 298 4669 458 4723; x_wconf 69' lang='lat' dir='ltr'><strong>Jun&#39;.</strong></span> <span class='ocrx_word' id='word_1_275' title='bbox 494 4672 783 4718; x_wconf 66' lang='lat' dir='ltr'>Bibliotheca</span> <span class='ocrx_word' id='word_1_276' title='bbox 811 4674 847 4717; x_wconf 91' lang='lat'>1.</span> <span class='ocrx_word' id='word_1_277' title='bbox 2036 4667 2107 4722; x_wconf 81' lang='lat'>14</span> 
     </span>
    </p>
   </div>
  </div>
 </body>
</html>
