3319 5242
521 614 660 669 1150

446 686 611 734 Oct.—

625 688 737 735 Dec.

764 449 902 515 430
1525 466 1828 513 wmALm
1868 465 2199 514 merom
2246 466 2353 512 soi.

765 612 944 675 ouius
989 610 1276 674 custodia
1320 623 1375 675 et
1409 623 1717 697 potestate
1749 610 2098 696 privileqia
2140 609 2474 674 aecclesiae
2508 621 2769 674 nostme
2793 621 2955 689 sunt,
2999 610 3089 695 qui

767 749 870 807 ea,
930 744 1070 791 oum
1113 729 1440 792 necessitas
1473 730 1866 813 poposcerit,
1922 739 2194 813 tempore
2239 739 2295 791 et
2339 727 2472 791 loeo
2521 739 2580 792 et
2610 747 2928 813 personae
2966 747 3085 789 eon-

762 846 1016 930 oruenti
1054 843 1382 929 releqenda
1415 844 1804 930 presentabit
1859 882 1942 891 -
1999 865 2115 908 nos
2159 847 2231 907 in
2276 844 2541 909 articulo
2589 844 2737 922 hoc,
2787 842 3090 907 aeoeleme

764 972 972 1025 nostre
990 961 1369 1046 privileqia·
1390 962 1933 1046 pretermittentes,
1968 963 2336 1025 auetomltate
2364 962 2587 1026 domni
2602 982 2823 1046 papae
2842 959 3094 1045 Euqmii

764 1078 1156 1158 roboramur,
1183 1079 1546 1141 sententiam
1571 1079 1723 1156 eius,
1761 1078 1838 1141 de
1866 1079 2276 1141 incendiariis
2307 1070 2576 1157 datam¹,
2601 1079 2768 1147 sim
2788 1077 2876 1142 de
2900 1076 3094 1151 §mit

764 1196 857 1259 ita
899 1196 978 1259 de
1019 1197 1252 1260 nostris
1300 1193 1621 1258 observari
1658 1194 2066 1279 postulantes.
2129 1192 2215 1259 Et
2248 1191 2498 1278 prolata
2535 1189 2823 1259 soedulm
2822 1189 3097 1277 Ιοώῠφιο

763 1308 1038 1395 capitulo
1084 1309 1164 1376 de
1207 1308 1633 1392 incendiariis,
1684 1309 2057 1376 auctoritate
2091 1310 2307 1375 domni
2334 1327 2543 1396 papae
2568 1306 2967 1387 sentmtm
2981 1307 3098 1375 eius

764 1424 842 1492 de
894 1425 1299 1492 incendiariis
1355 1425 1590 1492 nostris
1643 1430 1849 1493 ratam
1895 1447 2042 1494 eum
2084 1426 2317 1494 habere
2362 1430 2428 1493 et
2470 1424 2810 1497 observate
2852 1423 3100 1509 urgebo*

761 1561 922 1608 mus.
987 1541 1290 1625 Tandem,
1337 1541 1643 1608 adductus
1673 1542 1776 1609 vel
1821 1544 2129 1610 instantia
2170 1548 2390 1611 nostra
2416 1540 2519 1609 vel
2552 1558 2635 1609 ne
2662 1540 2889 1609 domni
2906 1558 3103 1628 pupae

762 1657 1067 1725 offensam
1096 1658 1465 1742 incurreret,
1513 1658 1695 1742 dixit,
1743 1680 1811 1727 se
1840 1660 2189 1746 privilegiis
2218 1658 2387 1727 nolle
2417 1657 2751 1745 contraire,
2794 1656 3102 1746 preceptis

760 1795 911 1842 vero
956 1775 1172 1841 domni
1216 1795 1419 1861 papae
1463 1774 1734 1843 libenter
1762 1776 1925 1844 velle
1971 1776 2282 1844 oboedire.
2355 1774 2733 1862 Statimque,
2752 1792 3105 1847 exmu-

760 1891 1140 1957 nicationem
1182 1892 1252 1957 in
1298 1892 1717 1959 incendiarios
1758 1899 2008 1960 nostros
2043 1893 2257 1960 datam
2286 1891 2767 1963 asehiffiaeonos
2784 1908 2879 1965 ox
2898 1894 3108 1973 ,unw-

758 2007 949 2074 ritate
994 2008 1208 2074 domni
1250 2028 1454 2094 papae
1496 2010 1783 2095 precepit
1811 2010 2146 2076 observare
2159 2008 2204 2075 ὓ.
2265 2008 2398 2076 mis
2425 2026 2578 2076 vero
2596 2007 2873 2081 ,nmina
2888 2026 3108 2085 notum

760 2123 838 2191 de
880 2144 1075 2190 manu
1119 2125 1252 2192 eius
1297 2125 1781 2210 requirentibus,
1829 2146 1972 2194 cum
2012 2126 2153 2212 ipse
2184 2146 2259 2192 ea
2285 2145 2403 2213 per
2431 2146 2503 2192 se
2530 2124 2686 2191 dare
2710 2122 2935 2208 nollet,
2983 2123 3111 2191 dies

757 2241 826 2307 in
881 2245 1131 2309 noctem
1187 2247 1526 2329 protracta.
1623 2242 1906 2308 Tandem
1961 2242 2099 2328 ipse
2144 2243 2471 2309 nominum
2515 2240 2839 2308 scedulam
2883 2261 3007 2326 per
3050 2258 3111 2305 se

757 2358 1028 2445 recepit;
1073 2378 1391 2444 nunquam
1440 2359 1565 2425 nisi
1594 2364 1847 2426 coactus
1893 2360 2272 2426 sententiam
2317 2359 2395 2426 de
2438 2357 2846 2425 incendiariis
2875 2355 3111 2423 nostris

757 2474 1221 2541 observaturus.
1387 2475 1483 2542 Ita
1528 2475 1608 2542 ab
1653 2496 1727 2542 eo
1775 2476 2169 2559 recessimus,
2215 2494 2441 2561 parum
2487 2474 2691 2541 adhuc
2734 2475 2915 2558 certi,
2966 2472 3117 2560 quid

758 2609 949 2678 super
991 2591 1108 2658 hoc
1156 2592 1371 2676 egerit.
1522 2590 1723 2659 Fama
1768 2596 1906 2659 erat
1950 2598 2013 2660 et
2056 2592 2403 2677 constabat,
2450 2591 2618 2678 quod
2664 2589 2937 2657 domnus
2987 2589 3116 2677 epi·

758 2727 983 2794 scopus
1037 2708 1302 2775 nuncios
1358 2729 1504 2775 suos
1564 2710 1645 2776 ad
1700 2709 1933 2777 Urbem
1994 2709 2330 2794 direxerit,
2388 2714 2453 2776 et
2507 2707 2676 2794 quod
2731 2707 2815 2773 ad
2868 2709 3119 2774 curiam

754 2829 1114 2910 presentem
1171 2824 1388 2892 domni
1443 2826 1610 2910 regis
1666 2824 2091 2893 Wormaziam
2149 2826 2354 2892 iturus
2412 2829 2580 2908 erat,
2648 2823 2825 2890 mille
2879 2824 3121 2892 marcis

757 2940 922 3026 datis
980 2940 1278 3007 domnum
1335 2962 1548 3026 regem
1606 2942 1675 3008 in
1729 2943 2077 3028 perniciem
2133 2948 2199 3009 et
2253 2941 2804 3027 depopulationem
2862 2940 3122 3008 comitis

755 3055 1168 3124 Namucensis
1215 3058 1616 3125 adducturus,
1683 3057 1907 3125 Comes
1954 3063 2167 3125 autem
2195 3078 2312 3144 per
2342 3058 2635 3125 abbatem
2663 3056 3124 3125 Florefiensem

757 3193 871 3240 nos
925 3174 1196 3240 multum
1253 3173 1646 3258 sollicitavit,
1707 3180 1783 3240 ut
1837 3175 1970 3241 eius
2017 3175 2279 3241 verbum
2338 3175 2507 3262 apud
2552 3174 2852 3241 domnum
2899 3195 3127 3260 regem

754 3289 1245 3357 manuteneretis
1313 3295 1378 3356 et
1441 3291 1607 3357 bono
1674 3288 1831 3374 fine,
1900 3291 1957 3356 si
2022 3291 2325 3378 possibile
2391 3296 2589 3375 esset,
2658 3292 3125 3359 terminaretis.

755 3405 1107 3493 Episcopus
1163 3411 1228 3473 et
1282 3426 1492 3473 comes
1546 3405 1721 3473 nullo
1775 3407 1962 3473 modo
2018 3427 2058 3473 a
2097 3428 2306 3474 werra
2358 3407 2659 3475 desistere
2704 3407 2965 3492 volunt,
3035 3412 3132 3475 set

755 3543 1010 3590 rursum
1038 3528 1184 3610 post
1211 3521 1422 3590 natale
1450 3517 1746 3589 Domini²
1776 3529 2003 3590 cuncta
2032 3525 2360 3591 devastare
2388 3524 2744 3591 intendunt.
2883 3524 3129 3591 Comes

756 3636 1182 3722 God(efridus)
1196 3688 1215 3724 ‚
1272 3645 1347 3706 ut
1370 3638 1649 3723 dicitur,
1704 3639 1993 3708 Harizeis
2036 3641 2266 3724 intrat,
2323 3644 2561 3707 terram
2602 3645 2889 3707 nostram
2940 3648 3019 3709 et
3064 3643 3133 3708 in

756 3753 1105 3823 Condrusio
1149 3761 1214 3823 et
1241 3756 1309 3823 in
1338 3755 1641 3822 Ardenna
1672 3756 2189 3844 depopulaturus,
2233 3756 2359 3823 nisi
2386 3757 2822 3843 redemptione
2850 3763 3136 3847 accepts

756 3873 1114 3940 cessaverit.
1297 3871 1521 3939 Comes
1567 3871 1877 3939 Henricus
1921 3873 2203 3940 nondum
2248 3872 2584 3940 convaluit.
2757 3872 3003 3942 Comes
3055 3875 3134 3941 de

755 3984 915 4056 Los⁸
945 3989 1257 4057 Turnines
1303 3993 1587 4055 nostram
1620 3989 1912 4076 vastavit,
1961 3995 2026 4057 et
2054 3990 2366 4057 Bosonem
2402 3995 2467 4057 et
2495 3987 2851 4056 Gozvinum
2879 3991 3136 4059 statres

754 4111 973 4193 captos
1029 4111 1220 4174 tenet.
1401 4105 1633 4174 Wellin
1681 4106 2014 4194 episcopus
2058 4112 2206 4193 post
2248 4105 2460 4174 natale
2504 4127 2574 4173 se
2616 4105 2773 4172 dicit
2814 4106 3135 4174 incendio

753 4228 1214 4306 vastaturum03
1262 4223 1430 4309 quod
1476 4243 1556 4290 ex
1602 4223 1977 4290 auctoritate
2008 4222 2222 4290 domni
2250 4243 2457 4311 papae
2485 4243 2566 4289 ne
2594 4222 2835 4289 faceret
2859 4226 3139 4292 monui-

900 4424 943 4457 a.
983 4409 1226 4470 privilegia
1255 4402 1454 4458 «aaut
1563 4409 1611 4456 b.
1655 4408 1888 4457 observari
1920 4428 1960 4457 c.
2085 4422 2128 4457 c.
2156 4412 2435 4458 vastaturum
2466 4428 2504 4457 c.

896 4498 946 4552 1.
996 4497 1057 4551 in
1101 4496 1337 4552 concilio
1383 4496 1640 4552 Remensi
1690 4513 1743 4552 a.
1785 4496 1942 4552 1148.
2006 4495 2078 4552 V.
2124 4496 2366 4568 Regesta
2412 4500 2567 4566 pont.
2602 4495 2833 4552 Roman.
2882 4511 2954 4567 p.
3003 4500 3139 4559 632.

756 4585 808 4641 2.
846 4590 972 4655 post
1006 4586 1077 4641 25
1115 4585 1373 4643 Decemb.
1413 4587 1571 4641 1150.
1718 4587 1770 4642 3.
1809 4585 2144 4642 Ludovicus.
