3319 5242
699 764 844 825 rata
906 758 970 821 et
1031 743 1410 816 inviolabilis
1477 736 1875 826 permaneat,

671 874 906 941 'factae
969 867 1064 934 rei
1128 858 1435 931 conscribi
1500 859 1566 920 et
1630 847 1838 934 sigillo
1904 839 2078 909 beati
2132 832 2265 901 Viti
2330 823 2729 916 praeopimus
2788 811 3018 899 signari.

706 991 923 1058 Testes
968 988 1179 1050 autem
1222 977 1409 1045 huius
1455 967 1725 1038 actionis
1765 963 1835 1029 hi
1876 958 2185 1026 fuerunt&

718 1197 1253 1274 153.2Wibaldus
1309 1192 1389 1257 B.
1424 1181 1789 1275 praeposito
1842 1172 2079 1252 scribit,
2138 1190 2203 1231 se
2245 1184 2375 1229 mm
2414 1156 2733 1223 manaem·
2779 1170 2907 1213 esse
2944 1140 3037 1207 ud

932 1312 1323 1381 mendacium
1368 1303 1613 1370 dixisse.
1682 1293 1965 1361 Indutias
1999 1286 2176 1374 petit.
2733 1259 2845 1347 (M.
2884 1256 3037 1334 134.)

538 1464 677 1521 1149
889 1448 1112 1516 Frater
1145 1437 1474 1510 Wibaldus
1504 1431 1628 1499 Dei
1672 1425 1880 1511 gratia
1918 1419 1988 1487 id
2034 1413 2203 1503 quod
2233 1415 2333 1478 est
2357 1408 2428 1474 in
2457 1400 2722 1473 ecclesia
2749 1390 3043 1463 catholica

715 1568 941 1636 dilecto
985 1559 1173 1628 fi‘atri
1213 1562 1277 1624 et
1314 1552 1514 1621 amico
1545 1567 1658 1615 suo
1686 1542 1760 1609 Β.
1793 1534 2119 1627 preposito
2148 1527 2419 1597 salutem
2449 1526 2514 1589 et
2540 1512 3044 1586 benedictionem.

1521 1665 1534 1679 “
1591 1659 1609 1690 ¹
1629 1659 1827 1728 verba
1855 1657 2005 1722 sunt
2030 1651 2215 1716 haec:
2250 1644 2423 1710 Inter
2442 1635 2841 1703 mendacium
2865 1629 3050 1693 dicere

731 2151 885 2215 dicit
897 2194 917 2227 ‚
975 2167 1105 2210 uon
1141 2140 1363 2227 fallit,
1427 2140 1731 2220 quantum
1787 2126 1857 2188 in
1916 2141 1980 2183 se
2036 2127 2140 2180 eet.
2218 2109 2379 2176 Item
2430 2103 2553 2169 hoc
2595 2114 2845 2184 quoque
2896 2106 3069 2174 super

734 2264 955 2332 eadem
999 2279 1068 2326 re
1114 2256 1299 2323 dicit:
1357 2251 1470 2317 Vir
1515 2248 1712 2312 bonus
1756 2234 1966 2322 inquit
2000 2241 2287 2320 prestare
2331 2221 2535 2299 dehet,
2590 2237 2670 2280 ne
2710 2212 3070 2277 vacationum

725 2382 1032 2470 prudens,
1079 2397 1158 2440 ne
1201 2368 1596 2436 mendacium
1641 2362 1830 2424 dicat.
1900 2350 1988 2416 Et
2029 2365 2167 2428 nos,
2212 2341 2411 2407 frater
2445 2330 2801 2410 karissime,
2850 2339 3076 2408 nequa-
3174 2350 3175 2375 ι

741 2517 932 2583 quam
987 2487 1238 2558 mentiti
1298 2500 1514 2551 sumus
1527 2527 1546 2562 ‚
1605 2478 1703 2542 set
1754 2463 2152 2537 mendacium
2195 2455 2405 2527 dicere
2448 2448 2654 2532 coegit
2695 2463 2819 2510 non
2872 2441 3081 2525 inpru-
3174 2384 3175 2449 ¹

743 2611 978 2694 dentia,
1027 2612 1123 2674 set
1166 2599 1528 2671 necessitas.
1599 2592 1823 2674 Itaque
1863 2580 2179 2665 longiores
2226 2570 2430 2639 adhuc
2473 2562 2759 2633 inducias
2791 2556 3082 2646 petimus,

589 3439 727 3496 1149
938 3415 1298 3484 Thiewinus
1343 3409 1612 3476 Sanctae
1656 3395 1919 3466 Rufinae
1964 3403 2296 3478 episcopus
2343 3384 2408 3448 et
2448 3374 2654 3443 Guido
2700 3376 2972 3437 sanctae
2998 3365 3113 3433 Ro-
3174 3305 3175 3398 1

767 3654 951 3723 fratri
996 3646 1266 3716 Henrico
1312 3636 1626 3708 Mindensi
1673 3631 1970 3718 episcopo
2017 3620 2303 3689 salutem.

947 3766 1204 3833 Fratres
1250 3751 1644 3825 Gorbeiensis
1690 3740 2059 3814 monasterii
2100 3734 2284 3803 nobis
2331 3722 2656 3813 conquesti
2699 3721 2885 3802 sunt,
2939 3710 3123 3802 quod,

774 3905 919 3955 cum
964 3882 1047 3948 ad
1090 3879 1389 3946 domnum
1448 3887 1684 3958 papam
1727 3857 2158 3951 perrexissent
2199 3855 2266 3917 et
2321 3843 2491 3933 apud
2542 3859 2687 3909 eum
2732 3829 3126 3919 aliquamdiu

776 4019 1021 4069 moram
1047 3995 1362 4074 fecissent,
1393 3990 1462 4055 in
1491 3976 1960 4053 Kaminatensi⁶
1992 3967 2314 4049 aecclesia,
2347 3963 2415 4029 in
2445 3978 2570 4046 qua
2596 3954 2723 4042 ipsi
2750 3950 3130 4034 religionem

779 4119 1122 4187 reformare
1151 4110 1472 4195 ceperunt,
1507 4101 1724 4168 divina
1756 4087 2154 4182 prohibueris
2185 4080 2392 4148 officia
2419 4070 2740 4143 celebrari.
2810 4065 2993 4145 Quia
3024 4061 3131 4148 igi·

926 4265 967 4298 a.
1001 4250 1162 4296 daune
1192 4245 1362 4291 uetiam
1395 4240 1592 4285 namium.
1718 4231 1762 4277 b.
1795 4230 1907 4274 hm
1938 4222 2134 4284 epistola
2155 4220 2201 4264 ia
2223 4216 2385 4263 codic·
2402 4213 2470 4258 δῖε
2491 4210 2668 4273 legitur,
2701 4205 2746 4250 l.
2774 4202 2867 4259 fol·
2896 4194 3135 4247 150-15

793 4610 915 4653 mae
950 4598 1009 4649 et
1042 4586 1315 4646 Damiani.
1375 4589 1382 4598 '
