3319 5242
920 446 1218 496 mum
1259 446 1633 497 nmsromm
1673 447 1765 495 sss
1783 448 1955 497 -ssa
2478 431 2606 503 521

276 586 777 676 complectimur,
825 590 896 658 et
931 610 1025 674 ea,
1073 610 1232 676 quae
1278 591 1355 657 ad
1396 590 1695 658 honorem
1723 595 1903 658 tuum
1933 598 2220 680 spectare
2248 602 2608 682 noscuntur,
2643 599 2783 659 1152

274 705 547 772 libenter
601 706 891 773 volumus
946 725 1062 794 per
1116 707 1329 774 omnia
1382 728 1771 795 promovere.
1855 707 2058 795 Super
2112 712 2362 778 iniuriis
2418 713 2612 796 igitur
2672 676 2755 724 ω’

277 820 619 890 aecclesiae
664 822 1025 890 Corbeiensi
1079 823 1272 890 illatis
1327 823 1541 891 debita
1593 824 1711 892 tibi
1769 824 2095 894 affectione
2138 825 2610 912 compatientes,

449 2215 858 2299 Fffidericus)
894 2216 1015 2283 Dei
1059 2218 1265 2301 gratia
1306 2216 1730 2287 Romanorum
1776 2237 1889 2284 rex
1932 2217 2226 2286 universo
2271 2223 2606 2290 conventui
2643 2235 2783 2291 1152

267 2331 667 2400 Corbciensis
714 2333 1050 2400 aecclesiae
1093 2334 1363 2418 gratiam
1408 2354 1588 2400 suam
1635 2339 1700 2401 et
1743 2353 1927 2401 omne
1971 2333 2220 2400 bonum.
2667 2308 2751 2356 m

449 2447 893 2516 Universitatis
937 2454 1185 2517 vestrae
1229 2450 1546 2517 doloribus
1593 2450 1806 2517 debita
1834 2448 2157 2516 affectione
2186 2452 2604 2538 compatimur

267 2571 335 2634 et
380 2567 608 2634 vestris
654 2565 959 2651 angustiis
1006 2566 1343 2634 admodum
1388 2566 1809 2634 condolemus,
1891 2565 2050 2633 Cum
2094 2572 2305 2635 autem
2348 2574 2603 2658 oportu-

264 2684 438 2750 nitas
485 2704 553 2750 se
596 2683 777 2751 nobis
807 2683 1079 2751 Domino
1124 2684 1373 2751 favente
1416 2683 1758 2771 prebuerit,
1802 2684 1895 2750 ita
1935 2688 2177 2750 vestras
2221 2686 2602 2755 intendimus

265 2798 489 2867 ulcisci
543 2800 807 2866 iniurias
820 2849 839 2885 ,
897 2806 970 2867 ut
1024 2805 1088 2867 et
1143 2799 1319 2866 dolor
1371 2805 1580 2868 vester
1635 2800 1888 2867 omnino
1944 2800 2224 2885 mitigari
2275 2802 2499 2871 debeat
2541 2810 2606 2872 et

265 2936 507 3000 omnes,
555 2917 661 3002 qui
707 2916 1049 2983 vindictam
1092 2917 1538 3003 persenserint,
1584 2917 1820 2984 similia
1855 2918 2247 2985 committere
2288 2938 2416 2986 non
2459 2939 2604 3006 pre-
2714 3005 2723 3014 .

264 3037 540 3100 sumant.
607 3032 846 3100 Verum
892 3033 1042 3118 quia
1067 3038 1330 3120 propter
1360 3033 1612 3101 easdem
1643 3033 1910 3100 iniurias
1942 3032 2174 3118 divina,
2220 3035 2384 3101 sicut
2426 3055 2601 3103 acce-

262 3150 499 3236 pimus‚
544 3150 614 3215 in
656 3153 868 3216 vestra
912 3148 1214 3216 aecclesia
1251 3148 1579 3232 siluerunt,
1625 3168 1839 3217 cruces
1871 3155 2255 3235 sternuntur,
2297 3150 2601 3237 reliquiae

262 3269 629 3332 sanctorum
671 3270 1023 3350 moventur,
1070 3266 1431 3332 discretioni
1462 3270 1708 3332 vestrae
1746 3266 2121 3353 propensius
2150 3268 2598 3334 commonendo

262 3381 651 3449 consulimus
709 3388 774 3450 et
829 3381 1236 3467 mandamus,
1291 3386 1393 3467 ut,
1449 3380 1738 3449 crucibus
1795 3382 2152 3469 sanctisque
2206 3383 2487 3470 reliquiis
2529 3385 2599 3451 in

260 3504 504 3566 statum
546 3499 890 3586 pristinum
931 3499 1261 3584 restitutis,
1308 3497 1771 3567 aecclesiastica
1801 3498 2187 3566 celebrantes
2233 3498 2458 3585 officia,
2504 3500 2599 3567 di-

260 3614 415 3681 vino
460 3614 656 3681 cultui
698 3634 874 3682 more
918 3614 1102 3681 solito
1146 3615 1454 3682 insistatis
1468 3666 1487 3702 ‚
1532 3613 1801 3684 firmiter
1842 3620 2197 3703 sperantes,
2254 3617 2420 3704 quod
2464 3616 2599 3704 ple-

257 3731 511 3798 nariam
553 3730 732 3798 vobis
776 3731 1117 3798 vindictam
1160 3730 1294 3797 vita
1335 3732 1564 3799 comite
1605 3730 1924 3801 faciemus.

260 3941 445 4014 390.
486 3945 844 4012 Friderious
898 3946 943 4013 Ι
995 3967 1109 4011 rex
1161 3944 1654 4014 Huxariensibus
1719 3950 1957 4031 sor-ibit,
2026 3972 2106 4015 ne
2158 3948 2472 4015 Folo-mino
2541 3960 2599 4014 et

484 4061 843 4128 Widelcindo
891 4063 1269 4149 promissam
1315 4064 1648 4148 pecuniam
1702 4066 1967 4146 solvant,
2025 4075 2210 4152 utque
2266 4065 2598 4129 destructae

484 4179 849 4243 „monitiones
890 4179 1190 4266 reficiant.
2273 4176 2380 4258 (M.
2415 4178 2592 4260 368.)

440 4307 851 4392 F(ridericus)
895 4309 1017 4377 Dei
1072 4310 1277 4395 gratia
1318 4308 1741 4379 Romanorum
1796 4331 1911 4378 rex
1965 4311 2275 4379 universis
2326 4310 2594 4396 burgen·
2631 4321 2772 4377 1152

250 4426 439 4497 sibus
485 4424 562 4492 de
605 4424 867 4494 Huxera
908 4427 1178 4512 gratiam
1222 4447 1403 4494 suam
1446 4433 1511 4497 et
1554 4449 1739 4496 omne
1783 4427 2034 4495 bonum.
2656 4395 2740 4443 ω’

406 4557 458 4611 1.
494 4555 612 4613 Oct.
640 4556 727 4613 13.
