3319 5242
912 464 1210 512 wmm1
1251 463 1624 512 arrs'romn
1667 463 1773 510 2⁷1.
1811 464 1918 511 272.
2452 447 2583 514 399

242 599 336 671 27
351 602 388 671 1
402 654 420 672 .
467 604 790 692 Euqem'us
834 605 947 672 ΙΠ
966 628 1151 694 papa
1179 606 1498 674 Hartwico
1546 606 2007 695 archiepiscopo
2038 609 2366 674 Bremensi
2405 631 2584 673 man-

468 721 607 798 dat,
672 731 743 787 ut
793 721 1145 789 Wibaldum
1198 725 1267 788 in
1320 724 1764 812 recuperandis
1819 724 1994 790 bonis
2046 724 2587 790 Kaminatensibus

466 837 731 902 adiuvet.
2264 837 2371 920 (M.
2406 836 2584 918 255.)

416 968 742 1053 Eugenius
789 969 1119 1057 episcopus
1177 991 1395 1039 servus
1453 992 1777 1038 servorum
1822 970 1945 1038 Dei
1990 970 2356 1054 H(artwico)
2399 992 2585 1039 vene—

233 1084 428 1152 rabili
483 1084 668 1152 fratri
708 1084 1038 1153 Bremensi
1088 1087 1557 1176 archiepiscopo
1603 1088 1870 1155 salutem
1917 1092 1980 1155 et
2025 1088 2432 1175 apostolicam
2475 1089 2585 1155 be—

233 1202 684 1270 nedictionem.

416 1316 817 1405 Episcopalis
862 1316 1052 1384 officii
1097 1324 1214 1403 est,
1260 1318 1644 1386 venerabilia
1685 1318 1827 1387 loca
1871 1325 1935 1386 et
1976 1339 2277 1408 personas
2324 1319 2584 1404 diligere

234 1438 302 1501 et
356 1454 468 1500 eas
521 1434 593 1500 in
643 1434 774 1501 suis
828 1434 1308 1502 necessitatibus
1364 1436 1713 1503 confovere.
1805 1435 2073 1522 Ideoque
2123 1436 2583 1502 fraternitatem

234 1554 419 1617 tuam
470 1570 585 1637 pro
633 1550 859 1618 dilecto
903 1548 1033 1618 filio
1077 1556 1293 1619 nostro
1338 1550 1676 1634 W(ibaldo)
1724 1551 2086 1619 Corbeiensi
2131 1551 2354 1619 abbate
2399 1551 2583 1617 duxi-

234 1687 383 1733 mus
429 1666 835 1752 exorandam,
883 1667 1174 1754 quatinus
1220 1688 1365 1735 eum
1406 1669 1689 1736 fraterna
1732 1669 1993 1736 caritate
2037 1669 2303 1735 honores
2347 1673 2412 1734 et
2439 1666 2582 1733 dili-

234 1804 387 1867 gas3
446 1786 512 1850 et
552 1783 773 1870 predia
814 1782 1282 1852 Kaminatensis
1327 1783 1693 1869 aecclesiae,
1748 1805 1907 1872 quae
1950 1785 2020 1851 in
2063 1790 2172 1851 tuo
2219 1784 2584 1872 episcopatu

234 1898 616 1984 consistunt,
661 1900 936 1967 maxime
977 1900 1110 1985 illa,
1158 1921 1317 1987 quae
1362 1900 1682 1969 abbatissa
1710 1900 1921 1968 Iudiht
1953 1906 2099 1988 post
2128 1901 2582 1987 depositionem

235 2036 425 2083 suam
481 2016 755 2084 alienare
805 2016 1223 2104 presumpsit,
1279 2037 1651 2107 recuperare
1708 2022 1772 2085 et
1824 2038 2017 2085 manu
2068 2022 2283 2085 tenere
2325 2037 2443 2105 pro
2487 2016 2583 2083 tui

235 2131 437 2200 officii
480 2132 689 2201 debito
736 2132 1012 2200 adiuves.

238 2344 427 2416 272.
465 2344 791 2435 Enyem'us
816 2347 930 2416 ΠΙ
947 2374 1150 2438 papa,
1186 2351 1539 2416 Com-adum
1566 2346 1682 2415 III
1707 2369 1915 2435 reqem
1946 2349 2035 2414 ad
2064 2371 2130 2414 se
2174 2348 2405 2435 leqatos
2437 2338 2590 2412 ’πίεὲ

464 2488 679 2531 aarum
724 2488 868 2548 esse,
910 2467 1158 2553 qaudet.
1228 2466 1596 2533 Monasterii
1637 2465 2058 2531 Morbacensn’s
2099 2466 2408 2551 neyotium
2453 2466 2585 2551 epi-

466 2603 652 2670 scopo
697 2581 1136 2650 Lau-saunensi
1192 2585 1576 2650 commissum
1627 2583 1888 2648 mmu‘at.
1977 2581 2177 2647 Addit
2218 2580 2295 2646 de
2343 2578 2582 2658 ottone,

471 2700 580 2787 qm‘
619 2722 840 2765 nasum
886 2699 1102 2765 clerieo
1137 2701 1535 2788 praeciderit.
2262 2693 2370 2777 (M.
2404 2693 2582 2775 257.)

421 2828 744 2916 Eugenius
774 2832 1104 2919 episcopus
1134 2853 1351 2899 servus
1381 2851 1707 2899 servorum
1726 2830 1848 2899 Dei
1875 2829 2211 2896 karissimo
2242 2829 2310 2895 in
2333 2828 2582 2895 Christo

233 2945 372 3013 filio
419 2946 758 3030 G(onrado)
811 2947 1048 3016 illustri
1104 2954 1168 3016 et
1222 2948 1494 3033 glorioso
1538 2947 1963 3015 Romanorum
2019 2946 2155 3031 regi
2206 2945 2473 3012 salutem
2520 2947 2584 3011 et

237 3061 657 3152 apostolicam
699 3064 1215 3133 benedictionem.

422 3178 604 3259 Quod
645 3199 762 3267 per
789 3179 1086 3248 sublimes
1114 3178 1355 3264 legatos
1395 3185 1664 3248 matrem
1704 3184 1880 3247 tuam
1924 3182 2209 3245 sanctam
2236 3175 2584 3244 Romanam

237 3295 635 3381 aecclesiam,
680 3295 846 3363 sicut
888 3316 968 3365 ex
1010 3298 1235 3384 primis
1282 3302 1346 3365 et
1391 3297 1680 3364 secundis
1724 3296 1954 3363 litteris
2000 3293 2404 3362 excellentiae
2436 3297 2584 3360 tuae

235 3412 664 3502 percepimus,
711 3433 791 3481 ex
835 3414 1152 3480 communi
1196 3412 1456 3480 consilio
1500 3413 1860 3501 principum
1892 3412 2072 3496 regni
2105 3416 2216 3478 tua
2245 3410 2585 3478 destinavit

236 3529 552 3598 serenitas
582 3528 860 3615 visitare,
904 3534 1010 3596 ut·
1052 3549 1196 3597 cum
1241 3531 1331 3598 eis
1377 3530 1455 3600 de
1501 3535 1671 3597 statu
1716 3534 1780 3596 et
1822 3527 2199 3596 utilitatibus
2246 3527 2582 3595 aecclesiae

236 3645 366 3714 Dei
426 3664 501 3712 ac
553 3645 733 3729 regni
783 3650 1056 3713 tractam
1102 3651 1167 3713 et
1210 3646 1499 3714 ordinare
1541 3646 1892 3734 possimus,
1949 3642 2131 3712 nobis
2177 3648 2241 3711 et
2280 3644 2583 3712 fratribus

236 3761 482 3829 nostris
526 3764 778 3845 gratum
822 3766 886 3828 et
930 3767 1257 3850 acceptum
1300 3766 1415 3829 est.
1484 3761 1571 3828 Et
1600 3759 1931 3849 quoniam*
1963 3760 2303 3828 eorundem
2345 3760 2584 3845 legato-

236 3897 389 3945 rum
445 3877 935 3964 prestolaremur
987 3878 1354 3963 adventum,
1410 3883 1663 3946 nostros
1710 3898 1954 3965 quoque
1994 3877 2236 3964 legatos
2279 3878 2409 3945 iam
2452 3877 2581 3962 diu,

237 3993 412 4061 sicut
455 3993 788 4079 credimus,
835 3993 916 4060 ad
958 4001 1106 4063 tuae
1147 3994 1494 4063 nobilitatis
1537 3994 1918 4061 industriam
1959 3995 2369 4061 misissemus.
2455 3992 2582 4060 De-

238 4109 551 4178 siderium
578 4109 888 4196 siquidem
915 4114 1204 4177 nostrum
1232 4116 1348 4195 est,
1393 4116 1468 4178 ut
1497 4130 1591 4195 ea,
1633 4110 1801 4178 inter
1832 4110 2197 4178 aecclesiam
2228 4115 2292 4177 et
2317 4128 2582 4192 regnum

240 4246 410 4313 quae
457 4225 497 4293 a
538 4225 1082 4314 predecessoribus
1126 4227 1361 4293 nostris
1404 4232 1471 4296 et
1512 4227 1637 4294 tuis
1684 4232 1922 4295 statuta
1964 4232 2130 4311 sunt,
2175 4227 2342 4292 inter
2373 4245 2489 4291 nos
2519 4229 2586 4292 et

239 4342 643 4410 maiestatem
668 4347 848 4409 tuam
873 4343 966 4409 ita
985 4341 1257 4409 Domino
1290 4343 1631 4411 auxiliante
1655 4341 2003 4427 firmentur,
2035 4341 2327 4430 quatinus
2353 4361 2586 4429 sponsa

241 4459 369 4526 Dei
414 4459 788 4527 universalis
834 4459 1137 4528 aecclesia
1179 4479 1291 4527 suo
1336 4459 1474 4530 iure
1518 4460 1729 4547 quiete
1769 4459 2046 4545 fruatur,
2095 4458 2434 4546 imperium
2476 4458 2584 4527 de-

391 4595 434 4630 t.
475 4585 525 4631 ct
552 4602 594 4632 c.
714 4585 763 4632 b.
792 4587 862 4634 εἰσ
893 4586 1024 4642 cod-,-
1058 4603 1120 4633 aa
1150 4584 1271 4634 nisi?

2664 986 2806 1040 1150

2618 1073 2655 1106 c.
2674 1059 2769 1105 Iun.
2786 1059 2848 1105 24

2664 2839 2802 2894 1150

2618 2914 2770 2961 c.1un.
2787 2914 2848 2960 24
