3319 5242
969 438 1265 486 wmAmr
1307 436 1635 486 uprs'rom
1682 438 1786 485 126.
2430 421 2557 489 199

396 578 591 647 Grata
630 580 814 648 nobis
858 580 1040 648 valde
1086 586 1183 647 est
1225 585 1291 648 et
1320 580 1594 647 iocunda
1624 600 1702 647 ea
1728 600 1942 647 rerum
1971 581 2387 667 oportunitas,
2435 602 2557 668 que
2595 587 2736 642 1148

250 696 400 764 nobis
449 697 815 764 facultatem
870 697 1338 781 subministrat,
1402 702 1476 764 ut
1528 702 1775 764 vestrae
1831 697 2229 764 universitati
2284 699 2556 766 scribere

245 813 409 880 immo
462 834 611 880 vero
669 819 971 899 tanquam
1026 833 1170 880 cum
1227 813 1627 901 presentibus
1686 812 1958 899 colloqui
2003 819 2066 881 et
2111 813 2403 882 affectum
2447 815 2557 882 de-

243 949 501 1016 promere
545 929 897 1012 valeamus3
946 935 1011 997 et
1050 950 1126 997 ea
1153 930 1335 997 nobis
1365 930 1635 997 materia
1662 929 1971 997 illustrior
2001 935 2098 996 est
2127 936 2191 998 et
2220 931 2555 1018 acceptior,

224 3486 489 3559 decorem
533 3513 662 3559 nou
707 3493 986 3559 cessatis.
1058 3492 1293 3571 Quodsi
1336 3493 1503 3559 inter
1537 3513 1647 3559 vos
1691 3492 1917 3579 aliquis
1960 3493 2310 3560 discordiae
2349 3515 2547 3560 nevus

224 3613 537 3693 appareret
581 3613 646 3675 et
688 3629 799 3675 vos
846 3608 1058 3695 aliqua
1100 3610 1454 3676 novitatum
1500 3609 1836 3677 ambitiosa
1879 3610 2126 3677 macula
2172 3610 2547 3695 sordidaret,

220 3740 330 3788 non
372 3725 640 3792 dicimus
686 3744 986 3810 crescere,
1033 3731 1130 3792 set
1174 3746 1253 3791 ne
1299 3730 1467 3792 stare
1514 3726 1769 3811 quidem
1812 3728 2103 3812 possetis.
2252 3726 2546 3794 Ceterum

222 3840 369 3921 quod
414 3842 491 3909 de
535 3841 811 3909 utilitate
856 3842 1174 3908 communi
1215 3847 1504 3908 nostrum
1550 3841 1884 3909 consilium
1930 3847 1993 3909 et
2035 3843 2404 3910 mandatum
2435 3865 2544 3911 ex-

219 3959 521 4043 poematis,
572 3978 702 4024 non
746 3958 1132 4025 arbitramur
1173 3958 1409 4025 factum
1457 3979 1593 4025 esse
1639 3979 1721 4025 ex
1767 3957 2118 4026 diffidentia
2162 3960 2544 4047 impetrandi

219 4076 302 4137 set
339 4076 552 4160 potius
600 4096 679 4141 ex
726 4074 1053 4141 alacritate
1096 4074 1446 4141 obediendi.
1516 4074 1842 4161 Siquidem
1890 4076 2135 4142 animus
2169 4082 2382 4142 noster
2415 4077 2543 4142 iam

220 4204 251 4249 a
285 4185 464 4275 longo
511 4195 799 4278 tempore
845 4191 1021 4258 vobis
1069 4195 1166 4258 est
1206 4192 1595 4276 notissimuS,
1644 4192 1811 4279 quod
1856 4197 2107 4279 promta
2141 4196 2204 4257 et
2232 4190 2402 4258 facili
2433 4213 2541 4257 vo-

218 4296 465 4390 luntate,
530 4307 828 4393 quicquid
874 4329 913 4374 a
956 4308 1136 4374 laicis
1180 4313 1553 4395 extorquere
1598 4308 1949 4395 potuimu8‚
2003 4307 2231 4374 vestris
2278 4312 2341 4374 et
2383 4328 2540 4394 pau-

217 4434 416 4500 perum
461 4423 718 4507 usibus,
762 4423 975 4491 habito
1021 4444 1137 4511 pre
1182 4424 1377 4491 oculis
1424 4424 1623 4491 divini
1667 4430 1958 4511 respectu
2002 4424 2239 4509 iudicii,
2286 4430 2538 4511 coapta-

216 4532 415 4606 vimus.
490 4538 892 4608 Confidentes
947 4541 1143 4625 igitur
1196 4540 1275 4607 de
1329 4540 1720 4630 protectione
1778 4540 1994 4611 divina
2047 4545 2114 4610 et
2162 4540 2242 4610 de
2284 4546 2538 4612 nostrae
