3319 5242
716 432 849 499 320
1382 449 1679 498 wmanm
1720 447 2094 498 EPISTOLAE
2135 448 2242 495 ποι.
2277 447 2384 494 m.

540 596 679 652 1149
716 591 1131 659 abduxerunt.
1222 590 1401 670 Quod
1455 611 1599 659 cum
1655 590 1857 657 adhuc
1908 591 1978 657 in
2023 589 2384 658 Stabulensi
2427 590 2816 657 monasterio
2858 589 3042 675 positi

540 670 668 733 ΒΨ
716 708 1241 793 cognovissemus,
1285 707 1627 794 plurimum
1673 727 1751 774 ex
1796 708 2005 773 animo
2051 706 2383 792 doluimus,
2427 707 2706 773 maxime
2736 724 2881 772 cum
2909 725 3045 793 pre-

717 824 887 892 dicta
929 824 1164 891 femina
1207 829 1272 892 et
1316 824 1449 891 eius
1494 824 1771 891 fautores
1815 844 1930 912 per
1970 828 2171 890 totam
2198 828 2436 890 terram
2465 822 2921 911 predicassent,
2965 821 3044 905 id,

719 941 885 1026 quod
926 941 1162 1007 factum
1206 945 1371 1026 erat,
1432 947 1647 1008 vestra
1690 944 1935 1025 gestum
1978 939 2174 1007 fuisse
2216 939 2570 1023 voluntate3
2618 938 2785 1025 quod
2826 959 2946 1006 nos
2989 942 3049 1004 et

720 1077 935 1123 omnes
980 1056 1225 1124 honesti
1266 1057 1391 1123 viri
1422 1047 1816 1143 nequaquam
1846 1058 2099 1124 credere
2127 1056 2466 1144 potuimus,
2538 1055 2885 1142 Siquidem,
2933 1054 3048 1121 cle-

718 1173 1106 1241 mentissime
1149 1192 1326 1241 cesar
1340 1222 1359 1257 ,
1402 1172 1580 1240 iussu
1624 1179 1834 1241 vestro
1882 1193 1955 1241 ac
1997 1173 2228 1240 iudicio
2272 1174 2634 1260 principum
2675 1176 3048 1256 vesu-orum,

717 1310 1090 1374 magnorum
1146 1290 1362 1375 utique
1432 1295 1496 1356 et
1549 1289 1891 1356 multorum
1945 1290 2254 1375 virorum,
2314 1310 2432 1377 per
2487 1288 2807 1378 privilegii
2856 1287 3051 1357 vestri

721 1406 1140 1492 donationem,
1179 1427 1295 1493 per
1326 1407 1717 1473 auctoritatis
1746 1411 1993 1474 vestrae
2021 1406 2285 1491 litteras,
2331 1401 2735 1474 Kaminatam
2762 1426 2884 1495 per
2907 1425 3052 1494 pro-

720 1523 931 1610 prium
980 1523 1262 1608 legatum
1315 1528 1594 1591 vestrum
1646 1523 2080 1608 transmissaS,
2149 1522 2662 1590 Kaminatensem
2725 1522 3053 1591 ecclesiam

720 1638 1115 1707 introivimus
1135 1636 1171 1724 ¹,
1218 1646 1282 1707 et
1321 1641 1504 1707 iuxta
1547 1640 1830 1727 precepti
1870 1640 2066 1707 vestri
2108 1645 2393 1706 tenorem
2448 1639 2730 1707 divinam
2771 1639 2869 1708 ibi
2909 1636 3052 1708 reli-

722 1755 991 1841 gionem,
1024 1757 1062 1823 a
1088 1756 1306 1823 multis
1336 1757 1623 1843 inpediti,
1657 1747 2000 1824 reformare
2030 1756 2478 1823 inchoavimus.
2548 1756 2667 1823 Illa
2691 1775 2866 1841 vero,
2896 1776 3054 1843 quae

724 1871 1042 1939 abbatissa
1085 1873 1211 1939 dici
1253 1893 1369 1940 nec
1413 1874 1600 1941 debet
1641 1894 1760 1941 nec
1802 1878 2030 1961 potest,
2078 1893 2193 1959 pro
2241 1893 2313 1940 eo
2361 1872 2528 1960 quod
2569 1892 2691 1940 nec
2726 1874 2799 1940 in
2825 1872 3057 1941 sancti-

723 1988 1061 2054 monialem
1102 2009 1221 2057 nec
1261 1990 1331 2055 in
1379 1989 1763 2057 abbatissam
1808 1989 1886 2056 ab
1931 1987 2059 2055 ullo
2105 1989 2399 2077 episcopo
2444 1989 2654 2057 velata
2696 1988 2793 2057 vel
2843 2008 3058 2042 mnan-

725 2109 900 2172 crata
940 2105 1063 2172 fuit
1107 2110 1171 2172 et
1212 2106 1619 2193 professionis
1671 2126 1819 2173 suae
1860 2103 2145 2171 habitum
2173 2106 2412 2173 tociens
2439 2107 2509 2172 in
2537 2107 2786 2190 nigrum

725 2220 943 2287 didum
984 2226 1187 2288 mutat
1230 2226 1295 2288 et
1339 2222 1560 2307 abicit,
1618 2241 1783 2288 anno
1836 2221 1969 2287 sere
2026 2222 2270 2307 integro
2327 2228 2663 2309 antequam
2705 2243 2786 2309 pr

722 2336 929 2405 locum
972 2339 1350 2405 intraremus
1393 2359 1509 2425 per
1552 2338 1830 2423 legatum
1875 2337 2088 2404 domni
2124 2358 2328 2425 papae
2370 2335 2690 2426 deposita²
2720 2344 2786 2405 et

725 2459 944 2520 vocato
1002 2461 1067 2521 et
1119 2454 1637 2522 ministerialibus
1683 2454 2234 2522 Kaminatensibus
2292 2455 2370 2522 de
2419 2454 2556 2523 loco
2600 2455 2864 2542 tui-pitu
2914 2492 3057 2542 pm-

724 2569 889 2637 iecta
898 2565 943 2655 ⁸,
989 2589 1133 2638 cum
1175 2570 1373 2638 nollet
1405 2570 1678 2657 obedire,
1725 2571 1863 2638 fuit.
2046 2569 2461 2659 Quapropter,
2507 2572 2770 2658 genibus
2814 2576 3056 2640 vestrae

726 2685 1077 2754 maiestatis
1126 2690 1339 2755 animo
1386 2687 1686 2773 advoluti,
1722 2688 2131 2755 clementiam
2172 2694 2449 2756 vestram
2493 2688 2816 2756 humiliter
2858 2688 3056 2776 inplo-

728 2824 962 2889 ramus,
993 2809 1084 2889 ut,
1117 2825 1428 2873 memores
1459 2815 1619 2872 non·
1649 2805 1834 2892 parvi
1863 2805 2148 2891 obsequii
2176 2806 2378 2872 nostri
2409 2811 2472 2873 et
2500 2826 2627 2872 non
2656 2825 2892 2892 parvae
2917 2803 3056 2870 fidei

730 2924 1002 3004 nostrae,
1049 2941 1237 3006 quam
1281 2922 1459 2989 vobis
1507 2928 1572 2988 et
1599 2942 1793 3006 regno
1823 2927 2033 2989 vestro
2064 2921 2378 2989 indefesso
2409 2923 2614 2989 studio
2646 2921 3053 3004 exhibuimus,

732 3055 848 3102 nos
894 3035 973 3104 ab
1017 3036 1115 3103 his
1159 3037 1408 3104 iniuriis
1456 3038 1783 3106 defensare
1828 3058 1903 3105 ac
1944 3042 2272 3126 protegere
2318 3038 2681 3124 dignemini.
2841 3037 3054 3106 Venie-

732 3171 874 3218 mus
919 3173 1190 3239 namque
1220 3153 1302 3220 ad
1330 3175 1443 3222 vos
1472 3155 1652 3222 iuxta
1685 3159 2055 3242 preceptum
2082 3159 2363 3222 vestrum
2391 3155 2779 3241 Aquisgrani
2807 3154 2876 3222 in
2901 3153 3054 3221 nati·-

732 3269 928 3336 vitate
973 3269 1233 3337 Domini
1241 3266 1285 3355 ⁴,
1333 3277 1398 3339 et
1441 3272 1498 3337 si
1542 3271 1695 3357 quid
1738 3271 2041 3338 omissum
2085 3276 2183 3339 est
2226 3272 2265 3339 a
2307 3270 2821 3358 Corbeiensibus,
2864 3277 3053 3339 totum

731 3383 803 3450 in
846 3385 1053 3470 gratia
1094 3392 1308 3454 vestra
1347 3387 1717 3455 remanebit.

739 3569 916 3641 202.
952 3571 1269 3641 Wibaldus
1312 3576 1675 3642 Heinricum
1727 3577 1937 3662 reyiae
1993 3578 2203 3642 euriae
2258 3577 2570 3641 notarium
2624 3574 2935 3654 hortatur,
2991 3582 3052 3636 ut

956 3683 1074 3748 sibi
1118 3681 1354 3771 afflicto
1402 3684 1705 3749 auxilium
1735 3683 1931 3771 serat.
2743 3679 2854 3762 (M.
2889 3676 3048 3757 201.)

519 3831 657 3887 1149
912 3812 1136 3881 Frater
1180 3812 1553 3898 W(ibaldus)
1600 3815 1723 3882 Dei
1767 3815 1974 3899 gratia
2013 3814 2111 3898 id,
2159 3814 2326 3901 quod
2370 3819 2466 3882 est
2508 3814 2575 3881 in
2621 3812 2920 3882 aecclesia
2959 3830 3048 3877 ca-

475 3904 575 3953 ⁰⁰²·
589 3905 704 3952 Μ’·
735 3927 989 4014 tholica,
1023 3929 1248 3997 dilecto
1278 3931 1462 3997 fratri
1494 3937 1557 3998 et
1588 3930 1788 3997 amico
1821 3951 1934 3997 suo
1966 3929 2310 4016 H(einrico)
2341 3931 2551 4016 regiae
2582 3930 2794 3998 curiae
2823 3926 3047 3997 notario

737 4046 1234 4114 benedictionem
1279 4052 1343 4113 et
1385 4048 1585 4113 vitam
1627 4067 1826 4133 usque
1868 4047 1938 4113 in
1983 4047 2279 4114 seculum.

912 4161 1274 4230 Eruditioni
1317 4167 1463 4229 tuae
1509 4162 1883 4249 aliquotiens
1928 4163 2345 4248 iniunximus,
2402 4168 2475 4229 ut
2523 4162 2768 4229 litteras
2821 4165 3046 4229 nostras

738 4278 990 4345 domino
1046 4284 1263 4345 nostro
1316 4278 1452 4363 regi
1506 4279 1913 4346 transmissas
1983 4279 2064 4346 ad
2129 4281 2429 4377 verbum¹⁸
2458 4299 2838 4368 exponeres,
2903 4272 3047 4365 quod

881 4407 922 4441 a.
963 4407 1056 4441 non
1087 4395 1273 4442 addidi.

881 4471 932 4526 1.
971 4471 1109 4527 1147
1136 4471 1328 4543 Febr.;
1353 4486 1410 4528 v.
1433 4469 1736 4543 Chronogr.
1761 4472 2079 4530 corbeiens.
2103 4489 2270 4545 supra
2293 4474 2454 4544 p.v55.
2567 4473 2622 4529 2.
2658 4487 2707 4530 c.
2733 4472 2893 4529 Mart.
2909 4469 3044 4528 1146.

740 4559 794 4616 3.
828 4559 885 4615 d.
912 4560 981 4616 15
1015 4560 1159 4615 Iunii
1196 4563 1351 4617 1146.
1492 4562 1544 4617 4.
1583 4562 1654 4617 25
1688 4562 1822 4618 Dec.
1857 4563 2012 4619 1149.
