3319 5242
738 397 866 462 146
1435 409 1735 457 wmALm
1775 406 2149 457 ammonas
2190 403 2267 453 00.
2296 401 2373 451 70.

526 562 572 681 cl
580 561 687 682 113ss
735 554 1079 622 testimonii
1134 558 1198 620 et
1253 554 1322 619 in
1373 551 1685 619 catholica
1728 550 2032 618 aecclesia
2072 548 2233 615 bene
2276 544 2702 626 hominatum,
2767 560 2960 627 quem
3004 536 3086 607 ad

734 787 1073 874 prudentia
1127 791 1191 853 et
1246 785 1561 852 industria
1614 783 1962 870 plurimum
2006 778 2397 847 confidimus.
2468 776 2888 843 Obsecramus
2934 792 3087 856 ergo

735 905 1183 990 paternitatem
1236 907 1545 985 vestram,
1606 899 1904 985 quatinus
1961 917 2106 963 eum
2162 896 2231 961 in
2286 893 2419 960 suis
2477 890 2900 979 peticionibus
2960 887 3088 956 cle-

734 1025 979 1087 menter
1033 1018 1418 1102 exaudiatis,
1478 1021 1543 1084 et
1597 1016 1898 1103 precipue
1954 1033 2072 1099 pro
2130 1009 2433 1079 aecclesia
2488 1005 2960 1088 Kaminatensi3
3018 1005 3089 1071 in

735 1157 860 1221 qua
904 1141 967 1203 et
1010 1135 1263 1201 divinae
1307 1133 1632 1217 religionis
1678 1130 1938 1214 culm,
1985 1128 2161 1195 cuius
2198 1129 2267 1192 in
2297 1126 2516 1194 eadem
2548 1122 2854 1192 aecclesia
2882 1107 3090 1189 mul‘ta

733 1251 1117 1336 negligentia
1158 1251 1385 1333 fuerat,
1434 1255 1737 1334 tanquam
1780 1248 1880 1314 vir
1919 1244 2251 1329 religiosus
2293 1262 2367 1310 ac
2405 1241 2683 1329 prudens
2712 1239 3090 1307 reformavit

733 1374 798 1437 et
850 1368 1090 1436 reditus
1149 1386 1225 1434 ao
1276 1366 1739 1453 possessiones,
1799 1383 1953 1450 quas
2000 1360 2283 1429 eiusdem
2325 1357 2698 1426 monasterii
2740 1355 3087 1438 abbatissa,

730 1484 969 1553 femina
1011 1504 1141 1550 non
1184 1482 1335 1550 boni
1381 1482 1549 1568 apud
1580 1501 1696 1548 nos
1725 1478 2095 1562 testimonii,
2140 1482 2290 1564 post
2317 1475 2419 1542 sui
2448 1472 2909 1562 depositionem
2940 1491 3086 1538 cum

729 1602 909 1668 vanis
958 1605 1021 1667 et
1066 1596 1397 1686 superfluis
1442 1597 1804 1664 hominibus
1851 1594 2272 1680 dissipaverat
2316 1596 2381 1659 et
2422 1590 2731 1658 militibus
2775 1590 2846 1654 in
2891 1589 3086 1656 bene·-

728 1716 870 1784 ficio
917 1719 1331 1799 concesserat,
1385 1718 1691 1800 tanquam
1734 1711 1834 1779 vir
1878 1717 2173 1784 strenuus
2217 1709 2349 1776 fere
2396 1708 2477 1774 ad
2521 1708 2838 1791 integrum
2883 1703 3087 1772 recol·

727 1833 884 1917 legit
941 1839 1005 1899 et
1059 1830 1440 1898 utilitatibus
1497 1829 1868 1897 monasterii
1910 1826 2208 1895 restituit.
2280 1824 2444 1892 Huic
2489 1844 2635 1909 ergo
2680 1822 2925 1889 homini
2973 1821 3088 1887 ha-

728 1949 935 2016 benti·
992 1948 1199 2015 zelum
1255 1947 1376 2014 Dei
1431 1953 1735 2033 tanquam
1789 1945 1935 2031 pius
1991 1949 2055 2010 et
2107 1943 2384 2010 clemens
2442 1946 2627 2027 pater
2681 1938 2967 2005 assistite
3025 1943 3089 2005 et

727 2065 997 2150 labores,
1058 2085 1213 2151 quos
1258 2064 1408 2131 fecit
1450 2064 1521 2129 in
1567 2061 1871 2130 aecclesia
1915 2060 2057 2144 Dei,
2111 2064 2324 2126 vestra
2369 2057 2741 2124 auctoritate
2785 2055 3087 2122 corrobo—

727 2181 896 2264 rate3
954 2183 1074 2248 hoc
1118 2181 1341 2267 procul
1386 2180 1574 2246 dubio
1620 2178 1912 2262 scientes,
1968 2178 2137 2262 quod
2180 2177 2468 2259 mutatio,
2516 2193 2677 2260 quae
2721 2172 2790 2237 in
2830 2171 3087 2257 prefato

728 2299 1111 2366 monasterio
1170 2298 1340 2364 facta
1398 2301 1525 2380 est,
1583 2294 1874 2361 omnibus
1931 2293 2243 2378 religiosis
2299 2297 2506 2359 terrae
2549 2294 2805 2355 nostrae
2847 2287 3087 2375 placet,

727 2415 828 2482 his
875 2420 1108 2500 autem,
1157 2414 1267 2500 qui
1308 2412 1546 2479 ibidem
1589 2411 1863 2495 fuerant,
1910 2430 2103 2477 causa
2141 2389 2646 2494 irrelegiositatis
2690 2402 3008 2492 displicet.

735 2629 857 2700 70.
907 2631 1214 2698 Henricus
1260 2631 1390 2695 dux
1438 2627 1761 2694 Saxoniae
1801 2625 2089 2714 Euqem'o
2122 2626 2236 2691 III
2253 2648 2475 2714 papae
2519 2621 2868 2689 Wibaldum
2913 2644 3085 2687 com-

907 2749 1175 2813 mendat.
2800 2734 2910 2818 (Μ.
2942 2736 3084 2817 58.)

535 2886 672 2942 1147
909 2880 1360 2947 Sacrosanctae
1403 2876 1724 2943 Romanae
1770 2872 2110 2942 aecclesiae
2169 2892 2413 2939 summo
2466 2868 2751 2957 pontifici
2791 2868 3084 2954 Eugenio

516 2975 556 3007 ε’
583 2961 694 3008 ⁰²⁴²
729 2995 1039 3064 Henricus
1095 2996 1223 3062 dux
1271 2993 1585 3061 Saxoniae
1640 2996 1975 3079 promptae
2032 2995 2096 3057 et
2153 2987 2468 3057 officiosae
2522 2987 2845 3055 servitutis
2889 2988 3086 3055 devo-

727 3114 984 3182 tionem.

907 3228 1435 3297 Commendamus
1475 3223 1846 3313 paternitati
1880 3228 2129 3290 vestrae
2161 3221 2459 3288 dilectum
2489 3220 2813 3287 dominum
2843 3239 3082 3303 meum,

580 3402 595 3417 .
728 3346 1152 3415 venerabilem
1190 3341 1585 3409 Corbeiensis
1632 3339 1931 3407 ecclesiae
1978 3338 2270 3405 abbatem
2301 3336 2682 3422 wibaldum,
2729 3356 2918 3422 quem
2962 3356 3082 3423 pro

729 3463 936 3532 causis
995 3459 1294 3528 ecclesiae
1350 3478 1501 3524 suae
1559 3456 1639 3522 ad
1695 3462 1942 3523 vestrae
2001 3454 2353 3521 maiestatis
2398 3453 2786 3540 presentiam
2829 3453 3082 3519 venisse

730 3578 1192 3664 cognoscimuS,
1256 3595 1442 3660 quem
1502 3573 1620 3639 etsi
1676 3573 1743 3638 in
1800 3577 2138 3659 conspectu
2189 3574 2400 3637 vestro
2446 3570 2715 3655 gratiam
2760 3569 3081 3635 invenisse

728 3717 858 3762 non
905 3693 1283 3776 ambigimus
1299 3741 1317 3775 ,
1379 3711 1495 3777 pro
1544 3687 1772 3755 affectu
1816 3694 2048 3772 tamen,
2098 3708 2219 3773 quo
2267 3707 2410 3754 eum
2456 3686 2807 3771 diligimus,
2861 3692 3082 3753 nostra

733 3831 980 3897 quoque
1027 3807 1569 3875 commendatione
1617 3826 1761 3871 eum
1807 3805 2265 3891 prosequimur.
2338 3803 2753 3870 Obsecramus
2786 3822 2934 3886 ergo
2963 3823 3078 3889 pa-

731 3928 1094 3995 ternitatem
1139 3930 1434 4009 vestram,
1485 3922 1781 4008 quatinus
1829 3942 1972 3988 eum
2017 3921 2085 3987 in
2131 3921 2261 3986 suis
2291 3918 2708 4006 peticionibus
2739 3918 3080 3985 clementer

732 4043 1105 4125 exaudiatis,
1153 4046 1218 4108 et
1260 4041 1560 4128 precipue
1603 4059 1720 4127 pro
1768 4037 2031 4104 ecclesia
2076 4035 2544 4118 Kaminatensi3
2590 4035 2659 4101 in
2705 4054 2830 4120 qua
2872 4040 2939 4102 et
2982 4034 3076 4100 di-

731 4161 917 4227 vinae
960 4157 1281 4242 religionis
1329 4157 1567 4223 cultum
1614 4161 1917 4240 tanquam
1961 4155 2062 4220 vir
2106 4152 2440 4238 religiosus
2487 4172 2561 4219 ac
2605 4152 2835 4218 timens
2872 4150 3076 4217 Deum

729 4277 1128 4359 reformavit,
1190 4281 1254 4340 et
1307 4275 1508 4360 ipsius
1569 4272 1867 4338 ecclesiae
1912 4271 2136 4357 predia
2181 4290 2256 4335 ac
2297 4270 2754 4356 possessiones,
2812 4288 2931 4354 que
2973 4265 3074 4332 Iu-

728 4394 909 4461 ditha
955 4391 1275 4458 abbatissa
1320 4388 1712 4457 adiutoribus
1758 4393 1822 4454 et
1868 4386 2255 4453 amatoribus
2286 4387 2417 4453 suis
2446 4390 2595 4474 post
2623 4383 3074 4470 depositionem

875 4548 918 4583 a.
961 4534 1201 4582 habentem
1233 4551 1274 4580 c.

735 677 984 738 nostras
1039 676 1255 757 partes
1311 668 1648 736 accessisse
1696 667 2034 734 admodum
2078 662 2422 748 gaudemus
2437 711 2456 744 ‚
2514 663 2735 745 utpote
2779 656 2859 723 de
2904 657 3086 722 cuius
3205 655 3208 658 ’
