3319 5242
577 625 712 680 1151

590 701 702 759 Apr.

616 3426 724 3474 nai.

748 461 885 528 470
1505 477 1809 526 mum
1850 476 2183 526 nrrs‘rom
2228 476 2339 524 34⁰.

747 619 864 686 filii
919 620 1204 707 prefatae
1260 618 1594 687 ecclesiae·
1639 618 2074 686 clamaverunt
2127 619 2210 686 ad
2253 613 2605 686 Dominum
2655 638 2805 687 curn
2846 618 3099 686 tribula·

749 741 990 821 rentur,
1036 742 1110 803 ut
1153 737 1232 804 de
1274 736 1761 804 necessitatibus
1807 736 1938 814 suis
1987 736 2264 823 eriperet
2308 756 2417 802 eos
2434 731 2469 801 ¹.
2539 735 2822 814 Quorum
2855 735 3102 802 devotas

746 871 968 940 preces
1012 853 1184 920 Deus
1230 874 1311 920 ex
1356 853 1570 920 abdito
1615 853 2090 920 misericordiae
2137 872 2289 919 suae
2349 852 2727 936 exaudiens,
2785 852 2974 919 misit
3023 852 3103 919 eis

749 970 1049 1056 spiritum
1093 969 1540 1037 consolationis
1587 974 1652 1035 et
1693 969 2154 1053 unanimitatis,
2200 973 2275 1035 ut
2302 969 2446 1055 pari
2476 974 2623 1036 voto
2654 968 2931 1056 parique
2974 959 3104 1035 sen-

749 1086 953 1153 tentia
996 1090 1061 1152 et
1103 1104 1381 1153 consona
1425 1086 1709 1152 omnium
1754 1085 2207 1152 acclamatione
2253 1085 2561 1169 eligerent
2605 1085 2728 1152 sibi
2760 1085 2831 1150 in
2862 1090 3105 1172 patrem

751 1207 817 1270 et
869 1207 1194 1290 pastorem
1252 1202 1608 1268 animarum
1665 1221 1925 1267 suarum
1978 1206 2044 1268 et
2099 1201 2425 1268 dominum
2484 1199 2885 1267 Coloniensis
2942 1201 3108 1268 urbis

750 1317 1136 1403 Arnoldum,
1186 1318 1471 1385 eiusdem
1512 1316 1727 1384 urbis¹³
1770 1317 2078 1384 maiorem
2121 1318 2517 1405 prepositum
2531 1367 2549 1401 ,
2595 1322 2859 1384 nostrae
2906 1319 3110 1384 curiae

750 1435 1228 1519 cancellarium,
1283 1454 1402 1521 pro
1460 1454 1533 1500 eo
1591 1433 1761 1520 quod
1817 1432 1953 1500 eius
2009 1433 2273 1500 scientia
2317 1439 2383 1500 et
2424 1432 2753 1501 honestate
2800 1453 2953 1500 cum
2997 1432 3110 1501 Dei

752 1552 1067 1619 adiutorio
1114 1556 1179 1618 et
1223 1557 1436 1617 vestra
1478 1550 1916 1618 benedictione
1963 1569 2037 1616 ac
2075 1555 2293 1617 nostro
2333 1550 2617 1638 presidio
2659 1552 3015 1637 sperabant
3056 1557 3113 1618 et

750 1688 974 1756 pacem
1017 1668 1087 1734 in
1130 1671 1306 1734 terra
1346 1667 1631 1734 revocari
1677 1671 1742 1733 et
1768 1665 2104 1734 latrocinia
2134 1666 2452 1734 coherceri
2482 1672 2547 1733 et
2572 1667 2919 1734 reformari
2945 1668 3112 1752 leges

754 1790 820 1851 et
861 1784 1184 1851 honestari
1228 1801 1455 1850 mores.
1548 1783 1694 1870 Ipse
1739 1788 1954 1850 autem
1996 1783 2169 1850 ultra
2210 1783 2590 1850 humilitatis
2620 1789 2687 1851 et
2715 1783 3113 1851 obedientiae

752 1899 1004 1984 regulas
1051 1904 1150 1966 et⁶
1179 1899 1567 1967 reclamabat
1611 1904 1677 1966 et
1719 1899 2130 1984 renitebatur,
2178 1919 2294 1986 pro
2339 1898 2498 1966 hoc·¹
2528 1900 2695 1985 quod
2743 1899 2826 1966 ad
2868 1905 3113 1966 tantas·

756 2022 822 2083 et
863 2022 996 2083 tam
1041 2015 1422 2103 multiplices
1466 2016 1687 2081 ruinas
1729 2016 1901 2081 intus
1945 2021 2010 2081 et
2036 2016 2192 2082 foris
2220 2015 2656 2082 resarciendas
2687 2036 2758 2083 se
2786 2015 3111 2083 infirmum

756 2138 821 2199 et
865 2131 1135 2200 debilem
1183 2133 1640 2214 arbitrabatur3
1703 2136 1797 2216 et,
1846 2152 1983 2198 sese
2026 2133 2191 2198 mori
2237 2131 2426 2198 malle
2470 2131 2575 2198 vel
2617 2131 2686 2198 in
2728 2139 3109 2220 perpetuum

755 2249 1010 2316 exulare
1026 2248 1062 2334 ¹,
1111 2269 1303 2334 quam
1346 2254 1617 2315 matrem
1663 2268 1844 2314 suam
1876 2268 1943 2314 se
1971 2248 2216 2335 prelato
2263 2247 2342 2313 ab
2386 2247 2694 2335 improbis
2722 2248 2994 2316 lacerari
3035 2270 3110 2316 ac

752 2366 1035 2433 subverti
1046 2376 1090 2448 ⁸,
1146 2365 1636 2452 protestabatur.
1731 2364 2120 2432 Irruentibus
2164 2365 2380 2449 itaque
2437 2364 2506 2430 in
2553 2384 2698 2431 eum
2751 2369 2889 2432 tam
2944 2365 3106 2432 clero

755 2499 949 2568 quam
976 2480 1302 2548 honoratis
1332 2486 1398 2548 et
1428 2481 1684 2568 populo,
1715 2486 1956 2549 tractus
1988 2484 2087 2548 est
2112 2481 2181 2547 in
2213 2480 2583 2547 aecclesiam
2601 2478 2942 2563 violenter3
2971 2501 3105 2566 nec,

755 2618 932 2665 more
976 2597 1080 2666 vel
1126 2597 1346 2665 ordine
1390 2618 1504 2665 suo
1550 2597 1852 2682 renitens,
1897 2596 2275 2665 intronizari
2317 2597 2559 2685 potuit,
2606 2597 2819 2666 dicens
2829 2597 2877 2683 ¹¹,
2920 2597 3104 2665 huius

755 2715 1004 2782 consilii
1050 2720 1115 2781 et
1155 2715 1251 2781 rei
1297 2735 1610 2781 summam
1668 2734 1869 2799 usque
1913 2714 1995 2781 ad
2038 2719 2289 2781 vestrae
2344 2713 2736 2781 celsitudinis
2783 2736 3104 2781 assensum

757 2835 823 2899 et
848 2831 1195 2898 iussionem
1227 2831 1319 2897 se‘
1349 2830 1512 2897 velle
1557 2829 1829 2897 differre.
1974 2830 2418 2899 Accessimus¹
2450 2831 2729 2916 interim,
2774 2830 2969 2897 nichil
2998 2832 3103 2897 ad·

754 2947 880 3016 huc
925 2947 1003 3014 de
1049 2948 1226 3015 obitu
1258 2947 1561 3014 antistitis
1602 2947 1776 3014 illius
1818 2947 2144 3015 audientes
2157 2946 2203 3032 ¹¹,
2251 2946 2333 3013 ad
2380 2966 2486 3014 eas
2529 2951 2744 3033 partes
2773 2945 3103 3014 Lotharin·

756 3063 899 3147 giae
944 3063 1025 3130 ad
1068 3064 1507 3151 reprimendos
1549 3068 1761 3131 motus
1807 3063 2063 3131 bellicos
2110 3068 2175 3130 et
2201 3062 2613 3130 vindicandas
2648 3062 2968 3130 latronum
3010 3065 3101 3130 in·

758 3180 1113 3264 cursiones,
1175 3180 1282 3267 qui
1326 3186 1528 3247 totam
1575 3181 1977 3268 episcopatus
2021 3179 2193 3246 illius
2249 3179 2571 3263 regionem
2616 3180 2862 3267 rapinis
2906 3186 2972 3248 et
3010 3182 3099 3246 in-

758 3296 999 3363 cendiis
1043 3297 1574 3383 perturbaverant
1626 3302 1693 3363 et
1745 3295 2190 3383 inreparabilis
2246 3301 2422 3362 metu
2464 3296 2839 3363 vastationis
2886 3302 3101 3363 cuncta

758 3411 1249 3498 compleverant.
1295 3413 1574 3499 Ingressi
1594 3413 1772 3480 vero¹
1800 3413 2022 3480 urbem
2045 3410 2480 3480 Coloniensem
2506 3449 2590 3459 -—
2619 3433 2780 3498 quae
2807 3417 2946 3480 tota
2974 3418 3099 3481 erat

758 3533 1060 3594 coronata
1103 3530 1332 3613 gaudio
1389 3551 1502 3618 spe
1561 3536 1625 3596 et
1682 3529 2009 3596 alacritate
2059 3533 2195 3595 tam
2246 3529 2566 3596 unanimis
2610 3530 2679 3596 in
2721 3534 2860 3596 tam
2904 3529 3096 3597 excel-

756 3644 991 3711 lentem
1037 3666 1378 3732 personam
1423 3646 1747 3714 electionis
1794 3650 1860 3713 et
1901 3649 2120 3712 nostro
2166 3644 2357 3712 celeri
2391 3646 2716 3733 inopinato
2730 3655 2769 3683 ¹⁸¹
2800 3647 2986 3732 quasi
3014 3646 3095 3712 di-

757 3762 906 3831 vino
937 3768 1096 3829 nutu
1128 3764 1208 3829 ad
1240 3762 1505 3830 eandem
1534 3784 1670 3830 rem
1701 3760 2195 3829 confirmandam
2217 3761 2492 3830 adventu
2515 3798 2599 3808 -
2625 3768 2970 3848 coegerunt
2994 3782 3095 3829 nos

758 3878 1059 3947 electores
1089 3879 1389 3963 religiosa
1419 3878 1693 3964 quadam
1727 3883 1791 3945 et
1816 3877 2043 3945 humili
2071 3877 2392 3964 violentia,
2419 3899 2457 3944 a
2478 3878 2853 3965 principali¹¹
2876 3879 3094 3961 aeccle-

758 3996 857 4062 sia
909 3996 1080 4063 beati
1124 3995 1299 4062 Petri
1355 3995 1664 4082 principis
1721 3993 2179 4082 apostolorum,
2236 3994 2304 4060 in
2361 4015 2488 4080 qua
2541 4014 2717 4062 more
2760 3996 2941 4080 reg-io
2985 3995 3094 4063 sol·

756 4111 1096 4199 lempniter
1127 4111 1407 4198 suscepti
1436 4132 1710 4197 eramus,
1739 4132 1867 4178 non
1906 4111 2247 4195 discedere,
2295 4111 2494 4179 donec
2524 4110 2896 4179 electionem
2924 4132 3093 4179 cano-

903 4268 945 4302 a.
984 4254 1189 4315 prefatae
1228 4253 1449 4300 ecclesiae
1488 4271 1576 4301 em.
1607 4256 1652 4300 2.
1820 4254 1868 4300 b.
1911 4253 2160 4301 ucdesiae
2190 4256 2235 4301 2.
2401 4268 2440 4301 c.
2483 4256 2531 4300 et
2560 4270 2646 4300 σει.
2679 4255 2722 4300 1.
2889 4254 2937 4301 d.
2976 4227 3029 4301 eo
3058 4254 3093 4298 l.

758 4349 800 4381 e.
841 4336 993 4382 tentas
1034 4336 1079 4380 2.
1244 4333 1279 4380 f.
1322 4334 1494 4381 uului
1525 4336 1571 4381 2.
1727 4347 1770 4392 g.
1813 4333 2043 4381 substerni
2086 4335 2130 4380 1.
2294 4333 2343 4380 h.
2384 4334 2551 4381 decens
2585 4336 2629 4380 2.
2795 4334 2830 4380 i.
2874 4348 2925 4381 se
2957 4351 3037 4381 0-
3058 4334 3092 4377 1.

756 4414 804 4461 k.
846 4413 1239 4461 Descenderamns
1277 4416 1388 4460 tnnc
1429 4414 1455 4459 1
1492 4429 1578 4472 pm
1618 4414 1909 4460 Accessimus
1947 4437 1997 4446 --
2032 4414 2287 4461 audientes.
2440 4413 2474 4459 1.
2516 4426 2624 4471 ergo
2658 4414 2700 4459 1.
2860 4428 2922 4460 ιι.
2962 4412 3091 4472 inopi·

757 4496 866 4541 nato
905 4517 954 4525 —-
991 4495 1105 4539 nutu
1137 4511 1222 4540 om.
1246 4495 1290 4539 1.
1413 4507 1460 4539 n.
1489 4492 1662 4553 templo
1693 4493 1742 4539 in
1773 4507 1863 4553 quo
1896 4495 1920 4538 1
1951 4511 2039 4554 pro
2071 4508 2099 4540 a
2128 4492 2372 4554 principali
2409 4517 2457 4525 —
2495 4491 2823 4552 sollempniter.

903 4588 950 4642 1.
989 4588 1304 4656 Ps.106‚e.
