3319 5242
736 395 868 462 538
1493 412 1794 460 wmanm
1834 412 2165 461 musa-ona
2207 411 2318 459 408.

530 559 667 617 1152
735 574 852 621 nec
890 554 1080 638 facto,
1119 544 1290 620 'sicut
1320 552 1445 620 alia
1486 554 1624 621 vice
1668 553 1904 622 factum
1950 559 2078 639 est,
2122 553 2328 641 possit
2368 553 2630 641 impune
2672 554 2931 621 tractari
2970 554 3062 622 vel

491 633 616 694 ΒΨ
639 636 698 681 ²⁰
734 669 1039 737 aecclesia
1082 690 1196 736 sua
1239 671 1418 737 iuxta
1459 691 1803 757 pravorum
1834 672 2144 739 desideria
2174 670 2387 738 debita
2412 670 2666 736 iusticia
2693 671 3057 738 defraudari.

729 787 863 854 Nec
905 791 1090 873 putes
1134 791 1204 852 tu
1248 786 1316 852 in
1360 786 1478 853 hac
1520 806 1715 854 causa
1753 789 1934 873 quasi
1970 788 2041 853 in
2071 786 2279 854 aliena
2307 786 2857 871 dissimulandum,
2904 789 3059 873 quia,

728 903 893 970 sicut
935 903 1026 969 ait
1065 908 1283 989 poeta:

991 1017 1113 1085 Res
1158 1023 1270 1084 tua
1310 1037 1478 1085 nunc
1523 1018 1750 1104 agitur,
1796 1020 2007 1107 paries
2053 1039 2198 1087 cum
2241 1019 2570 1107 proximus
2616 1019 2816 1086 ardet.

725 1134 967 1203 Similis
992 1135 1161 1204 enim
1183 1153 1375 1201 causa
1404 1135 1531 1201 iam
1561 1135 1681 1204 tibi
1710 1136 1957 1222 peperit
1976 1136 2081 1203 vel
2107 1137 2176 1202 in
2204 1137 2494 1223 proximo
2520 1136 2733 1223 pariet
2758 1136 3058 1202 inimicos.

903 1251 1066 1318 Illud
1112 1256 1343 1334 autem,
1396 1251 1562 1336 quod
1606 1251 1676 1317 in
1720 1253 1896 1318 curia
1916 1301 1919 1306 -
1938 1251 2122 1319 Ulme
2165 1252 2382 1319 habita
2397 1249 2416 1280 ¹
2456 1251 2770 1319 malitiose
2816 1253 2887 1318 in
2932 1271 3059 1319 aee-

724 1368 1058 1436 clesiarum
1103 1367 1591 1434 destructionem
1633 1368 1882 1435 noviter
1927 1375 2024 1435 est
2063 1369 2102 1435 a
2128 1369 2307 1436 laicis
2336 1368 2785 1453 introductum,
2832 1389 3060 1454 nequa?

725 1505 915 1571 quam
960 1484 1210 1551 silentio
1255 1484 1744 1570 pretereundum
1788 1485 2071 1551 estimes:
2133 1485 2329 1569 quod,
2385 1486 2494 1571 qui
2547 1505 2665 1572 pro
2715 1485 2962 1571 rapinis
3004 1491 3063 1551 et

722 1601 1029 1669 incendiis
1074 1599 1550 1667 aecclesiasticis
1596 1600 1779 1667 bonis
1806 1600 2002 1667 illatis
2033 1600 2664 1668 excommunicationi
2689 1600 3061 1686 subduntur,

722 1737 885 1785 novo
930 1716 1162 1784 iudicio
1175 1724 1196 1749 ⁸
1243 1716 1813 1783 excommunicatos
1859 1716 2184 1801 dedicant,
2237 1717 2361 1783 nisi
2416 1718 2595 1805 prius
2647 1717 2717 1783 in
2760 1716 3063 1784 laicorum

721 1832 954 1900 iudicio
999 1832 1420 1898 damnationis
1476 1833 1791 1899 sententia
1845 1833 2170 1900 feriantur.
2246 1832 2426 1912 Quod
2479 1833 2537 1899 si
2587 1832 2752 1900 forte
2804 1838 2942 1899 tam
2996 1839 3063 1900 tu

723 1968 912 2035 quam
954 1947 1182 2015 fratres
1227 1949 1430 2014 nostri
1463 1949 1745 2035 episcopi
1773 1949 2149 2035 putaveritis
2179 1950 2637 2034 sustinendum,
2681 1948 2802 2015 hoc
2843 1947 3061 2036 procul

723 2064 911 2132 dubio
956 2064 1104 2131 inde
1148 2065 1495 2151 proveniet,
1542 2070 1614 2131 ut
1646 2064 1807 2131 nulli
1838 2067 2273 2153 episcoporum
2304 2066 2370 2132 in
2400 2064 2687 2152 partibus
2721 2064 2848 2131 illis
2876 2065 3061 2132 liceat

719 2186 939 2248 eontra
982 2179 1314 2248 cuiuslibet
1343 2180 1638 2247 facinoris
1671 2202 1850 2248 reum
1881 2181 2280 2268 disciplinam
2311 2181 2840 2271 aecclesiasticam
2885 2202 3059 2249 exer-

717 2318 879 2365 cere.
948 2296 1304 2384 Disciplina
1348 2298 1517 2364 enim
1561 2302 1880 2382 cessante,
1937 2298 2172 2384 peribit
2212 2297 2435 2384 relig-io
2479 2296 2856 2381 christiana3
2914 2297 3055 2364 reli·

716 2414 901 2499 gione
945 2419 1249 2497 cessante,
1294 2411 1530 2500 peribit
1573 2418 1637 2481 et
1680 2412 1851 2480 salus
1881 2415 2253 2480 animarum.
2430 2413 2810 2500 Eapropter,
2857 2414 3056 2482 karis-

717 2530 878 2597 sime
919 2528 1030 2614 fili,
1076 2534 1210 2595 tam
1254 2549 1444 2615 super
1488 2528 1606 2596 hoc
1650 2550 1838 2614 quam
1885 2550 2073 2616 super
2118 2529 2290 2614 aliis,
2344 2549 2487 2597 cum
2532 2529 2614 2596 ad
2656 2531 2868 2597 curias
2916 2551 3055 2597 con-

716 2648 976 2731 venitis,
1033 2666 1194 2733 quae
1237 2651 1458 2713 contra
1497 2645 1800 2713 honorem
1844 2646 1998 2732 Dei,
2053 2652 2274 2715 contra
2326 2646 2664 2715 aecclesiae
2714 2646 3055 2715 salutarem

716 2764 1028 2848 vigorem,
1086 2767 1308 2829 contra
1361 2761 1753 2829 honestatem
1810 2764 2016 2848 regni,
2083 2784 2425 2851 pravorum
2480 2763 2794 2830 malitiam
2849 2765 3055 2832 moliri

716 2879 1000 2946 videritis
1012 2878 1057 2965 ¹³,
1113 2878 1384 2945 viriliter
1440 2884 1504 2946 et
1556 2879 1940 2947 unanimiter
1991 2879 2332 2965 resistatis,
2390 2885 2463 2947 ut
2504 2884 2715 2947 vestro
2759 2880 3055 2967 prudenti

715 2996 925 3063 studio
971 3001 1036 3062 et
1080 2994 1297 3062 labore
1339 2993 1648 3062 malitiam
1703 2997 2014 3083 sapientia
2058 2997 2299 3080 vincat,
2355 2995 2757 3083 iniquitatem
2811 2997 3055 3063 iustitia

715 3117 971 3200 superet
1016 3117 1079 3177 et
1123 3110 1460 3179 aecclesiae
1487 3110 1610 3179 Dei
1654 3132 1730 3178 ac
1773 3112 1952 3196 regni
1997 3115 2197 3177 status
2226 3112 2297 3177 in
2326 3131 2440 3178 suo
2471 3112 2694 3179 decore
2720 3112 3051 3179 incolumis

714 3232 1136 3298 conservetur.

890 3345 994 3411 Ad
1037 3345 1156 3411 hec
1198 3343 1546 3411 sinceritati
1586 3349 1731 3410 tuae
1763 3343 2067 3428 quaedam
2097 3340 2513 3428 notificamus,
2559 3363 2740 3429 quae,
2783 3344 3051 3411 faciente

713 3460 1046 3543 Ar(noldo)
1093 3459 1398 3545 heretico,
1453 3459 1776 3527 rusticana
1818 3458 2087 3544 quedam
2130 3458 2317 3526 turba
2360 3459 2596 3545 absque
2638 3458 2948 3541 nobilium
2991 3466 3051 3527 et

713 3577 1023 3644 maiorum
1067 3576 1332 3644 scientia
1373 3596 1576 3663 nuper
1621 3580 1720 3642 est
1761 3575 1829 3641 in
1872 3574 2042 3643 Urbe
2083 3575 2322 3642 molita.
2398 3574 2666 3643 Circiter
2710 3576 2887 3644 enim
2930 3576 3047 3642 duo

711 3692 893 3761 milia
932 3692 1002 3758 in
1045 3712 1240 3759 unum
1284 3697 1433 3759 sunt
1475 3692 1775 3758 secretius
1820 3690 2148 3775 coniurati,
2196 3696 2260 3759 et
2302 3692 2372 3758 in
2412 3692 2719 3779 proximis
2749 3691 3045 3758 Kalendis

710 3808 1084 3878 Novembris
1115 3814 1368 3878 centum
1396 3812 1734 3895 perpetuos
1765 3812 2102 3876 sectatores
2115 3818 2136 3845 ⁶
2166 3808 2478 3876 malorum
2506 3827 2770 3896 operum
2800 3812 2867 3874 et
2895 3809 3045 3875 duos

712 3926 997 3996 consules
1029 3961 1114 3972 —
1148 3925 1308 3992 alter
1353 3944 1619 4009 quorum
1659 3924 1828 3990 infra
1856 3923 2110 4009 Urbem,
2158 3923 2318 3992 alter
2363 3930 2561 4009 extra,
2606 3924 2865 3991 illorum
2904 3944 3043 3992 cen-

708 4050 847 4110 tum
876 4042 1137 4111 consilio
1166 4042 1261 4109 rei
1290 4040 1577 4127 publicae
1607 4045 1844 4107 statum
1872 4040 2228 4128 disponant,
2256 4041 2450 4108 immo
2473 4041 2685 4128 potius
2708 4041 2939 4109 rodant
2960 4077 3038 4088 —

709 4180 907 4227 unum
937 4164 1169 4243 autem,
1216 4178 1401 4243 quem
1431 4157 1649 4224 volunt
1677 4157 2121 4244 imperatorem
2151 4157 2378 4242 dicere,
2424 4177 2638 4225 creare
2670 4157 3039 4245 disponunt;

712 4296 898 4362 quem
940 4275 1066 4342 illis
1112 4279 1394 4357 centum,
1455 4273 1696 4341 duobus
1750 4273 2107 4342 consulibus
2163 4279 2227 4341 et
2269 4274 2442 4341 omni
2481 4273 2717 4361 populo
2761 4273 3039 4342 Romano

854 4449 895 4482 a.
935 4448 1027 4482 non
1058 4435 1284 4481 acidiae«
1312 4434 1501 4480 videm.
1623 4432 1671 4480 b.
1701 4433 1871 4480 videris
1904 4451 1941 4479 c.
2068 4446 2108 4481 e.
2138 4436 2209 4482 εἰσ
2237 4438 2437 4499 cogitate
2459 4449 2545 4495 pro
2575 4434 2830 4482 semus.

853 4522 904 4577 1.
940 4519 1119 4591 spatio
1154 4520 1367 4577 dierum
1400 4519 1471 4575 28
1504 4518 1633 4576 Iulii
1667 4523 1727 4576 et
1760 4522 1793 4575 l
1828 4518 2090 4593 Augusti.
