3319 5242
1001 469 1297 516 wmALm
1339 467 1668 516 EPISTOLA
1715 466 1821 515 150.
2447 447 2578 513 243

265 607 554 675 electionis
587 610 750 676 serie
782 615 846 676 et
874 611 1235 677 sinceritate
1266 597 1513 697 plenius
1540 609 1965 693 cognovisset3
1998 608 2341 675 arbitratus
2366 607 2578 690 etiam,
2643 610 2781 666 1147

260 745 646 810 personarum
690 726 1170 793 translationem
1214 727 1293 795 de
1339 727 1641 794 aecclesia
1685 725 1768 791 ad
1813 724 2209 809 aecclesiam,
2268 723 2370 790 vel
2414 722 2580 809 quod
2613 684 2745 730 Hm
2764 684 2824 730 ³⁰

261 861 370 906 una
406 862 675 929 persona
717 843 785 909 in
830 842 1030 911 altera
1076 843 1379 911 aecclesia
1422 843 1695 930 pastoris
1740 842 1808 907 in
1855 841 2056 907 altera
2098 840 2446 908 visitatoris
2489 840 2580 905 of-

257 955 446 1023 ficium
511 959 824 1044 obtineat,
896 960 975 1026 ad
1043 980 1194 1028 suae
1260 959 1711 1026 moderationis
1769 957 2191 1043 gubernacula
2245 958 2579 1043 pertinere.

221 3284 335 3349 sub
386 3286 502 3350 die
563 3288 645 3351 10
691 3285 829 3351 Kal.
870 3285 1032 3352 Iulii.
1106 3285 1432 3371 Siquidem
1489 3287 1870 3352 reverendus
1927 3306 2001 3351 ac
2056 3285 2201 3371 pius
2255 3289 2439 3371 pater
2483 3303 2596 3348 no·
2629 3296 2725 3341 Iun.
2749 3297 2809 3342 22

218 3407 425 3466 stram
489 3401 880 3487 parvitatem
926 3400 1179 3487 publica
1221 3402 1582 3468 laudatione
1626 3402 1926 3488 prosequi
1971 3401 2264 3484 dignatus
2311 3406 2408 3466 est
2450 3420 2596 3465 nos-

221 3535 341 3600 que
391 3516 826 3603 amplissimis
871 3517 1082 3582 verbis
1130 3517 1299 3603 apud
1344 3517 1591 3600 ignotos
1633 3518 2115 3601 commendavit,
2163 3517 2470 3582 mandans
2508 3516 2599 3582 le-

217 3633 386 3713 gatis
439 3639 514 3717 et
566 3653 680 3718 per
722 3633 896 3718 ipsos
943 3632 1256 3716 omnibus,
1302 3638 1375 3699 ut
1417 3654 1532 3699 nos
1565 3640 1870 3719 tanquam
1902 3639 2148 3720 patrem
2180 3638 2243 3699 et
2273 3633 2597 3699 dominum

214 3747 582 3833 diligerent
626 3752 815 3833 atque
863 3748 1247 3815 honorarent
1292 3754 1500 3834 atque,
1547 3771 1691 3817 cum
1737 3751 1897 3836 ipsis
1942 3755 2117 3817 tanto
2165 3750 2372 3815 studio
2415 3754 2480 3815 et
2505 3747 2598 3814 la-

216 3862 372 3930 bore
425 3864 709 3950 expetiti
754 3869 1082 3950 tantopere
1128 3865 1616 3951 placuissemus»,
1664 3888 1743 3933 ne
1788 3872 1939 3932 tunc
1987 3866 2319 3953 displicere
2362 3866 2599 3950 incipe-

212 4001 479 4065 remus„
548 3999 691 4046 cum
751 3981 828 4047 de
884 3980 1189 4064 religione
1245 3983 1648 4049 reformanda
1700 3989 1764 4050 et
1808 3981 2310 4069 possessionibus
2356 3980 2599 4047 recolli-

210 4098 451 4179 gendis
524 4117 710 4179 agere
766 4101 1255 4183 temptaremus,
1324 4102 1420 4164 set
1478 4103 1648 4164 tam·
1703 4099 1782 4165 ad
1843 4100 2081 4165 ordinis
2139 4097 2599 4185 reparationem

214 4232 417 4297 quam
471 4213 566 4279 ad
610 4213 948 4281 fundorum
979 4214 1506 4280 restaurationem
1535 4216 1854 4280 communi
1884 4220 1950 4281 et
1978 4214 2238 4281 consilio
2269 4219 2333 4279 et
2364 4212 2598 4278 auxilio

363 4407 411 4439 a.
463 4396 571 4438 hm
604 4393 879 4439 addiderunt
913 4395 1119 4439 Martem
1151 4401 1194 4437 et
1224 4392 1435 4439 Dumna.

360 4490 416 4543 1.
469 4486 575 4542 die
612 4487 681 4541 10
717 4486 878 4542 Iunii.
926 4487 996 4543 V.
1026 4502 1195 4556 supra
1239 4502 1326 4556 ep.
1354 4487 1425 4542 46
1459 4504 1514 4557 p.
1544 4488 1667 4543 123.
1808 4488 1861 4543 2.
1899 4487 2067 4544 immo
2096 4487 2311 4543 decimo
2348 4486 2439 4541 dio
2475 4489 2602 4554 post

214 4573 370 4632 diem
417 4576 500 4631 13
544 4574 719 4646 Iunii3
757 4576 884 4632 vide
922 4576 1057 4632 ibid.
1095 4593 1151 4646 p.
1180 4578 1300 4635 124.

2058 4672 2178 4730 16⁴*
