3319 5242
754 460 877 526 102
1450 476 1748 522 wmALm
1791 475 2162 523 Ems'romn
2204 475 2278 520 23.
2311 475 2386 521 24.

751 619 872 688 23.
930 622 1253 685 Conradus
1281 620 1391 685 III
1418 645 1528 684 rex
1563 619 1954 685 Stabulenses
1999 619 2074 683 de
2111 618 2395 683 Wibaldo
2430 619 2716 682 ecclesiae
2748 618 3095 682 Corbeiemt'

912 734 1237 824 praesecto
1286 739 1570 800 cerciores
1600 735 1785 823 facit.
1859 734 2089 815 ruwet,
2138 744 2208 797 ut
2251 735 2381 798 eius
2419 735 2758 798 absentiam
2777 735 3096 819 patienter

909 851 1133 938 ferant
1144 860 1182 915 ⁸.
2856 845 2967 928 (Μ.
3004 847 3090 928 9.)

572 1000 710 1054 1146
925 983 1247 1050 Conradus
1305 983 1425 1050 Dei
1485 983 1694 1067 gratia
1747 983 2172 1049 Romanorum
2227 1002 2341 1047 rex
2397 981 2675 1068 Ruperto
2731 979 3092 1048 Stabulensi

586 1072 696 1120 ¹³⁶⁶·
748 1099 979 1166 decano
1037 1104 1099 1165 et
1157 1101 1381 1167 ceteris
1438 1099 1775 1182 fratribuS,
1836 1097 2352 1164 ministerialibus
2416 1118 2659 1183 quoque
2718 1118 2790 1164 ac
2835 1097 2955 1163 toti
3001 1097 3093 1163 fa-

746 1215 958 1281 miliae
1003 1216 1285 1283 eiusdem
1332 1216 1628 1283 ecclesiae
1676 1215 1948 1299 gratiam
1994 1234 2174 1278 suam
2220 1218 2282 1279 et
2327 1233 2509 1279 omne
2556 1213 2809 1279 bonum.

926 1331 1103 1398 Sicut
1148 1333 1363 1398 divina
1406 1331 1723 1398 ordinavit
1751 1329 2167 1416 providentia,
2213 1329 2393 1394 iuxta
2420 1327 2701 1394 fidelium
2730 1333 3093 1394 nostrorum

746 1447 1078 1513 consilium
1136 1449 1214 1513 ad
1272 1449 1641 1534 petitionem
1699 1445 2091 1512 Corbeiensis
2150 1445 2448 1511 ecclesiae
2502 1444 2751 1510 fidelem
2803 1449 3094 1510 nostrum

745 1562 1108 1630 Wibaldum
1165 1563 1455 1630 abbatem
1514 1568 1827 1645 vestrum,
1884 1567 2134 1628 retenta
2176 1565 2388 1627 vestra
2429 1561 2787 1647 provisione
2833 1566 2898 1626 et
2944 1581 3094 1626 cura

747 1700 938 1764 quam
992 1681 1171 1764 prius
1227 1678 1563 1762 habuerat,
1634 1679 2017 1744 monasterio
2074 1676 2439 1743 Corbeiensi
2493 1677 2928 1764 praefecimus
3009 1676 3097 1743 Et

747 1795 897 1881 quia
943 1815 1020 1861 ex
1065 1795 1204 1878 hoe,
1250 1800 1322 1860 ut
1367 1815 1693 1881 speramus
1728 1800 1791 1860 et
1819 1793 2126 1877 volumuS,
2172 1794 2453 1859 maxima
2483 1792 2818 1859 ecclesiae*
2851 1792 3094 1859 utilitas

746 1911 1080 1997 provenire
1137 1915 1377 1997 potest,
1436 1911 1915 1976 universitatem
1971 1915 2247 1976 vestram
2290 1929 2408 1995 per
2451 1910 2810 1995 praesentia
2855 1909 3097 1995 scripta

749 2032 987 2093 attente
1031 2026 1341 2093 monendo
1386 2047 1703 2109 rogamus,
1763 2031 2069 2112 quatenus
2117 2025 2462 2092 absentiam
2511 2025 2666 2108 eiuS,
2712 2044 2908 2107 regno
2958 2025 3096 2110 qui·

748 2143 892 2208 dem
948 2143 1367 2208 necessariam
1424 2148 1487 2208 et
1542 2143 1724 2208 nobis
1780 2162 1907 2207 non
1965 2141 2284 2224 inutilem,
2343 2141 2660 2226 patienter
2705 2141 3095 2227 supportetis

749 2264 812 2325 et
865 2259 935 2324 in
991 2258 1289 2325 ecclesiae
1344 2265 1591 2324 vestrae
1652 2256 2213 2344 oportunitatibus,
2273 2257 2327 2321 si
2384 2277 2510 2342 qua
2552 2257 2846 2340 graviora
2893 2278 3096 2324 emer-

748 2365 975 2457 serint,
1034 2376 1177 2460 piae
1232 2374 1670 2440 sollicitudinis
1719 2394 1974 2459 operam
2021 2372 2297 2438 studiose
2342 2373 2742 2458 impendatis.
2814 2373 2993 2451 Quod
3039 2374 3095 2440 si

746 2491 813 2556 in
862 2490 1173 2574 aliquibus
1221 2496 1509 2556 nostrum
1557 2489 1939 2554 adiutorium
1983 2487 2161 2554 vobis
2205 2488 2398 2554 fuerit
2437 2488 2882 2572 necessarium,
2932 2489 3098 2555 sicut

746 2606 1048 2672 hactenus
1106 2628 1353 2693 semper
1411 2584 1589 2672 vobis
1644 2604 1878 2671 fuimus
1935 2604 2227 2692 propitii,
2284 2605 2377 2671 ita
2431 2624 2598 2671 nunc
2654 2605 2932 2672 maxime
2976 2627 3097 2673 nos

750 2743 998 2809 semper
1044 2722 1380 2790 clementes
1426 2721 1757 2789 habebitis

754 2960 876 3030 24.
931 2966 1251 3030 Conradus
1295 2964 1406 3030 ΠΙ
1436 2989 1549 3029 rex
1594 2964 1889 3028 Heinrico
1936 2961 2141 3027 Leoni
2186 2963 2330 3026 duci
2374 2961 2749 3042 Wibaldum,
2811 2964 3102 3067 abbatem

933 3081 1351 3146 Corbeiensem
1381 3081 1648 3167 factum,
1698 3079 2097 3143 commendat.
2812 3075 2919 3157 (M.
2963 3079 3098 3161 18.)

577 3220 714 3274 1146
930 3211 1305 3293 C(0nradus)
1374 3212 1495 3278 Dei
1573 3212 1781 3295 gratia
1845 3209 2272 3275 Romanorum
2348 3230 2462 3277 rex
2530 3209 2877 3292 H(einrico)
2950 3211 3105 3279 duci

591 3291 701 3381 μεθ’
755 3327 1066 3395 Saxoniae
1111 3329 1382 3411 gratiam
1428 3346 1609 3392 suam
1653 3332 1717 3393 et
1761 3345 1944 3392 omne
1991 3326 2243 3392 bonum.

932 3443 1108 3508 Sicut
1153 3442 1369 3508 divina
1411 3441 1728 3508 ordinavit
1754 3442 2171 3528 providentia,
2216 3442 2397 3506 iuxta
2423 3440 2702 3507 fidelium
2733 3448 3105 3510 nostrorum

752 3558 1084 3625 consilium
1142 3558 1222 3623 ad
1279 3558 1655 3643 peticionem
1704 3558 2098 3624 Corbeiensis
2156 3556 2451 3622 ecclesiae
2507 3556 2757 3624 fidelem
2803 3565 3104 3626 nostrum

752 3673 1112 3741 Wibaldum
1158 3672 1590 3739 stabulensem
1648 3673 1939 3740 abbatem
1991 3673 2372 3738 monasterio
2419 3671 2781 3740 Corbeiensi
2825 3675 3106 3760 prefeci-

751 3810 911 3854 mus.
984 3786 1252 3853 Proinde
1298 3788 1673 3854 industriam
1720 3795 1895 3854 tuam
1942 3794 2180 3861 attente
2210 3789 2520 3854 monendo
2550 3808 2864 3873 rogamuS‚
2911 3798 2986 3856 ut
3034 3799 3111 3859 et

750 3923 1088 3991 personam
1143 3905 1342 3989 ipsius
1401 3904 1737 3970 honorifice
1765 3905 1858 3969 .in
1914 3903 2202 3969 omnibus
2250 3904 2563 3970 custodias
2612 3910 2674 3970 et
2719 3905 2799 3970 ad
2842 3906 3109 3973 recolli-

751 4020 986 4105 gendas
1033 4024 1096 4085 et
1135 4019 1513 4085 ordinandas
1544 4022 1971 4106 possessiones
2004 4019 2398 4086 corbeiensis
2430 4020 2726 4086 ecclesiae
2757 4022 3110 4090 consilium

753 4138 810 4203 ei
857 4140 919 4201 et
958 4135 1261 4201 auxilium
1292 4137 1587 4222 prebeas;
1636 4137 1803 4221 quod
1831 4136 2011 4201 nobis
2043 4136 2470 4219 gratissimum
2500 4137 2653 4220 fore,
2699 4136 2871 4202 nullo
2902 4141 3111 4208 modo

752 4252 1155 4318 dubitaveris
1316 4251 1412 4318 De
1456 4252 1641 4318 rebus
1691 4257 1902 4318 autem
1932 4252 2082 4335 suis»,
2132 4270 2286 4336 quas
2319 4253 2486 4338 apud
2516 4251 2837 4336 Gruninge
2857 4249 2873 4281 ¹
2901 4253 3113 4323 homo

896 4408 936 4439 a.
979 4395 1232 4440 Edidcmne
1266 4368 1473 4440 Martem>
1501 4404 1543 4439 ee
1572 4394 1792 4449 Dea-and,
1837 4397 1917 4455 qm·
1944 4396 2139 4454 epistola
2170 4396 2290 4441 unde
2321 4404 2471 4441 emeca
2505 4404 2621 4442 essee
2659 4413 2746 4441 ιιωι
2790 4397 3114 4447 Μαικία-νεα.

750 4474 794 4521 b.
826 4477 1003 4520 vestrae
1034 4475 1262 4521 excidisse
1289 4474 1476 4520 videtur.

893 4571 940 4623 1.
981 4568 1300 4638 Groningen
1335 4567 1404 4624 ab
1441 4567 1795 4624 Halberstadt
1828 4568 1900 4624 ad
1935 4567 2221 4625 orientem.
