3319 5242
737 453 862 520 118
1433 469 1731 516 wmALm
1773 468 2148 516 nms‘rom
2192 466 2266 512 ⁸7.
2300 466 2375 512 38.

559 618 695 672 1147
732 631 947 679 rerum
1001 612 1069 677 in
1125 630 1200 678 eo
1253 612 1634 698 reperimus,
1695 610 1821 677 nisi
1877 609 2044 696 quod
2100 610 2167 675 in
2212 608 2529 695 spirituali
2571 613 2756 696 patre
2798 606 3075 695 reperire

570 693 680 752 ‘³⁹¹'
734 748 983 814 semper
1050 727 1423 813 optavimus.
1517 726 1780 793 Reditus
1846 724 2183 793 aecclesiae
2239 731 2526 808 nostrae,
2598 745 2753 810 quos
2812 724 3074 791 domnus

733 843 1118 926 H(einricus)
1166 840 1508 930 depositus,
1555 847 1775 929 utpote
1818 842 1962 929 plus
2006 842 2389 908 militaribus
2434 841 2788 925 insignibus
2827 841 3073 908 deditus

735 980 923 1046 quam
975 960 1323 1026 monastice
1379 959 1765 1025 institutioni
1819 959 2095 1025 intentus
2110 1009 2127 1042 ,
2184 959 2253 1025 in
2304 955 2680 1024 beneficium
2723 956 2903 1023 laicis
2949 962 3076 1023 tra-

734 1076 998 1160 diderat,
1045 1074 1303 1142 consilio
1351 1074 1746 1158 sagacissimi
1789 1075 2028 1159 ingenii
2073 1075 2172 1140 sui
2218 1075 2498 1140 maxima
2542 1094 2621 1139 ex
2654 1077 2839 1160 parte
2867 1073 3076 1159 requi-

733 1192 899 1259 sivit.
1056 1190 1355 1258 Preterea
1399 1191 1590 1257 cellas
1634 1190 1792 1257 duas
1838 1189 2407 1257 sanctimonialium
2451 1188 2861 1274 feminarum,
2917 1210 3077 1275 quae

731 1329 848 1395 pro
891 1308 1262 1375 enormitate
1315 1308 1415 1373 sui
1467 1306 1722 1374 sceleris
1775 1328 2023 1373 omnem
2079 1307 2443 1373 canonicam
2491 1305 2960 1372 institutionem
3010 1307 3079 1372 in

734 1423 1010 1491 Saxonia
1039 1425 1207 1511 apud
1237 1444 1421 1490 aures
1451 1421 1626 1507 vulgi
1653 1424 1849 1489 fetere
1887 1427 1952 1489 et
1980 1422 2174 1489 vilere
2203 1422 2504 1505 fecerant,
2533 1422 2711 1505 regia
2739 1422 3080 1491 donatione

730 1539 867 1607 loco
912 1545 1129 1607 nostro
1175 1540 1575 1624 conquisivit,
1622 1544 1688 1606 et
1728 1539 1886 1605 inibi
1933 1539 2183 1606 divinae
2229 1539 2551 1605 servitutis
2590 1537 2970 1604 famulatum
3001 1539 3080 1607 de

731 1656 1113 1723 monasterio
1178 1660 1393 1722 nostro
1462 1656 1758 1722 instituit.
1851 1655 1973 1721 Pro
2044 1675 2169 1740 qua
2222 1672 2413 1721 causa
2467 1655 2770 1721 domnum
2825 1660 3082 1741 aposto-

730 1773 925 1839 licum
972 1772 1148 1855 adiit,
1193 1771 1667 1857 impetraturus,
1713 1776 1786 1837 ut
1829 1791 1978 1837 suae
2024 1771 2416 1837 auctoritatis
2459 1771 2792 1857 privilegio
2824 1769 3085 1839 firmata

733 1888 848 1955 hec
890 1893 1049 1970 rata,
1078 1892 1142 1954 et
1183 1886 1550 1953 inconvulsa
1592 1890 2023 1975 permaneant.
2181 1886 2299 1952 His
2346 1906 2525 1970 erge,
2572 1891 2638 1953 et
2680 1886 2738 1953 si
2783 1907 2910 1973 qua
2955 1887 3086 1955 alia

734 2009 883 2071 sunt
922 2004 1105 2070 nobis
1152 2023 1294 2069 cum
1339 2002 1567 2069 domno
1612 2023 1782 2091 papa
1826 2003 2117 2087 gerenda,
2167 2002 2461 2088 quoniam
2506 2002 2711 2069 multa
2751 2009 2917 2088 sunt,
2964 2025 3082 2072 vos

732 2120 1223 2187 misericorditer
1289 2118 1620 2206 astipulari
1634 2169 1653 2202 ,
1723 2120 1908 2185 unico
1976 2118 2200 2185 solatio
2271 2119 2750 2204 monachorum,
2817 2139 3084 2205 precum

733 2241 1093 2302 nostrarum
1140 2234 1378 2302 scilicet
1422 2235 1995 2319 commendatione,
2052 2235 2399 2301 ammoneri
2444 2255 2738 2319 rogamus
2753 2286 2774 2320 ,
2820 2242 2895 2302 ut
2937 2242 3086 2303 tan-

735 2354 879 2421 dem
923 2352 1258 2438 aliquando
1271 2400 1290 2434 ,
1351 2351 1627 2418 decussis
1676 2352 2070 2418 diversarum
2124 2351 2672 2437 perturbationum
2718 2352 3085 2438 angoribuS,

734 2474 987 2556 optatae
1029 2469 1205 2554 pacis
1250 2468 1481 2534 unitati
1523 2467 1918 2534 redonemur.

741 2679 863 2753 38.
911 2683 1342 2750 Heremannus
1398 2706 1597 2747 comes
1650 2680 1939 2768 Euqem'o
1982 2681 2097 2746 III
2129 2704 2346 2769 papae
2388 2680 2739 2746 Wibaldum
2795 2682 3089 2749 abbatem

915 2799 1313 2864 commendat.
2797 2794 2908 2875 (Μ.
2949 2799 3084 2882 17.)

562 2938 700 2993 1147
912 2931 1185 2998 Domino
1232 2935 1296 2996 et
1339 2930 1510 3018 patri
1555 2949 1669 2996 suo
1709 2928 2047 3012 E(ugenio)
2093 2928 2300 3012 gratia
2339 2927 2461 2995 Dei
2517 2928 2892 2996 universalis
2942 2952 3091 2999 aec-

575 3013 686 3072 Apr‘
738 3046 966 3115 clesiae
1004 3045 1288 3134 pontifici
1331 3044 1821 3128 H(eremannus)
1860 3064 2067 3111 comes
2110 3044 2321 3112 devoti
2350 3044 2591 3111 servitii
2633 3044 3089 3120 obedientiam.

912 3163 1158 3230 Relatio
1213 3164 1483 3229 fratrum
1527 3160 1829 3228 Corbeiae
1885 3160 1966 3226 ad
2021 3181 2136 3227 nos
2192 3161 2445 3227 devenit
2497 3159 2911 3248 denuntianS,
2970 3186 3090 3232 vos

738 3280 1170 3348 testimonium
1226 3278 1547 3346 electionis
1606 3276 1847 3343 domini
1900 3277 2028 3343 mei
2067 3275 2345 3343 Wiboldi
2390 3276 2635 3344 abbatis
2681 3276 3092 3349 Gorbeiensis

741 3396 1107 3481 exquisisse.
1179 3394 1575 3481 Quapropter
1628 3393 2059 3459 testimonium
2115 3392 2517 3480 perhibemus
2578 3394 2702 3461 sibi
2756 3394 3091 3465 electionis

741 3533 912 3597 suae,
960 3511 1258 3577 domnum
1286 3509 1901 3576 Patherburnensem
1946 3509 2310 3595 episcopum
2355 3514 2420 3575 et
2461 3529 2565 3576 me
2609 3509 2796 3577 simul
2827 3509 3093 3582 affuisse

743 3634 806 3695 et
848 3626 1253 3694 unanimitati
1296 3646 1448 3693 suae
1492 3625 1811 3692 electionis
1853 3625 2095 3691 nullum
2123 3624 2527 3709 reclamasse3
2574 3632 2690 3711 set,
2737 3627 2903 3693 sicut
2930 3633 3094 3698 tunc

740 3745 866 3832 ipsi
912 3743 1183 3810 vidimus
1230 3749 1294 3810 et
1339 3742 1447 3809 alii
1489 3741 1705 3809 fideles
1748 3745 1942 3808 testes
1989 3746 2137 3807 sunt
2180 3741 2288 3825 qui
2332 3740 2665 3825 affuerunt,
2716 3742 2812 3808 ita
2853 3743 3094 3813 idonea

745 3861 1047 3928 electione
1103 3860 1518 3926 intronizatus
1576 3863 1702 3942 est,
1758 3864 1831 3923 ut
1885 3857 1952 3923 in
2003 3856 2174 3923 nullo
2221 3859 2553 3924 canonica·
2597 3858 2913 3925 institutio
2971 3882 3094 3930 sue

745 3977 1199 4044 observationis
1267 3975 1716 4042 detrimentum
1788 3994 1978 4061 passa
2031 3973 2240 4040 fuerit.
2323 3973 2621 4041 Preterea
2676 3975 2715 4041 a
2766 3974 3093 4060 religiosis

745 4093 1025 4160 eiusdem
1071 4090 1406 4159 aecclesiae
1451 4090 1773 4157 monachis
1815 4089 2188 4174 audivimus,
2236 4090 2421 4175 quod,
2465 4096 2803 4177 postquam
2832 4111 2906 4158 eo
2937 4114 3093 4178 per-

745 4210 1007 4293 venerit,
1052 4209 1147 4274 ita
1189 4228 1258 4273 se
1304 4212 1367 4273 et
1408 4206 1477 4271 in
1522 4226 1769 4271 morum
1814 4207 2286 4272 conversatione
2332 4210 2396 4273 et
2438 4207 2506 4272 in
2551 4207 2837 4291 diligenti
2864 4228 3094 4277 rerum

746 4325 1083 4392 aecclesiae
1127 4322 1483 4411 provisione
1524 4319 1899 4388 imitabilem
1943 4322 2291 4389 reddidisse
2301 4322 2348 4406 ¹³,
2393 4328 2466 4388 ut
2509 4343 2724 4390 omnes
2769 4344 2914 4390 eum
2958 4326 3096 4394 sibi

744 4441 824 4509 de
890 4439 1081 4507 caelis
1148 4438 1452 4505 divinitus
1518 4437 1786 4517 missum
1844 4445 2146 4505 asserant.
2241 4438 2634 4526 Quapropter
2690 4445 2755 4507 et
2807 4440 2847 4507 a
2900 4441 3094 4510 vobis

869 4595 912 4631 a.
951 4582 1108 4630 unica
1135 4598 1177 4629 o.
1297 4580 1343 4628 b.
1382 4583 1451 4629 eia
1482 4597 1522 4627 c.
