3319 5242
653 358 743 426 92
1434 376 1733 424 wmALm
1774 374 2104 423 nrls'rom
2149 375 2223 420 13.

478 508 615 580 1137
653 521 866 584 vestra
908 516 1309 604 triumphalis
1354 516 1689 583 clementia
1732 515 1854 582 duo
1902 516 2081 584 milia
2119 516 2509 583 Alemannos
2553 535 2700 588 cum
2726 515 2996 583 Annone

654 633 880 700 abbate
948 634 1228 700 coenobii
1293 631 1802 716 Luneburgensis
1870 633 1952 699 ad
2017 633 2472 701 monasterium
2538 632 2998 700 defendendum

652 751 1081 816 transmittere
1127 749 1559 836 disposuisset,
1609 749 1901 816 abbatem
1947 770 2021 816 ac
2065 751 2295 817 fratres
2325 750 2650 833 seducens,
2696 754 2997 835 utrosque

654 866 735 931 ad
791 886 971 933 suam
1025 864 1393 933 fidelitatem
1438 871 1831 932 sacramento
1877 867 2281 950 constringit,
2343 865 2634 933 abbatem
2678 865 2760 934 ad
2805 886 2997 933 euan-

439 998 619 1046 reba-1
651 981 846 1066 gelia,
907 983 1243 1049 monachos
1301 987 1513 1050 autem
1565 1002 1682 1068 per
1728 981 2027 1066 ordinem
2059 1002 2261 1048 suum.
2329 981 2582 1049 Abbate
2624 982 2821 1066 igitur
2864 982 2998 1049 vita

653 1091 1008 1182 decedente,
1065 1098 1218 1165 dum
1262 1098 1465 1165 adhuc
1508 1098 1644 1164 eius
1688 1097 1990 1164 feretrum
2034 1098 2102 1165 in
2147 1098 2412 1165 ecclesia
2455 1103 2641 1182 esset,
2695 1098 2998 1170 deefinati

651 1220 799 1281 sunt
845 1235 884 1281 a
927 1205 1267 1281 Canzolino
1282 1225 1323 1298 ⁸,
1371 1215 1480 1299 qui
1525 1219 1677 1281 tunc
1720 1214 1788 1279 in
1831 1214 2120 1300 partibus
2165 1215 2306 1280 istis
2335 1213 2590 1298 Roget-ii
2632 1214 2804 1281 vices
2849 1234 2995 1299 θεον

650 1332 789 1415 bat,
847 1336 920 1397 ut
971 1330 1182 1397 nullus
1242 1350 1313 1396 eo
1375 1329 1632 1397 absente
1691 1330 1770 1397 de
1825 1331 2070 1397 abbatis
2128 1330 2434 1398 electione
2485 1335 2760 1397 metare
2807 1349 2995 1417 prae»

649 1451 944 1514 sumeret.
1012 1446 1298 1513 Dilatum
1343 1446 1556 1532 itaque
1602 1451 1700 1512 est
1729 1451 1811 1530 et,
1859 1446 2430 1514 contradicentibus
2462 1465 2538 1513 ac
2563 1447 2992 1515 moerentibus

648 1552 992 1647 monachis,
1038 1583 1238 1648 usque
1282 1563 1364 1628 ad
1408 1563 1607 1649 ipsius
1655 1564 1997 1630 adventum
2039 1564 2441 1650 protelatum.
2513 1562 2796 1648 Cumque
2840 1562 2992 1636 illm

649 1680 1027 1763 advenisset,
1074 1698 1219 1745 cum
1266 1679 1325 1746 ei
1371 1679 1850 1747 ostenderentur
1896 1680 1974 1747 de
2019 1680 2321 1747 electione
2361 1679 2612 1746 abbatis
2640 1679 2844 1767 patris
2871 1678 2992 1748 Bo-

646 1796 882 1868 nedicti
927 1796 1121 1862 iussio
1169 1801 1233 1862 et
1274 1795 1751 1881 privileffiorum
1797 1815 1872 1862 ac
1913 1801 2395 1883 praeceptorum
2439 1796 2837 1882 constitutio,
2890 1816 2992 1865 rer

648 1913 931 2000 spondit,
986 1912 1155 1998 quod
1196 1911 1289 1977 nil
1335 1911 1416 1977 ad
1461 1932 1762 1998 praesens
1808 1912 2166 1979 istiusmodi
2210 1912 2449 1979 valeret
2492 1912 2801 1979 ostensio:
2863 1913 2996 1982 Sed

648 2027 927 2119 differte*
976 2031 1323 2095 electionem
1377 2053 1570 2118 usque
1626 2031 1714 2094 ad
1770 2031 2007 2095 domini
2060 2032 2184 2095 mei
2236 2033 2518 2096 notitiam
2528 2056 2554 2113 ,-
2613 2032 2713 2095 siu
2763 2037 2988 2113 antona,

645 2147 871 2211 tradite
925 2169 1131 2211 arcem
1175 2146 1586 2211 Bantrensem
1646 2156 1703 2209 et
1759 2146 1960 2232 eliqite
2006 2169 2188 2234 quem
2229 2146 2443 2229 vullis,-
2499 2148 2591 2212 ita
2632 2157 2868 2230 mmm,
2921 2157 2994 2218 ue

636 2264 820 2349 prius
862 2262 1235 2353 fidelitatem
1291 2264 1538 2327 domino
1594 2284 1732 2326 meo
1765 2261 1993 2349 faeiat.
2064 2259 2242 2338 Quod
2287 2280 2432 2327 cum
2473 2260 2701 2327 fratres
2748 2281 2817 2328 se
2861 2281 2988 2328 non

645 2376 909 2462 implere
955 2376 1296 2460 dixissent,
1354 2375 1461 2442 ille
1508 2376 1855 2442 exercitum
1901 2396 2287 2461 congregans
2300 2427 2318 2460 ,
2365 2378 2662 2444 universa
2704 2376 2990 2444 coenobii

646 2497 855 2558 castra
909 2492 987 2559 ab
1038 2494 1171 2560 eius
1217 2494 1455 2559 ditione
1500 2494 1821 2561 subduxit.
1889 2493 2055 2560 Ecce
2100 2494 2267 2560 bona
2310 2513 2471 2578 quae
2516 2497 2663 2559 ante
2706 2497 2989 2562 vestrum

513 2621 611 2670 eet.
646 2608 984 2676 adventum
1040 2608 1369 2676 Casinensi
1434 2610 1721 2678 fecerunt
1777 2608 2075 2683 ecclesiae
2088 2659 2107 2694 ‚
2176 2614 2242 2678 et
2295 2609 2499 2676 adhuc
2554 2608 2868 2678 deteriora
2919 2611 2989 2679 in

645 2725 779 2792 dies
824 2725 1102 2810 singulos
1145 2725 1403 2792 faciunt.

823 2842 918 2910 Ob
971 2863 1161 2928 quam
1204 2862 1341 2909 rem
1385 2863 1710 2927 rogamus,
1769 2844 2116 2930 imperator
2158 2842 2420 2926 invicte,
2478 2848 2549 2909 ut
2591 2848 2841 2910 vestrae
2883 2862 2988 2910 ca-

643 2980 854 3027 merae
912 2957 1210 3043 afflictae,
1270 2959 1605 3026 destitutae
1659 2979 1734 3026 ac
1778 2958 2096 3026 desolatae
2141 2958 2555 3043 subveniatis,
2611 2979 2692 3026 ne
2737 2960 2988 3045 quando

643 3075 856 3143 dicant
902 3074 1265 3159 Sarraceni,
1309 3076 1690 3142 Nortmanni
1735 3095 1808 3142 ac
1852 3073 2291 3159 Langobardi:
2356 3076 2474 3143 Ubi
2517 3088 2607 3141 est
2646 3079 2990 3164 imperator

641 3192 855 3259 illius?
919 3191 1165 3276 Erigite
1210 3192 1436 3276 igitur,
1496 3193 1719 3276 erigite
1763 3197 2007 3261 vestros
2050 3191 2318 3257 invictos
2365 3197 2429 3258 et
2472 3212 2511 3257 a
2554 3190 2691 3259 Deo
2736 3211 2988 3259 consor-r

642 3307 879 3374 vandos
923 3306 1223 3390 lacertos,
1280 3313 1344 3375 et
1389 3307 1795 3375 Casinenscm
1842 3307 2200 3390 ecclesiam,
2246 3313 2613 3375 cunctorum
2658 3308 2988 3375 coenobio-r

642 3444 784 3492 rum
829 3428 1100 3489 matrem
1114 3472 1133 3506 ,
1193 3423 1271 3490 de
1326 3425 1668 3510 impiorum
1711 3425 2003 3491 manibus
2049 3423 2333 3491 liberate.
2403 3423 2567 3491 Nam
2612 3424 2776 3492 sicut
2816 3425 2988 3493 inter

643 3541 856 3607 omnia
909 3539 1120 3605 sidera
1178 3540 1375 3607 solem
1432 3546 1678 3608 constat
1733 3543 1803 3608 in
1857 3540 2229 3609 coelestibus
2275 3560 2492 3625 gerere
2536 3541 2985 3627 principatum,

640 3657 735 3723 ita
788 3656 1089 3723 nimirum
1145 3655 1214 3721 in
1267 3656 1600 3729 mundanis
1644 3657 2075 3745 potentatibus
2119 3656 2473 3724 Romanum
2515 3658 2755 3723 cunctis
2799 3677 2986 3744 prae-

642 3772 839 3859 pollet
903 3773 1261 3859 imperium.
1343 3770 1523 3840 Licet
1591 3780 1801 3842 autem
1869 3794 1983 3861 per
2042 3794 2109 3840 sc
2166 3773 2251 3839 sit
2307 3771 2739 3857 magnificum,
2805 3778 2987 3860 patet

641 3894 887 3971 tamen,
947 3889 1096 3974 quia
1149 3894 1302 3956 tunc
1358 3890 1647 3975 splendet
1702 3891 2059 3973 augustius,
2117 3909 2263 3956 cum
2316 3910 2357 3955 a
2398 3889 2596 3976 probo
2643 3895 2708 3955 et
2748 3886 2985 3957 illustri

641 4006 778 4072 viro
823 4006 1081 4089 regitur.
1152 4005 1239 4071 Et
1282 4006 1422 4073 ideo
1468 4009 1684 4071 vestra
1725 4006 2009 4092 probitas
2046 4005 2373 4072 Casinensi
2418 4009 2743 4072 succurrat
2786 4004 2983 4073 eccle-

642 4122 805 4205 siae,
850 4141 944 4202 ,ne
998 4121 1264 4188 rutilans
1325 4121 1484 4188 coeli
1539 4141 1818 4205 gemma,
1876 4121 1943 4186 id
2004 4126 2100 4187 est
2143 4121 2504 4189 Casinensis
2541 4120 2840 4204 ecclesia,
2901 4121 2983 4189 de

642 4238 847 4324 capite
904 4243 1269 4305 cunctorum
1327 4236 1770 4307 coenobiorum
1827 4238 2175 4321 auferatur,
2249 4243 2313 4304 et
2372 4237 2453 4303 ad
2509 4242 2745 4305 terram
2802 4236 2981 4321 elisa,

640 4354 903 4441 pedibus
950 4353 1403 4421 Saracenorum
1457 4354 1564 4439 qui
1611 4353 1905 4437 ignorant
1941 4352 2146 4419 Deum
2189 4352 2604 4421 conculcetur.
2752 4352 2981 4421 Petrus

782 4510 823 4543 a.
856 4496 1065 4543 Catulino
1097 4496 1168 4542 ed.
1215 4499 1291 4554 Cf.
1316 4498 1443 4542 Pan·
1469 4498 1610 4543 Diae.
1631 4496 1795 4544 chron.
1822 4498 1929 4544 Cas.
1965 4494 2017 4542 L.
2036 4495 2112 4543 IV.
2144 4509 2185 4542 c.
2204 4497 2295 4543 104
2324 4509 2371 4557 p.
2388 4497 2495 4549 816.
2618 4496 2664 4544 b.
2696 4494 2878 4547 differre
2908 4497 2982 4543 ed.
