3319 5242
722 449 852 516 212
1474 467 1774 515 wmALm
1815 465 2146 515 nrrs'rom
2192 466 2299 514 186.

546 614 684 669 1148
721 608 940 694 procul
984 608 1173 674 dubio
1219 607 1433 675 futura
1475 609 1641 675 bona
1683 609 2069 696 predicanda
2112 610 2181 675 in
2210 609 2392 675 nobis
2424 606 2828 675 estimaretis.
2904 604 3051 673 Saue

720 725 1105 792 conscientia
1152 731 1374 792 nostra
1417 727 1696 809 graviter
1739 747 1855 792 nos
1898 727 2233 813 impugnat
2277 731 2342 792 et
2384 731 2639 792 accusat
2682 743 2891 809 neque
2930 742 3051 803 nos,

718 862 846 907 non
899 841 1105 908 dicam
1162 848 1403 925 vestra,
1471 848 1570 908 set
1623 862 1741 908 nec
1795 844 2167 928 cuiusquam
2222 842 2477 928 quidem
2534 840 2736 908 infimi
2791 839 3053 906 hominis

717 958 1256 1025 commendatione
1300 959 1557 1042 dignam
1587 979 1655 1025 se
1687 958 2030 1026 arbitratur
2043 970 2084 1025 ⁸.
2146 958 2598 1025 Verumtamen
2642 957 2942 1043 quoniam
2974 954 3057 1021 sic

718 1074 797 1140 de
852 1079 1070 1142 nostra
1124 1076 1438 1161 parvitate
1494 1074 1674 1142 vobis
1720 1076 1953 1143 sentire
1996 1077 2204 1142 visum
2249 1081 2377 1159 est,
2436 1075 2750 1141 enitemur
2803 1073 2879 1138 id
2933 1090 3056 1138 esse

718 1191 885 1276 quod
941 1212 1052 1258 vos
1111 1190 1473 1275 affirmatis,
1531 1191 1924 1263 studebimus
1981 1192 2332 1258 conformes
2390 1190 2529 1258 fieri
2571 1190 2817 1276 gratiae
2879 1207 3059 1275 quam

716 1326 827 1373 vos
883 1308 1243 1394 predicatis.
1427 1308 1765 1375 Caeterum
1820 1308 1898 1375 de
1955 1308 2186 1374 domno
2241 1308 2352 1374 illo
2397 1307 2694 1374 Heinrico
2708 1356 2728 1391 ,
2786 1306 2903 1392 qui
2955 1304 3060 1371 ali·

715 1424 964 1509 quando
1009 1425 1246 1511 prefuit
1273 1423 1638 1492 Corbeiensi
1683 1425 2088 1509 monasterie,
2136 1425 2240 1491 cui
2282 1444 2452 1491 nunc
2493 1444 2610 1490 nos
2640 1422 2775 1490 Deo
2809 1428 3062 1489 auctore

715 1540 1124 1624 deservimus,
1170 1545 1418 1608 vestrae
1461 1540 1838 1625 benignitati
1874 1541 2348 1627 respondemus,
2394 1541 2583 1627 quod,
2629 1560 2773 1607 cum
2802 1539 2879 1605 in
2907 1537 3064 1605 mul·

537 1664 675 1718 1146
712 1658 795 1723 tis
854 1661 1256 1723 accusaretur
1308 1662 1442 1724 tam
1499 1658 1577 1725 de
1630 1657 1908 1725 violenta
1962 1658 2313 1724 intrusione
2368 1678 2485 1724 sua
2539 1676 2729 1743 quam
2784 1656 2871 1723 de
2929 1654 3062 1721 aliis

546 1736 663 1784 Mart

455 2020 563 2068 Mai.
580 2021 679 2069 Iun.

567 2368 679 2417 Dec.

713 1774 1090 1859 quibusdam
1163 1773 1487 1859 capitulis,
1565 1793 1683 1840 nos
1752 1794 1879 1840 non
1948 1773 2153 1840 solum
2221 1773 2511 1841 absentes
2582 1792 2801 1840 verum
2874 1773 3066 1839 etiam

713 1891 995 1956 omnium
1051 1891 1318 1956 istarum
1373 1911 1589 1956 rerum
1643 1891 1853 1974 ignari
1908 1896 1973 1957 et
2027 1889 2211 1974 longe
2269 1891 2463 1977 positi
2513 1891 2582 1957 in
2626 1889 2803 1956 curia
2850 1887 3068 1956 domni

713 2026 919 2093 papae
964 2026 1242 2088 eramus3
1304 2013 1370 2073 et
1412 2012 1560 2093 post
1604 2027 1717 2074 sex
1762 2006 1895 2073 fere
1941 2008 2254 2073 mensium
2299 2007 2614 2093 spacium,
2662 2025 2812 2092 sepe
2862 2005 3069 2073 vocati

714 2128 779 2190 et
821 2124 1037 2190 venire
1078 2123 1235 2189 iussi
1282 2128 1346 2189 et
1391 2143 1471 2189 ex
1516 2129 1699 2210 parte
1743 2143 1872 2189 non
1916 2123 2165 2189 modica
2208 2123 2431 2205 coacti,
2478 2121 2559 2187 ad
2594 2122 2885 2206 regimen
2917 2121 3070 2188 Gor-

714 2238 986 2305 beiensis
1035 2238 1373 2305 aecclesiae
1417 2259 1546 2306 non
1593 2240 1829 2325 absque
1874 2259 2029 2306 cura
2072 2245 2137 2306 et
2181 2238 2603 2306 sollicitudine
2648 2244 2714 2304 et
2755 2239 2948 2322 gravi
2990 2238 3068 2304 ti·-

712 2374 888 2422 more
945 2356 1322 2423 accessimus
1336 2404 1355 2440 ,
1414 2374 1559 2422 cum
1612 2360 1827 2422 tamen
1879 2357 2045 2422 inter
2089 2357 2290 2443 ipsius
2337 2354 2794 2441 depositionem
2844 2361 2914 2420 et
2958 2373 3071 2420 no-

714 2475 913 2537 stram
959 2471 1419 2538 ordinationem
1454 2471 1703 2538 medius
1741 2471 1998 2556 quidam
2017 2468 2034 2499 ¹
2060 2471 2347 2538 unanimi
2377 2476 2441 2538 et
2470 2470 2763 2537 concordi
2790 2470 3073 2537 fratrum

713 2587 1016 2655 electione
1073 2588 1265 2655 fuerit
1309 2592 1654 2676 promotus.
1727 2586 2028 2655 Nostram
2068 2589 2283 2674 itaque
2329 2587 2786 2671 innocentiam,
2852 2589 2971 2674 qui
3015 2587 3075 2654 ei

712 2710 860 2771 ante
929 2705 1079 2771 dum
1137 2706 1451 2790 frequenti
1508 2706 1905 2772 accusatione
1962 2705 2322 2792 pulsaretur
2381 2705 2661 2771 studiose
2720 2704 3073 2785 astitimus,

713 2821 851 2907 ipse
907 2822 1198 2905 fatigavit
1254 2826 1348 2906 et,
1407 2820 1772 2888 inobediens
1830 2822 2150 2888 Romanae
2208 2820 2545 2888 aecclesiae
2598 2827 2663 2888 et
2706 2821 2914 2908 ipsius
2965 2821 3076 2888 de-

713 2937 901 3003 cretis
947 2938 1207 3004 minime
1254 2939 1715 3025 obtemperans,
1763 2959 1870 3004 ore
1916 2939 1982 3004 in
2018 2937 2261 3004 coelum
2293 2938 2522 3024 posite,
2570 2936 2874 3003 scandala
2901 2939 3077 3004 inter

712 3053 941 3120 fratres
999 3060 1250 3121 nostros
1307 3056 1644 3122 seminavit
1699 3060 1793 3138 et,
1852 3059 2156 3140 quantum
2211 3055 2281 3120 in
2332 3054 2472 3140 ipso
2517 3054 2672 3138 fuit,
2728 3056 3077 3122 materiam

713 3170 918 3236 modis
966 3172 1255 3238 omnibus
1303 3172 1497 3255 dedit,
1547 3172 1881 3256 quominus
1926 3170 2234 3255 regularis
2280 3170 2618 3257 disciplina
2649 3175 2715 3237 et
2742 3171 2899 3237 ordo
2934 3191 3077 3237 mo-

712 3287 990 3353 nasticus
1049 3287 1260 3353 debito
1320 3292 1385 3353 et
1442 3287 1742 3353 canonico
1799 3289 2055 3355 tramite
2109 3288 2177 3353 in
2223 3287 2607 3354 monasterio
2652 3292 2871 3353 nostro
2919 3308 3079 3375 pro·

713 3402 979 3469 cederet.
1050 3403 1137 3468 Et
1191 3403 1319 3468 illis
1378 3402 1632 3486 quidem
1686 3404 2126 3472 reconciliatus
2184 3409 2310 3489 est,
2369 3404 2479 3489 qui
2532 3408 2713 3470 erant
2757 3402 2851 3488 ei,
2914 3404 3080 3470 dum

712 3517 1093 3603 presideret,
1149 3518 1224 3586 in
1274 3519 1596 3605 presentia
1642 3519 1857 3585 blandi
1900 3521 1967 3586 in
2015 3521 2301 3587 absentia
2344 3520 2703 3603 mordaces,
2764 3520 2876 3605 qui
2922 3540 3080 3586 enm

712 3633 1019 3716 cogebant
1065 3635 1245 3719 quasi
1289 3635 1549 3701 consilio
1595 3635 1860 3703 salutari
1902 3637 2016 3703 illa
2058 3638 2296 3721 facere,
2351 3635 2549 3723 quae*
2594 3636 2721 3723 ipsi
2767 3655 2919 3702 mox
2970 3657 3077 3703 re-

712 3749 1174 3835 prehendentes
1223 3752 1600 3819 accusabant
1645 3759 1729 3837 et,
1777 3774 1920 3820 cum
1966 3759 2179 3821 essent
2216 3752 2528 3820 malorum
2561 3757 2870 3836 auctores,
2922 3773 3082 3819 eum

711 3864 782 3930 in
836 3865 935 3931 ius
993 3870 1295 3952 tanquam
1348 3874 1678 3936 nocentem
1734 3870 2086 3938 trahebant.
2167 3870 2364 3937 Nobis
2417 3890 2568 3936 vero
2623 3869 2890 3936 infestus
2950 3876 3080 3953 est,

715 3981 824 4066 qui
870 4002 1014 4047 eum
1059 4002 1382 4070 nunquam
1426 4005 1506 4051 ne
1551 3986 1744 4052 verbo
1793 3987 2047 4072 quidem
2092 3987 2360 4053 scientes
2406 3984 2778 4053 offendimus
2824 3992 2889 4053 et
2937 3986 3082 4073 qui,

714 4097 769 4163 si
811 4096 950 4164 fieri
993 4106 1210 4186 posset
1254 4100 1430 4167 salva
1472 4101 1776 4186 religione
1823 4108 1886 4168 et
1929 4102 2259 4170 honestate
2303 4107 2542 4187 nostra,
2588 4102 2922 4169 mallemus
2959 4103 3081 4168 ab·

713 4234 851 4281 esse
906 4236 1096 4301 quam
1151 4217 1221 4282 in
1275 4223 1558 4305 tempore
1603 4224 1820 4286 tantae
1864 4220 2357 4306 perturbationis
2402 4239 2676 4306 preesse.
2859 4216 3085 4305 Super

712 4330 831 4397 hoc
885 4353 1064 4418 vero,
1123 4334 1320 4418 quod,
1381 4335 1543 4401 sicut
1594 4335 1664 4401 in
1707 4336 1936 4420 vestris
1982 4335 2213 4403 litteris
2261 4336 2558 4422 habetur,
2619 4335 2799 4402 nobis
2842 4353 3084 4401 recon-

857 4495 898 4527 ⁸.
939 4477 1008 4529 sii.-
1041 4485 1142 4530 cod.
1268 4486 1313 4531 b.
1354 4486 1434 4545 qui
1465 4505 1506 4532 c.

852 4578 905 4633 1.
942 4578 1235 4636 Heinricus
1269 4580 1326 4635 ΙΙ
1360 4579 1534 4637 abbas
1570 4579 1937 4639 corbeiensis.
