3319 5242
933 447 1232 496 wmALm
1274 447 1650 497 apramonus
1697 447 1805 497 420.
1832 447 1940 495 421.
2472 432 2604 501 557

258 586 566 655 iniuriose
619 587 788 655 facta
844 597 1212 677 appareant.
1302 590 1610 677 Relinquo
1666 590 1863 675 igitur
1903 595 2153 657 vestrae
2202 590 2488 675 diligenti
2531 612 2607 660 ac
2713 597 2852 653 1153

258 704 532 772 discrete
576 704 1052 792 dispensationi,
1100 706 1429 792 dignitatis
1458 712 1706 775 vestrae
1749 707 2155 793 prerogativa
2186 714 2251 775 et
2276 707 2604 775 familian-

256 821 411 888 tatis
456 826 706 889 vestrae
761 824 1234 891 conservatione
1290 823 1554 890 iniurias
1612 822 1930 908 utrimque
1985 822 2183 890 factas
2241 825 2600 893 terminare.

259 936 452 1005 Scitis
510 939 677 1006 enim
691 988 710 1023 ,
767 941 1064 1024 quoniam
1121 939 1448 1007 castellum
1496 960 1711 1007 meum
1757 938 1986 1006 Salmis
2032 945 2098 1006 et
2141 946 2382 1025 cetera,
2442 961 2603 1027 quae

254 1055 583 1141 possideo,
640 1055 710 1121 in
764 1075 921 1142 pace
964 1061 1029 1123 et
1070 1057 1140 1123 in
1184 1077 1412 1141 guerra
1456 1056 1633 1123 vobis
1679 1057 1843 1123 sicut
1883 1055 2041 1121 mihi
2083 1060 2309 1142 parata
2353 1076 2603 1144 semper

256 1171 582 1238 suberunt.
674 1170 898 1239 Vester
942 1174 1111 1240 enim
1128 1185 1148 1209 ⁸
1192 1174 1393 1240 honor
1437 1181 1553 1258 est,
1600 1173 1902 1240 honorem
1947 1192 2158 1239 meum
2201 1177 2334 1239 tam
2377 1174 2446 1239 in
2492 1173 2601 1240 ab-

255 1287 464 1354 sentia
517 1308 662 1355 mea
717 1309 907 1373 quam
962 1290 1029 1356 in
1083 1291 1405 1376 presentia
1458 1289 1775 1375 diligendo
1829 1308 2198 1356 conservare
2244 1294 2308 1356 et
2350 1308 2603 1357 conser-

253 1403 461 1471 vando
506 1406 690 1472 tueri.
760 1404 940 1484 Quod
982 1406 1360 1473 iniuriarum
1401 1412 1755 1474 vestrarum
1801 1404 2119 1491 querelam
2163 1406 2398 1492 scripto
2443 1406 2600 1472 mihi

253 1519 679 1606 significastis,
724 1521 803 1589 de
847 1522 992 1589 sinu
1035 1522 1388 1589 dilectionis
1432 1527 1682 1590 vestrae
1726 1520 1970 1589 affirmo
2016 1522 2426 1609 processisse3
2486 1542 2599 1588 no-

255 1641 457 1703 stram
508 1638 683 1725 prior
736 1637 916 1706 vobis
975 1638 1425 1723 significassem
1441 1689 1461 1723 ‚
1529 1639 1586 1706 si
1637 1639 1917 1706 reversio
1971 1644 2184 1706 vestra
2239 1638 2396 1705 mihi
2450 1644 2600 1705 nota

252 1753 498 1821 fuisset.
575 1754 840 1821 Veniam
886 1754 967 1821 ad
1010 1775 1122 1822 vos
1169 1777 1358 1842 quarn
1403 1756 1594 1823 cicius
1638 1759 1882 1842 potere,
1927 1755 2105 1823 vobis
2149 1755 2469 1822 locuturus
2514 1761 2598 1841 et,

251 1869 583 1956 utriusque
624 1870 859 1940 honore
902 1878 1291 1957 conservato,
1338 1873 1626 1941 discretis
1672 1872 2067 1940 sermonibus
2095 1871 2326 1940 vestris
2358 1872 2602 1941 obtem-

251 2006 505 2074 perans.

252 2198 405 2270 421
420 2251 437 2270 .
472 2202 790 2271 wibaldus
827 2204 1020 2291 leqem
1063 2205 1379 2293 quandam
1412 2202 1836 2270 stabulensem
1872 2203 2214 2293 confirmat.
2284 2199 2393 2282 (M.
2419 2203 2598 2283 403.)

433 2333 508 2400 In
571 2335 825 2402 nomine
891 2341 1145 2403 sanctae
1200 2340 1265 2403 et
1320 2334 1681 2402 individuae
1737 2334 2042 2401 trinitatis
2095 2331 2420 2401 Wiboldus
2476 2333 2600 2401 Dei

247 2450 686 2519 misericordia
753 2450 1143 2521 Stabulensis
1219 2451 1412 2519 abbas
1488 2450 1950 2519 successoribus
2026 2452 2157 2517 suis
2225 2455 2289 2518 et
2356 2451 2598 2518 cunctis

248 2566 490 2635 Christi
534 2566 819 2637 fidelibus
863 2569 932 2636 in
974 2574 1370 2658 perpetuum.

429 2684 806 2753 Prelationis
850 2687 1101 2754 sarcina
1144 2692 1208 2755 et
1251 2684 1441 2754 officii
1485 2685 1688 2751 nostri
1729 2684 2089 2753 institutum
2134 2703 2249 2752 nos
2281 2686 2597 2753 constanti

246 2801 496 2870 ratione
549 2802 871 2887 hortatur,
928 2808 1000 2869 ut
1053 2823 1183 2870 non
1225 2801 1430 2870 solum
1472 2807 1853 2886 congregata
1897 2822 2147 2869 servare
2193 2807 2258 2869 et
2302 2802 2384 2868 ad
2427 2808 2597 2870 recte

245 2918 504 2987 vivendi
548 2920 949 3007 disciplinam
993 2919 1306 2987 moderari
1351 2917 1711 3002 debeamus,
1757 2923 1854 2986 set
1899 2918 2090 2985 etiam
2132 2917 2419 3005 dispersa
2447 2938 2596 2985 con-

244 3056 513 3121 gregare
557 3041 622 3103 et
665 3037 745 3104 ad
790 3037 1078 3105 iusticiae
1112 3056 1400 3104 normam
1427 3054 1744 3119 revocare,
1793 3039 1856 3103 et
1885 3055 1979 3119 ea,
2026 3054 2187 3119 quae
2215 3033 2316 3100 vel
2347 3035 2386 3101 a
2411 3035 2595 3102 nobis

246 3159 421 3221 recte
462 3159 768 3238 geruntur
794 3152 895 3223 vel
941 3155 1019 3222 ab
1066 3154 1341 3240 antiquis
1379 3173 1575 3241 prave
1607 3158 1750 3219 aeta
1777 3151 2194 3236 corriguntur,
2238 3150 2595 3219 litterarum

243 3266 548 3336 beneficio
623 3270 925 3337 attentius
998 3269 1340 3338 memoriae
1409 3268 1867 3337 commendare.
1980 3266 2283 3346 Quocirca
2349 3269 2598 3335 noverit

246 3385 533 3452 omnium
575 3384 849 3454 filiorum
894 3392 1148 3455 sanctae
1193 3386 1529 3455 aecclesiae
1573 3384 1905 3468 industria,
1953 3383 2120 3469 quod
2153 3383 2346 3452 abbas
2375 3383 2596 3472 Poppo

246 3501 580 3587 secundus,
634 3509 848 3572 noster
892 3506 1108 3590 utique
1151 3505 1576 3591 predecessor,
1622 3501 1788 3569 inter
1833 3499 2034 3566 multa
2075 3521 2202 3567 non
2249 3500 2454 3568 solum
2497 3501 2596 3568 in-

246 3618 433 3685 utilia
484 3624 581 3685 set
625 3620 815 3687 etiam
861 3620 1032 3688 omni
1077 3619 1435 3707 posteritati
1477 3623 1732 3686 nostrae
1775 3617 2030 3702 nociva,
2090 3638 2249 3703 quae
2295 3618 2595 3685 adversus

247 3733 618 3803 aecclesiam
661 3736 785 3804 sibi
830 3737 1229 3804 commissam
1274 3742 1338 3804 et
1383 3736 1685 3804 adversus
1732 3734 2009 3802 animam
2051 3754 2231 3801 suam
2259 3754 2595 3822 perperam

246 3852 594 3937 commisit,
651 3859 797 3940 post
841 3854 1214 3940 dissipatam
1258 3853 1597 3921 enormiter
1642 3852 1909 3919 multam
1955 3850 2371 3918 substantiam
2415 3870 2593 3917 mon-

247 3968 486 4053 asterii,
531 3969 724 4036 etiam
769 3990 1071 4057 personas
1108 3970 1445 4038 aecclesiae
1476 3969 1863 4057 pertinentes
1893 3968 1963 4033 in
1992 3967 2398 4054 obprobrium
2429 3986 2592 4033 sem-

241 4085 565 4172 piternum
612 4087 1044 4174 precipitavit:
1094 4086 1342 4172 quando
1375 4085 1624 4152 cuidam
1658 4084 1983 4152 Everardo
2028 4082 2106 4150 de
2135 4083 2373 4150 Richen
2418 4082 2593 4149 dedit

244 4201 315 4268 in
370 4200 774 4288 beneficium,
836 4203 1030 4269 immo
1076 4207 1148 4270 ut
1189 4203 1401 4270 verius
1447 4201 1693 4270 dicatur
1735 4202 1804 4268 in
1847 4198 2254 4283 maleficium,
2308 4197 2592 4265 virorum

245 4336 322 4385 ac
364 4317 701 4386 mulierum
739 4319 1078 4387 raciocinia
1106 4324 1170 4387 et
1197 4318 1558 4404 utilitatem,
1604 4323 1818 4406 preter
1847 4337 2103 4384 censum
2133 4314 2358 4400 solum,
2404 4336 2590 4401 quem

245 4434 586 4503 aecclesiae
631 4436 987 4520 solvebant3
1036 4437 1144 4523 qui
1187 4435 1558 4504 habitabant
1602 4436 1641 4502 a
1672 4434 1964 4523 proxima
1998 4433 2378 4502 monasterio
2410 4432 2588 4516 silva,

392 4591 435 4624 a.
476 4576 546 4626 .H.
580 4578 683 4626 cod.

2555 710 2569 724 .
2623 684 2663 719 c.
2679 672 2795 730 Aug.
2812 672 2940 732 Sept.

2706 2349 2845 2405 1153

2616 2435 2656 2470 c.
2673 2424 2787 2481 Aug.
2805 2423 2934 2483 Sept.
