3319 5242
882 433 1182 482 wmALm
1222 430 1598 482 msa-omn
1636 431 1744 479 ssi.
1782 430 1889 480 ses.
2418 413 2552 482 523

398 577 744 645 Transacta
787 576 957 664 apud
983 574 1235 643 Ulmam
1274 575 1470 660 curia,
1513 574 1781 642 domnus
1808 594 1923 640 rex
1955 572 2209 661 Spiram
2234 573 2549 663 procedet.
2587 579 2730 638 1152

225 693 314 762 Ibi
357 695 602 780 neptim
646 689 875 778 suam¹,
933 713 974 760 a
1014 711 1163 775 rege
1206 685 1668 777 Hispanorum²
1713 690 2157 777 desponsatam
2203 696 2268 760 et
2308 691 2553 777 magni·
2616 653 2700 700 m

223 808 333 880 fiee
376 810 677 895 dotatam,
720 810 791 877 in
833 828 1062 893 magno
1108 807 1411 875 comitatu
1454 807 1855 875 deferendam
1897 807 2126 875 tradet.

227 1047 398 1120 392.
439 1050 747 1118 Moniales
782 1047 1262 1115 Oeten-merentes
1302 1047 1654 1115 Wibaldum
1695 1059 1938 1136 reymit,
1983 1072 2063 1115 ne
2108 1050 2398 1115 decumas
2438 1051 2557 1117 sibi

439 1189 754 1232 concessas
796 1164 1039 1254 aufem
1075 1166 1375 1251 patiatur.
2229 1161 2338 1247 (Μ.
2373 1163 2552 1246 363.)

393 1297 572 1366 Patri
618 1298 848 1366 eximio
896 1316 971 1364 ae
1012 1297 1148 1364 Deo
1195 1295 1563 1380 dignissimo
1609 1295 1976 1364 Corbeiensi
2031 1295 2245 1364 abbati
2298 1296 2555 1366 domino
2591 1307 2731 1364 1152

217 1413 560 1498 Wfibaldo)
619 1414 922 1501 speciales
977 1414 1111 1480 eius
1164 1410 1334 1480 filiae
1385 1412 1456 1479 in
1509 1397 1680 1497 loeo,
1740 1414 1848 1500 qui
1901 1413 2132 1481 dicitur
2178 1412 2554 1502 Ostermere,

217 1551 256 1599 a
297 1531 680 1620 lippitudine
707 1529 862 1598 Liae
905 1530 984 1596 ad
1014 1529 1475 1617 speciositatem
1505 1528 1796 1597 Rachelis
1840 1528 2215 1617 profitiendo
2260 1530 2550 1598 transire.

395 1646 644 1727 Quanta
700 1645 1105 1713 sublimitatis
1157 1650 1407 1713 vestrae
1472 1645 1952 1733 amplitudinem
2014 1646 2231 1714 deceat
2294 1647 2554 1715 laudum

213 1762 685 1850 magnificentia
696 1772 738 1847 ⁸,
794 1761 851 1828 si
892 1761 1122 1829 litteris
1145 1849 1148 1852 A
1168 1763 1488 1847 assignare
1532 1781 1865 1847 conemur,
1919 1782 2038 1851 pro
2087 1764 2292 1830 nostri
2334 1785 2555 1832 sensus

212 1880 533 1969 parvitate
568 1876 909 1945 deficimus.
977 1877 1190 1945 Vestri
1218 1883 1431 1946 tamen
1458 1879 1850 1964 memoriam,
1897 1879 2079 1946 nobis
2109 1879 2556 1968 dulcissimam,

215 2015 411 2084 super
456 1994 657 2062 altare
698 1994 942 2062 incensi
986 1996 1340 2063 orationum
1383 2000 1745 2063 nostrarum
1787 1995 2019 2079 iugiter
2057 1996 2222 2079 ignis
2253 1996 2554 2065 adolebit:

214 2118 280 2180 et
338 2117 412 2179 ut
465 2117 771 2199 paternae
827 2111 1176 2195 dignationi
1235 2117 1515 2197 vestrae,
1582 2132 1773 2198 quam
1839 2111 2022 2178 nobis
2075 2111 2225 2179 licet
2279 2113 2556 2197 indignis

210 2227 522 2295 hactenus
566 2228 636 2293 in
681 2228 969 2295 omnibus
1013 2229 1290 2313 negociis
1343 2227 1578 2295 nostris
1631 2228 1740 2314 pie
1797 2227 2166 2295 exhibuistis
2179 2278 2199 2312 ,
2256 2229 2558 2316 superha-

211 2343 509 2411 bundans
553 2349 985 2410 remunerator
1030 2349 1317 2410 occurrat
1372 2349 1438 2412 et
1481 2344 1839 2411 serenitatis
1880 2349 2129 2411 vestrae
2173 2343 2558 2411 audientiam

207 2481 572 2549 pauperum
630 2480 886 2526 suorum
943 2459 1214 2545 querelis
1260 2459 1547 2527 Christus
1603 2459 1946 2544 indulgeat.
2016 2458 2287 2528 Proinde
2300 2511 2320 2545 ,
2375 2465 2558 2548 pater

209 2577 637 2663 sanctissime,
684 2576 766 2643 ad
799 2596 912 2643 vos
943 2581 1268 2664 tamquam
1314 2576 1396 2643 ad
1436 2576 1678 2643 fontem
1722 2577 2190 2646 misericordiae
2233 2576 2557 2646 sitienter*

209 2698 559 2763 exestuans
602 2699 823 2761 nostra
865 2694 1070 2760 tendit
1122 2693 1322 2760 oratio
1336 2743 1356 2778 ,
1412 2697 1486 2759 ut
1529 2713 1750 2760 causas
1794 2693 2040 2777 negocii
2081 2694 2283 2761 nostri
2297 2744 2315 2779 ,
2370 2701 2561 2782 prout

209 2810 499 2899 Spiritus
545 2813 797 2878 sanctus
850 2809 1094 2896 pectori
1148 2814 1357 2876 vestro
1414 2808 1776 2893 dictaverit,
1831 2809 2114 2898 plenarie
2168 2810 2560 2879 discutiendo
2648 2792 2655 2795 ³

205 2927 595 2996 terminetis.
776 2926 1011 2994 Notum
1057 2945 1205 3009 ergo
1247 2924 1513 2992 facimus
1561 2924 1880 2992 nobilitati
1911 2932 2181 3011 vestrae,
2224 2927 2420 2994 immo
2463 2927 2560 2996 la-

204 3042 633 3112 crimabiliter
663 3042 1103 3129 conquerimur
1128 3039 1466 3108 mellifluae
1493 3041 1864 3128 paternitati
1892 3048 2160 3126 vestrae,
2196 3045 2345 3129 quia
2371 3044 2560 3111 mini-

207 3159 508 3229 steriales
564 3160 763 3227 vestri
814 3159 1218 3226 vehementer
1283 3176 1399 3224 nos
1465 3157 1770 3224 infestant
1833 3178 1950 3244 pro
2008 3158 2279 3245 decima,
2349 3180 2559 3246 quam,

205 3276 438 3344 divina
480 3275 660 3342 nobis
708 3280 1020 3342 annuente
1051 3274 1403 3358 clementia,
1446 3278 1662 3340 vestra
1689 3274 1998 3342 concessit
2024 3274 2440 3363 providentia,
2488 3295 2563 3344 ac

202 3393 565 3478 infringere
613 3397 678 3460 et
720 3390 1125 3476 adnichilare,
1171 3409 1332 3477 quae
1358 3394 1572 3457 vestra
1603 3391 1974 3458 auctoritate
2020 3397 2084 3458 et
2125 3392 2386 3460 consilio
2433 3397 2560 3460 sta-

201 3509 405 3578 bilita
450 3513 616 3593 sunt,
661 3507 881 3576 volunt
925 3512 989 3575 et
1034 3507 1410 3574 omnimodis
1456 3506 1703 3573 auferre
1746 3513 2072 3592 conantur,
2115 3508 2242 3575 nisi
2286 3509 2325 3575 a
2350 3514 2563 3578 vestra

203 3625 530 3710 dignitate
584 3628 1115 3691 commoneantur.
1209 3624 1390 3691 Hanc
1441 3623 1670 3708 igitur,
1728 3623 1979 3691 domine
2032 3626 2560 3713 reverentissime,

200 3748 358 3810 tam
400 3739 737 3808 ineffabilis
782 3740 1017 3807 doloris
1074 3740 1371 3807 iniuriam
1415 3745 1786 3826 vestraeque
1827 3761 2164 3828 personae,
2222 3742 2373 3828 quia
2423 3743 2562 3831 ipse

201 3860 285 3926 in
335 3876 527 3924 causa
568 3857 800 3942 fuistis,
845 3856 1290 3924 contumeliam
1318 3877 1433 3944 per
1470 3876 1586 3923 nos
1617 3854 1889 3942 effugere
1916 3877 2045 3925 non
2087 3857 2390 3944 valemus,
2435 3859 2561 3926 nisi

199 3978 439 4043 vestra
481 3974 915 4062 compassione
960 3973 1161 4040 fretae
1203 3972 1527 4039 fuerimus.
1619 3971 2046 4061 Quapropter,
2091 3974 2130 4041 ό
2174 3974 2353 4061 pium
2397 3974 2559 4041 sola-

198 4111 371 4160 men
414 4090 813 4158 miseriarum
856 4093 1237 4173 nesta-arum,
1284 4088 1323 4155 ό
1366 4108 1512 4176 spes
1555 4093 1774 4156 nostra
1816 4095 1963 4177 post
2004 4088 2366 4174 Dominum,
2412 4088 2562 4157 licet

199 4226 489 4295 corpore
534 4207 843 4292 absentee,
890 4206 1118 4294 spiritu
1159 4209 1375 4272 tamen
1416 4210 1762 4293 presentes,
1808 4210 1940 4273 toto
1976 4205 2183 4273 cordis
2213 4223 2287 4273 ao
2327 4206 2558 4274 mentis

369 4379 412 4413 a.
454 4366 788 4425 magnificentii
818 4385 859 4413 e.
986 4365 1032 4413 b.
1066 4366 1262 4412 scienter
1292 4365 1396 4412 eod.

367 4452 418 4506 1.
466 4450 789 4521 nichilum,
831 4450 1002 4508 filiam
1037 4451 1326 4508 wladislai
1368 4449 1425 4506 Π
1470 4450 1628 4507 ducis
1674 4450 1935 4508 Poloniae
1978 4454 2036 4507 et
2077 4449 2316 4523 Agnetis
2358 4452 2562 4510 sororis

181 4555 520 4618 germanae
555 4540 793 4600 conradi
825 4541 907 4600 111
940 4541 1107 4617 regis.
1247 4543 1299 4601 2.
1336 4539 1573 4600 Alfonso
1607 4541 1680 4612 11,
1716 4556 1847 4613 rege
1882 4540 2161 4599 Cutiliae.
