3319 5242
826 467 1428 518 cnaosocmrms
1474 468 1916 519 commem
2451 453 2536 520 57

245 608 299 675 id
332 629 432 696 per
471 609 773 678 Thomam
818 609 1201 679 cardinalem
1217 606 1234 637 ¹
1279 610 1505 695 exequi
1556 631 1774 697 posse,
1832 612 2169 679 dummodo
2222 613 2353 679 iam
2395 633 2541 700 pre-
2596 618 2735 674 1146

245 721 379 791 lata'
418 725 846 814 deponeretur.
980 727 1184 795 Nacta
1213 727 1409 812 igitur
1438 727 2007 814 quantulacumque
2037 728 2396 796 decolorata
2438 749 2541 797 oc-
2576 705 2615 738 α’
2636 692 2770 739 ω

244 842 485 926 cesione,
537 844 689 928 quia
730 863 848 910 nec
891 864 1044 910 vera
1085 864 1203 910 nec
1245 843 1492 928 idonea,
1535 863 1651 932 per
1695 846 1987 932 proprios
2002 856 2023 881 ·
2070 864 2215 912 suos
2262 845 2541 913 Tbeode-

242 957 378 1023 ricus
418 959 681 1026 eminati
726 955 1144 1027 abbatissam⁸
1188 960 1395 1027 verbis
1448 960 1766 1048 precepit,
1823 961 1924 1027 sin
1980 968 2189 1029 autem
2248 963 2423 1030 exire
2478 967 2544 1029 et

240 1073 413 1140 minus
464 1081 891 1143 assentaretur
904 1126 924 1160 ,
982 1075 1323 1163 pelleretur
1377 1081 1488 1144 aut
1541 1078 1734 1143 etiam
1787 1077 1957 1144 foras
2002 1078 2082 1145 ab
2125 1078 2325 1165 ipsius
2339 1078 2364 1115 δ
2409 1097 2542 1146 ser-

187 1198 190 1200 ’
238 1189 402 1256 vulis⁶
444 1228 525 1238 —
578 1192 747 1278 quod
804 1197 869 1259 et
920 1173 1157 1259 factum
1216 1197 1533 1280 postremo
1580 1230 1664 1239 —
1714 1193 1812 1260 et‘¹
1855 1214 1984 1260 non
2027 1193 2218 1260 nullis
2261 1194 2541 1262 lacrimis

235 1306 476 1374 mbrius
527 1308 1011 1375 madidaretur‘.
1119 1302 1440 1394 Siquidem
1505 1309 1574 1375 in
1629 1311 1832 1376 sancti
1876 1309 2009 1377 Viti
2068 1310 2258 1394 festo,
2325 1311 2393 1376 id
2447 1315 2544 1377 est
2573 1324 2671 1371 Iun.
2694 1324 2753 1372 15

240 1423 303 1486 17
340 1421 467 1489 Kal.
513 1423 851 1509 Iulim,
907 1424 1051 1512 ipsa
1105 1425 1176 1490 in
1233 1424 1522 1491 edicioris
1581 1424 1705 1492 loci
1763 1430 2083 1492 constratu
2135 1427 2350 1513 pueris
2409 1427 2541 1493 suis

234 1537 563 1607 sollemnius
595 1560 991 1625 convescens,
1026 1541 1416 1608 advenerunt
1444 1541 1679 1608 servuli
1710 1542 2077 1610 Theoderici
2105 1543 2173 1607 in
2200 1541 2321 1608 hoc
2349 1541 2541 1609 desti-

234 1654 368 1737 nati3
423 1657 528 1742 qui
588 1657 659 1722 in
701 1656 964 1724 eandem
1019 1657 1404 1725 abbatissam
1460 1657 1853 1725 indecentius
1899 1660 2121 1742 etiam,
2179 1678 2367 1743 quam
2419 1658 2543 1725 fari

233 1770 362 1836 mihi
403 1778 613 1857 queat,
657 1793 883 1839 manus
912 1774 1281 1859 iniecerunt,
1327 1775 1707 1841 renitentem
1737 1774 1815 1841 de
1842 1794 2065 1841 mensa
2094 1774 2548 1841 submoverunt

231 1885 411 1972 sicque
460 1888 637 1956 foras
693 1889 1137 1958 miserabiliter
1191 1885 1567 1958 eiecerunt*.
1661 1890 1825 1956 Nam
1878 1911 1996 1958 nec
2045 1890 2418 1958 dilacionem
2461 1890 2546 1958 ad

232 2001 479 2071 ciborum
526 2007 1150 2091 consummationem,
1198 2027 1353 2092 quos
1399 2012 1463 2074 et
1503 2007 1764 2095 proprio
1802 2027 1992 2074 censu
2023 2028 2101 2074 ex
2129 2006 2543 2075 vendentibus

230 2124 634 2207 contraxerat,
690 2123 972 2191 obtinere
1015 2124 1333 2209 nequibat.
1430 2122 1542 2190 Set
1584 2124 1724 2209 quis
1771 2124 2299 2210 dispensationem
2345 2123 2544 2190 domi-

228 2235 407 2303 nicam
447 2237 773 2305 infirmare
818 2238 1065 2305 valeat?
1156 2239 1290 2324 Illa,
1334 2238 1770 2325 undecumque
1813 2240 1968 2306 talia
2008 2239 2255 2326 perpeti
2299 2239 2540 2324 habuit,

228 2350 302 2418 sic
338 2353 631 2441 depulsa,
693 2354 947 2439 eligitur
1001 2355 1258 2423 tandem
1319 2355 1398 2422 ab
1458 2356 1747 2423 omnibus
1803 2357 1973 2423 intus
2019 2361 2085 2422 et
2126 2356 2280 2422 foris
2325 2355 2542 2422 Helm-

224 2465 411 2554 burgis
453 2472 908 2558 prepositissa,
964 2491 1093 2537 non
1138 2471 1505 2539 Theoderici
1546 2470 1709 2557 filia,
1759 2492 2139 2558 quamquam
2165 2492 2281 2559 per
2309 2471 2542 2539 multos

225 2583 543 2655 multifarie
601 2588 869 2656 instaret
920 2588 1323 2675 maximaque
1386 2588 1710 2655 instantia.
1815 2587 2262 2656 Hlouduwicus
2331 2593 2541 2657 autem

224 2699 364 2769 infra
400 2705 537 2771 iam
584 2705 788 2772 dictus
833 2725 977 2771 cum
1022 2705 1154 2771 suis
1171 2755 1190 2789 ,
1249 2704 1454 2771 modis
1499 2704 1726 2790 quibus
1769 2705 1954 2772 facile
1996 2705 2065 2771 id
2110 2703 2415 2789 efficeret,
2470 2711 2554 2772 ut.

223 2816 327 2884 iam
378 2820 589 2888 electa
643 2820 933 2889 electioni
976 2821 1227 2889 cederet
1281 2825 1346 2888 et
1387 2818 1584 2887 filiam
1629 2821 1766 2887 eius
1812 2823 1942 2888 acsi
1984 2842 2111 2889 non
2159 2822 2356 2889 electa
2398 2842 2543 2889 cum

226 2937 419 3004 ceteris
451 2937 739 3022 eligeret,
785 2942 885 3004 set
913 2942 977 3004 et
1004 2937 1170 3005 bona
1198 2958 1332 3025 spe,
1379 2938 1528 3024 quia
1553 2938 1933 3025 promiserat
1959 2943 2253 3005 centenos
2282 2958 2541 3005 mansus

225 3049 350 3120 dare
388 3055 558 3123 velle
603 3054 701 3121 illi
746 3054 1061 3121 ecelesiae.

373 3170 667 3238 Domnus
714 3175 924 3237 autem
967 3189 1102 3254 rex,
1150 3168 1305 3235 talia
1345 3169 1447 3236 vel
1491 3169 1590 3235 his
1636 3168 1871 3235 similia
1914 3174 2025 3235 aut
2068 3169 2261 3236 etiam
2300 3167 2543 3235 maiora
2622 3179 2759 3236 1147

227 3302 603 3371 pernoscens,
650 3287 1073 3373 oportunitate
1103 3285 1479 3352 decentioris
1522 3285 1889 3352 mutationis
1935 3290 2046 3352 aut
2088 3286 2280 3352 etiam
2321 3285 2541 3352 lauda-
2572 3268 2612 3301 ‘²'
2628 3254 2724 3303 ω’
2744 3255 2804 3303 ²⁹

226 3397 437 3469 bilioris
484 3402 918 3491 professionis,
966 3423 1153 3488 quam
1199 3406 1264 3468 et
1293 3402 1612 3487 aliquanto
1642 3400 1890 3485 extulit,
1937 3400 2300 3469 Corbeiensi
2344 3402 2539 3470 eecle-

230 3513 354 3602 ssiae,
389 3518 565 3589 sicut
610 3519 847 3584 dictum
893 3522 1008 3602 est,
1055 3523 1321 3604 utraque
1363 3517 1504 3584 loca
1545 3517 1658 3583 illa
1701 3517 1942 3584 tribuit.
2010 3516 2099 3584 Et
2130 3519 2278 3603 quia
2318 3525 2539 3606 pastus

229 3633 780 3701 sanctimonialibus
826 3634 1181 3700 omnimodo
1220 3633 1611 3701 Kimenaden
1654 3633 1885 3717 defuit,
1942 3632 2274 3704 Corbeiam
2317 3655 2386 3702 se
2430 3635 2540 3702 ob-

228 3749 625 3836 temperantes
669 3750 1012 3835 transtulit,
1067 3755 1132 3818 et
1175 3748 1509 3836 quasdam‘
1550 3750 1672 3833 ibi,
1719 3750 2023 3835 quasdam
2065 3770 2210 3817 cum
2253 3751 2385 3817 suis
2429 3750 2539 3818 ho-

227 3866 581 3934 nestioribus
627 3866 712 3934 ad
751 3887 948 3934 novos
990 3867 1233 3934 fructus
1280 3865 1436 3933 alias
1468 3866 1829 3950 destinavit,
1873 3866 1984 3933 ubi
2012 3871 2076 3933 et
2107 3866 2184 3933 de
2212 3867 2538 3952 naufragio

365 3986 394 4019 ⁸
436 3989 509 4046 Ea
546 3992 798 4065 mar-qim
837 3990 1024 4048 eadem
1063 4009 1266 4047 manus
1307 3990 1524 4047 addidit
1559 3991 1727 4047 haec:
1776 3991 1868 4048 sot
1918 3992 1980 4049 et
2028 3988 2274 4066 depulsa
2324 3992 2386 4049 et
2424 3988 2538 4049 Lo-

438 4085 658 4147 duwici
707 4090 770 4147 et
816 4086 942 4147 filia
979 4084 1335 4147 Theudorici
1387 4104 1505 4147 uno
1555 4086 1793 4147 nomine
1840 4087 2069 4148 scilieet
2105 4085 2343 4148 Iudhita
2379 4086 2538 4148 voci-

438 4187 564 4245 tate
603 4188 760 4246 sunt.

349 4331 390 4364 a.
420 4332 508 4380 per
533 4320 715 4382 prodes
747 4338 787 4367 c.
909 4319 953 4366 b.
993 4320 1109 4379 ipsis
1141 4338 1181 4366 c.
1305 4333 1345 4367 e.
1385 4323 1584 4382 nequitur
1614 4323 1768 4368 lauro.
1893 4320 1938 4368 d.
1983 4323 2030 4368 et
2063 4320 2243 4368 adaias.
2371 4333 2412 4367 e.
2441 4332 2536 4366 ma-

229 4391 341 4443 datu
367 4416 409 4447 e.
531 4400 563 4447 f.
594 4404 796 4462 sequitur
825 4402 964 4448 liuta
995 4403 1180 4464 exigna.

351 4484 400 4539 1.
445 4486 628 4556 presb.
653 4484 802 4542 eard.
826 4487 914 4542 tit.
937 4486 1294 4543 S.Vestinae.
1346 4487 1418 4543 V.
1444 4503 1615 4557 supra
1646 4502 1704 4556 p.
1727 4486 1799 4542 49
1833 4503 1890 4541 n.
1915 4487 1967 4541 2.
2075 4487 2126 4540 2.
2165 4484 2351 4540 Iudita
2383 4497 2538 4539 soror

231 4566 453 4630 Banu-ici
487 4574 515 4629 1
545 4575 764 4634 abbatis
799 4575 959 4633 Corb.
1105 4577 1159 4632 3.
1195 4576 1433 4633 Iuditam
1468 4591 1711 4634 sororem
1746 4575 1995 4632 Heinrici
2028 4574 2057 4629 1
2090 4573 2219 4631 abb.
2242 4572 2406 4632 corb.
