3319 5242
939 458 1239 506 wmanm
1279 457 1652 507 ammom
1691 458 1798 506 666.
1835 458 1942 506 667.
2472 442 2604 512 395

271 605 557 668 nostram
600 600 767 669 ferre
812 601 1073 684 curetis3
1121 601 1413 687 quatinus
1456 601 1525 668 in
1571 600 1845 668 adventu
1871 606 2086 669 nostro
2127 601 2209 670 ad
2237 602 2606 672 6611666166-
2667 611 2810 668 1156

270 716 425 783 dum
481 717 842 785 necessitati
886 721 1133 785 vestrae
1181 723 1359 784 tanto
1401 717 1821 805 promptiores
1868 722 1932 785 et
1976 718 2308 788 alacriores
2351 706 2468 789 nos
2509 723 2606 789 in-
2641 688 2829 796 0333.

268 833 563 918 Veniatia,
611 840 842 920 quanto
886 834 1284 918 benigniores
1313 845 1458 901 vos·
1495 834 1755 901 interim
1781 834 1963 902 nobis
1990 836 2373 923 inpacientia
2399 842 2610 906 vestra

270 950 705 1017 exhibueritis.
775 950 1189 1018 obsecramus
1234 951 1428 1019 etiam
1455 951 1932 1018 universitatem
1959 956 2256 1037 vestram,
2299 959 2374 1022 ut
2406 955 2608 1021 omni·

267 1068 551 1154 potentis
580 1066 701 1134 Dei
744 1067 1240 1134 misericordiam
1284 1087 1473 1154 super
1512 1087 1627 1134 nos
1659 1073 1725 1135 et
1751 1071 2029 1136 vestram
2058 1074 2245 1155 atque
2273 1069 2609 1138 Corbeien·

268 1202 408 1250 sem
469 1182 835 1251 aecclesiam
881 1185 1182 1251 attentius
1225 1184 1518 1251 invocare
1562 1184 1897 1270 studeatis,
1952 1190 2026 1253 ut
2066 1185 2175 1253 ille
2218 1190 2401 1273 pater
2441 1187 2608 1273 pius,

271 1300 383 1386 qui
427 1300 650 1367 visitat
691 1301 760 1367 in
801 1301 984 1385 virga
1025 1301 1390 1387 iniquitates
1432 1305 1683 1368 nostras
1729 1308 1794 1369 et
1833 1302 1903 1368 16
1946 1302 2307 1370 verberibus
2350 1308 2611 1390 peecata

267 1421 492 1483 nostra
509 1413 545 1502 ¹,
591 1417 1087 1485 misericordiam
1133 1422 1344 1484 tamen
1391 1438 1570 1483 suam
1617 1438 1657 1485 a
1701 1417 1881 1485 nobis
1928 1424 1990 1486 et
2023 1419 2101 1486 ab
2132 1418 2447 1488 aecclesiis
2477 1420 2607 1487 suis

265 1553 400 1600 non
443 1533 780 1621 dispergat.

271 1745 453 1818 267.
490 1748 805 1815 Wibaldus
839 1747 1223 1836 Stephanum
1255 1746 1322 1814 S.
1350 1746 1560 1814 Iacobi
1588 1748 1953 1816 Leodiemie
1983 1753 2267 1839 priorem
2309 1750 2608 1835 hortatur,

492 1876 564 1931 ut
606 1866 876 1931 oblatam
919 1866 1231 1930 abbatiam
1272 1866 1581 1952 suscipiat.
2287 1864 2396 1948 (M.
2433 1868 2608 1950 193.)

447 1997 674 2065 Frater
729 1996 1055 2066 Wibaldus
1114 1996 1237 2065 Dei
1302 1998 1511 2082 gratia
1567 1996 1957 2067 Stabulensis
2027 1999 2326 2068 ecclesiae
2392 2021 2610 2069 servus
2646 2014 2786 2071 1150

268 2114 500 2182 dilecto
556 2113 743 2181 fratri
801 2119 866 2181 et
923 2113 1123 2180 amico
1178 2111 1495 2201 Stephano
1551 2114 1849 2182 ecclesiae
1908 2116 2110 2182 sancti
2152 2115 2361 2184 Iacobi
2414 2118 2612 2205 priori

269 2232 470 2301 electo
485 2226 531 2316 ²,
576 2231 916 2298 confortari
958 2231 1028 2297 in
1069 2229 1361 2297 Domino.

449 2349 708 2416 Letatus
752 2372 892 2415 sum
934 2352 1005 2413 in
1049 2349 1167 2430 his,
1218 2371 1378 2436 quae
1422 2350 1591 2414 diota
1634 2360 1779 2414 sunt
1821 2348 2009 2414 mihi.-
2056 2348 2138 2414 In
2182 2351 2433 2417 domum
2467 2353 2609 2418 Do-

266 2468 437 2532 mim‘
475 2459 759 2532 ibimus⁸.
848 2464 1225 2532 Audivimus
1278 2465 1476 2531 frater
1532 2468 1596 2531 et
1645 2463 1827 2531 letati
1870 2485 2084 2532 sumus
2097 2515 2118 2551 ‚
2175 2466 2341 2553 quod
2383 2467 2612 2536 fratres

267 2584 389 2668 tui,
439 2581 756 2670 spirituali
798 2586 981 2670 patre
1026 2581 1251 2667 orbati,
1296 2585 1362 2648 te
1402 2581 1469 2648 in
1510 2580 1794 2666 regimen
1823 2586 1887 2650 et
1914 2587 2232 2670 pastorem
2261 2584 2614 2653 animarum

270 2720 534 2767 suarum
568 2700 862 2767 concordi
893 2705 958 2768 et
983 2700 1268 2767 unanimi
1290 2704 1435 2766 voto
1465 2698 1705 2786 pariter
1734 2699 2055 2784 elegerint.
2099 2700 2209 2770 Set
2237 2706 2328 2787 tu,
2360 2708 2613 2771 sanctae

272 2816 654 2884 humilitatis
699 2815 1005 2901 conscius,
1052 2837 1208 2884 onus
1250 2816 1595 2904 inpositum
1634 2816 1801 2885 ferre
1830 2817 2157 2885 detrectas.
2217 2818 2335 2886 Pia
2362 2819 2615 2906 quidem

274 2940 343 3001 et
403 2932 783 3000 christianae
838 2933 1160 3018 religionis
1215 2932 1405 3020 plena
1456 2933 1756 3018 intentio,
1815 2934 1983 3019 quod
2038 2934 2282 3020 elegisti
2339 2935 2615 3004 abiectus

274 3069 418 3117 6666
461 3049 532 3116 16
575 3049 766 3116 domo'
789 3049 911 3117 Dei
953 3049 1048 3116 tui
1091 3050 1315 3135 magle,
1362 3069 1551 3135 quam
1595 3048 1880 3117 habitare
1922 3051 1990 3116 in
2019 3051 2437 3119 tabernaculis
2466 3072 2615 3140 pec-

271 3162 614 3234 catorum⁴.
707 3165 848 3233 Tibi
903 3167 1155 3252 quidem
1203 3167 1400 3233 frater
1443 3165 1629 3251 utile,
1689 3171 1788 3232 set
1828 3172 2089 3254 propter
2133 3167 2289 3234 alios
2333 3189 2462 3236 non
2505 3189 2614 3237 ne-
2684 3184 2691 3192 ·

272 3284 652 3365 cessarium3
701 3288 766 3351 et
809 3284 974 3351 sicut
1016 3284 1312 3370 equitatis
1359 3283 1636 3350 dictante
1680 3282 1932 3350 iusticia
1957 3282 2065 3350 ille
2093 3283 2488 3371 repellendus
2518 3293 2617 3356 est

275 3401 388 3487 qui
447 3399 793 3485 desiderat,
851 3400 943 3466 sic
999 3401 1333 3467 canonicae
1390 3399 1655 3466 rationis
1701 3399 1808 3466 via
1854 3398 1963 3466 ille
2006 3400 2319 3484 cogendus
2366 3407 2463 3470 est
2506 3405 2617 3490 qui

273 3520 547 3584 recusat.
638 3515 777 3600 Age
832 3516 1029 3600 igitur
1077 3517 1275 3583 frater
1328 3516 1577 3583 divinae
1628 3515 2082 3604 dispensationi
2126 3518 2395 3604 gratiae,
2456 3540 2616 3606 quae

276 3639 343 3701 et
386 3632 507 3700 tibi
549 3631 922 3700 humilitatis
967 3638 1031 3701 et
1073 3632 1528 3720 temperantiae
1571 3633 1867 3721 spiritum
1914 3634 2402 3704 amministravit
2446 3642 2510 3705 et
2551 3642 2616 3705 te

275 3749 362 3818 ad
429 3749 836 3837 participium
903 3769 1055 3817 suae
1119 3749 1450 3836 potestatis
1505 3751 1571 3817 'et
1624 3751 1899 3818 nominis
1956 3750 2294 3819 clementer
2347 3754 2614 3820 vocavit.

274 3866 658 3953 Accepimus
704 3866 872 3934 enim
916 3865 1209 3952 spiritum
1254 3866 1609 3953 adoptionis
1648 3866 1944 3953 filiorum,
1987 3868 2058 3936 in
2087 3890 2208 3956 quo
2239 3868 2613 3937 clamamus:

276 3984 469 4051 Abba
508 3977 744 4071 pater‘.
811 3981 998 4048 Abba
1025 3986 1233 4069 pater:
1280 3982 1487 4067 Deus3
1535 3984 1699 4054 abba
1724 3991 1936 4072 pater:
1982 3985 2168 4053 homo
2214 3987 2510 4054 canonice
2553 3990 2618 4054 et

424 4146 467 4180 ι.
507 4136 576 4180 n'e
606 4151 665 4180 α
693 4133 825 4181 vobis
856 4142 1096 4180 correctum
1128 4142 1199 4180 ue
1226 4136 1271 4181 in
1303 4135 1408 4181 eod.

424 4220 476 4276 1.
511 4220 605 4276 Ps.
629 4221 725 4290 88,
751 4220 840 4276 33.
980 4220 1034 4275 2.
1081 4217 1394 4290 Stephanus
1438 4219 1521 4276 111
1565 4219 1738 4279 abbas
1783 4219 1842 4278 S.
1867 4221 2054 4279 Iacobi
2100 4221 2424 4279 Leodiensis
2471 4238 2617 4281 auno

281 4309 423 4366 1135
459 4308 786 4366 coenobium
823 4324 1015 4381 regere
1039 4310 1240 4381 coepit,
1279 4309 1590 4381 Stephanus
1617 4311 1699 4368 IV
1723 4327 1868 4368 anno
1894 4311 2035 4368 1150
2071 4313 2145 4380 (v.
2170 4311 2417 4368 Annales
2452 4310 2508 4368 S.
2533 4312 2615 4368 Ia-

278 4398 407 4456 cobi
443 4398 614 4455 Leod.
652 4393 790 4455 1135
826 4404 884 4456 et
920 4399 1060 4455 1150
1101 4399 1159 4455 16
1204 4399 1350 4456 Mon.
1376 4399 1558 4484 Germ.
1586 4400 1685 4458 SS.
1708 4400 1861 4458 XVI.
1890 4400 2020 4470 640,
2047 4401 2192 4471 641).
2264 4400 2443 4467 Quare
2477 4399 2616 4457 hmo

278 4487 518 4559 epistola
552 4486 623 4544 ad
658 4503 862 4545 annum
890 4489 1030 4546 1150
1053 4489 1330 4560 pertinere
1351 4490 1584 4549 videtur.
1692 4490 1744 4546 3.
1782 4489 1874 4546 Ps.
1900 4489 2021 4560 121,
2048 4491 2097 4545 1.
2203 4488 2259 4546 4.
2294 4490 2384 4547 Ps.
2413 4490 2501 4561 84,
2527 4490 2611 4546 11.

279 4578 333 4635 5.
367 4578 529 4636 Rom.
553 4578 604 4648 8,
630 4577 717 4634 15.
1145 4613 1152 4620 ·
