3319 5242
985 431 1283 479 wmALnr
1325 429 1657 479 nms'rou
1701 428 1806 477 126.
2447 412 2570 479 201

265 575 474 643 mulam
503 575 670 642 inter
705 573 1079 642 Stabulense
1116 579 1180 640 et
1211 573 1586 641 Corbeiense
1621 571 2097 655 monasterium,
2131 570 2235 638 vel
2270 572 2438 658 apud
2467 593 2579 639 vos
2619 579 2758 633 1148

262 693 474 760 licitam
520 698 584 758 et
626 697 830 759 tutam
871 692 1263 759 mansionem
1292 690 1525 758 habere
1554 689 1654 756 vel
1687 710 1802 776 per
1832 688 2301 755 intercessionis
2332 694 2579 756 vestrae
2640 652 2736 699 ⁰⁰&

260 810 504 894 gratiam
547 829 907 892 regressum
953 809 1033 875 ad
1078 829 1224 875 suos
1258 808 1485 874 fratres
1519 806 1800 873 obtinere
1847 826 1914 872 se
1959 825 2145 892 posse
2192 806 2576 875 existimant.

413 924 694 1010 Longam
748 926 960 1011 itaque
1021 925 1286 992 actionis
1341 924 1569 991 seriem
1630 922 2076 1009 compendiosa
2130 922 2305 991 vobis
2359 943 2580 990 narra-

259 1044 409 1110 tione
458 1042 826 1130 pandemus.
931 1040 1090 1108 Cum
1162 1040 1592 1108 anniversaria
1657 1039 1792 1105 dies
1854 1038 2060 1104 obitus
2118 1038 2579 1125 predecessoris
2617 1052 2715 1101 Oct.
2734 1056 2762 1101 s

258 1160 436 1225 nostri
490 1159 735 1226 abbatis
780 1154 1097 1225 Heinrici¹
1144 1179 1183 1223 a
1224 1158 1407 1224 nobis
1452 1155 1756 1223 Corbeiae
1809 1155 2152 1221 christiano
2198 1176 2373 1222 more
2419 1156 2582 1224 cele-

259 1275 521 1342 braretur
530 1271 576 1360 ',
622 1281 752 1342 tres
799 1296 879 1342 ex
922 1275 1252 1342 iuvenibus
1296 1274 1597 1340 fratribus
1644 1272 1878 1339 nostris
1926 1292 1965 1337 a
2009 1278 2320 1339 conventu
2362 1278 2579 1341 nostro

261 1398 315 1458 et
362 1392 670 1477 exequiis,
728 1412 884 1479 quas
940 1391 1231 1458 defuncto
1289 1391 1502 1458 abbati
1555 1388 2108 1476 impendebamus,
2165 1409 2302 1454 sese
2349 1410 2427 1456 ex
2474 1390 2580 1457 de·

258 1507 603 1577 liberatione
661 1513 726 1574 et
780 1508 1066 1574 condicto
1126 1508 1576 1575 subduxerunt.
1663 1504 2040 1589 Interrogati
2096 1526 2135 1570 a
2188 1505 2371 1573 nobis
2384 1556 2404 1590 ,
2470 1527 2581 1574 cur
2677 1513 2686 1524 '

258 1625 340 1690 ita
377 1626 687 1709 fecissent,
732 1625 1215 1711 responderunt,
1261 1646 1329 1690 se
1374 1629 1509 1690 tute
1552 1643 1682 1689 non
1726 1642 1911 1709 posse
1958 1641 2139 1689 orare
2182 1643 2298 1709 pro
2334 1643 2582 1691 excom-

258 1743 585 1827 municato,
644 1743 821 1809 cuius
878 1742 1147 1808 cadaver
1202 1746 1421 1808 contra
1476 1740 1841 1806 canonicam
1896 1739 2214 1806 iusticiam
2261 1745 2427 1807 esset
2467 1741 2584 1816 hu-⁴

259 1864 478 1926 matum
546 1860 718 1926 intra
787 1857 1171 1925 aecclesiam.
1275 1857 1672 1936 Quesivimus
1729 1877 1771 1923 a
1822 1855 2082 1941 reliquis
2138 1856 2439 1924 fratribus
2497 1894 2581 1906 ——

260 1994 455 2041 omnes
522 1976 692 2043 enim
756 1976 1049 2059 aderant,
1119 1995 1300 2041 senes
1358 1994 1503 2040 cum
1565 1973 1917 2039 iunioribus
1974 2009 2057 2018 —
2116 1994 2199 2038 an
2255 1972 2402 2039 huic
2454 1995 2585 2041 ser-

258 2093 412 2157 moni
468 2112 793 2163 assensum
846 2092 1222 2177 preberent?
1309 2091 1623 2174 Negatum
1684 2094 1782 2155 est
1837 2088 1915 2155 ab
1969 2089 2289 2173 omnibus,
2347 2089 2476 2157 tale
2522 2097 2586 2158 et

258 2212 376 2275 tam
427 2209 781 2275 inauditum
825 2208 1086 2275 verbum
1133 2229 1210 2274 ex
1256 2228 1372 2275 sua
1417 2207 1774 2277 coniventia
1815 2206 2227 2293 processisse,
2287 2208 2585 2294 precipue

257 2343 387 2390 cum
427 2325 595 2392 idem
641 2325 834 2392 abbas
880 2324 1233 2407 Heinricus,
1282 2343 1468 2409 quem
1513 2343 1835 2408 nunquam
1878 2322 2073 2389 fuisse
2121 2322 2411 2390 abbatem
2454 2328 2584 2391 tres

254 2439 342 2506 illi
381 2442 714 2509 temeraria
756 2443 1227 2529 presumptione
1275 2439 1694 2522 affirmabant,
1747 2459 2166 2526 nequaquam,
2214 2439 2363 2505 dum
2410 2440 2584 2507 advi-

255 2564 442 2643 veret,
502 2559 578 2626 de
624 2560 888 2626 crimine
935 2558 1141 2645 aliquo
1187 2558 1412 2625 fuisset
1455 2557 1776 2624 convictus
1822 2555 1922 2624 vel
1966 2557 2316 2642 confessuS,
2366 2563 2463 2624 set
2503 2578 2586 2625 ne

252 2674 523 2760 pulsatus
569 2677 825 2762 quidem
870 2676 1088 2742 ordine
1131 2675 1481 2742 iudiciario.
1550 2674 1880 2759 Rogabant
1924 2694 2160 2758 omnes,
2206 2679 2281 2740 ut
2324 2675 2423 2741 sui
2465 2676 2585 2741 mi-

251 2809 607 2861 sereremur.
655 2793 859 2860 Erant
887 2794 1057 2860 enim
1086 2793 1423 2880 perniciosi
1453 2791 1548 2858 illi
1579 2797 1709 2858 tres
1740 2792 1808 2858 in
1839 2793 2317 2875 congregatione
2348 2791 2586 2859 discor-

251 2909 375 2993 des,
422 2910 589 2994 elati‚
624 2916 690 2977 et
721 2911 799 2977 ad
830 2930 1081 2977 omnem
1111 2909 1350 2976 ordinis
1380 2909 1632 2975 ruinam
1663 2913 1725 2974 et
1756 2907 2158 2975 claustralem
2186 2907 2587 2994 disciplinam

249 3026 683 3095 destruendam
731 3027 1026 3094 audacter
1083 3026 1573 3113 promptissimi,
1622 3031 1686 3091 et
1742 3045 1820 3090 ex
1874 3023 2061 3107 longo
2115 3030 2400 3111 tempore
2453 3025 2585 3091 iam

246 3151 498 3231 propter
530 3145 767 3212 bonum
793 3143 990 3230 pacis,
1036 3142 1378 3210 multorum
1406 3141 1790 3209 reclamante
1818 3141 2099 3225 consilio,
2143 3140 2587 3223 longanimiter

249 3279 284 3325 a
335 3261 514 3328 nobis
560 3260 830 3327 tolerati.
924 3259 1227 3326 Conversi
1272 3261 1462 3326 etiam
1508 3279 1677 3325 nunc
1723 3258 1803 3324 ad
1844 3258 2220 3345 patientiam
2266 3262 2330 3323 et
2372 3262 2585 3343 pater-

245 3395 392 3442 num
439 3377 768 3444 induentes
815 3377 1115 3460 animum,
1163 3377 1482 3463 coepimus
1529 3397 1634 3442 eos
1681 3379 2006 3442 mansuete
2042 3378 2107 3440 et
2134 3374 2444 3440 instanter
2474 3374 2584 3440 ad-

244 3511 528 3577 monere,
585 3514 666 3560 ne
726 3493 1122 3560 ambularent
1164 3494 1232 3560 in
1276 3493 1524 3576 magnis
1571 3498 1635 3558 et
1678 3493 1745 3557 in
1788 3490 2182 3558 mirabilibus
2227 3511 2416 3577 super
2460 3487 2583 3574 se⁸,

246 3608 628 3694 deponerent
680 3611 825 3677 odia
869 3615 1230 3694 veternosa,
1291 3630 1410 3696 que
1456 3610 1523 3675 in
1569 3613 1894 3675 aeternum
1937 3607 2197 3674 trahunt
2237 3607 2584 3692 interitum,

244 3733 560 3793 cessarent
603 3729 896 3814 persequi
940 3728 1182 3794 cineres
1217 3726 1451 3793 mortui
1479 3725 1772 3808 hominis,
1819 3725 2193 3791 desisterent
2221 3724 2584 3792 scandalum

241 3841 444 3909 facere
491 3845 672 3912 nobis
728 3850 793 3911 et
835 3844 1137 3911 fratribus
1183 3844 1332 3910 suis.
1425 3844 1774 3909 Invenimus
1834 3842 2091 3927 inquam
2149 3843 2249 3909 Ιιὶο
2304 3845 2475 3910 electi
2529 3855 2588 3909 et

242 3965 440 4026 vocati
489 3986 563 4028 ac
605 3965 813 4028 venire
859 3986 935 4027 esc
981 3963 1325 4028 obedientia
1353 3963 1520 4042 iussi,
1569 3961 1928 4026 aecclesiam
1955 3959 2117 4025 hanc
2145 3963 2373 4048 absque
2399 3961 2584 4025 ullius

244 4079 721 4144 contradictione
777 4080 988 4144 divina
1044 4079 1445 4144 celebrantem
1501 4076 1720 4168 officia
1729 4103 1752 4159 ,-
1809 4087 1869 4141 et
1921 4078 2051 4141 iam
2085 4100 2208 4163 per
2251 4078 2581 4157 biennium,

246 4217 315 4258 ex
358 4218 485 4282 quo
532 4195 637 4260 itte
679 4198 806 4260 vita
841 4189 1142 4276 decessit⁴,
1192 4195 1396 4260 nullas
1427 4218 1469 4258 a
1487 4194 1753 4280 prelatis
1796 4195 2018 4257 nostris
2051 4194 2396 4278 accepimus
2425 4192 2581 4257 litte·

245 4333 343 4374 ras
382 4313 488 4377 vel
529 4313 856 4393 mandata,
914 4313 982 4375 in
1027 4313 1245 4400 quibas
1289 4311 1365 4375 de
1413 4310 2036 4375 excommunicatione
2070 4331 2378 4394 personae
2418 4307 2584 4372 illius

245 4428 333 4492 vel
382 4429 463 4494 de
521 4428 809 4492 eiectione
854 4428 1131 4514 corporis
1174 4429 1369 4513 ipsius
1414 4427 1837 4491 contineretur.
1926 4424 2237 4488 Dominus
2279 4425 2346 4488 in
2391 4445 2581 4488 euan-

377 4560 428 4613 1.
465 4557 546 4613 11.
688 4558 739 4612 2.
781 4557 920 4613 1148
954 4555 1153 4622 Oea-8.
1296 4557 1347 4611 3.
1385 4556 1480 4612 Pu.
1507 4555 1627 4622 130,
1653 4555 1702 4608 1.
1845 4553 1896 4608 4.
1939 4552 2076 4610 1146
2111 4551 2230 4609 oct.
2257 4553 2309 4608 8.
