3319 5242
929 451 1225 499 wmALm
1266 450 1637 501 amsa-omn
1679 450 1785 497 315.
1820 450 1926 498 816.
2462 435 2595 501 445

259 610 548 678 puerum,
596 590 843 678 quando
884 592 952 657 in
980 592 1080 660 bis
1111 593 1335 660 studiis
1366 594 1649 660 ludentes
1679 597 1852 659 tuam
1883 595 2297 681 capacitatem
2323 594 2595 661 instrue-
2615 598 2756 654 1150
2776 616 2845 687 9¹.
2870 625 2918 634 —

259 708 516 793 bamus,
574 712 649 774 ut
689 705 920 774 Latina
968 709 1155 796 plane
1199 710 1579 796 intelligeres
1626 716 1691 776 et
1734 716 1903 776 recte
1946 711 2295 797 proferres,
2353 731 2482 777 non
2525 717 2597 776 ut
2618 671 2749 726 ¹¹5¹
2774 689 2835 721 ω’

255 824 423 890 falsa
472 823 816 910 loquereris
877 831 986 892 aut
1041 846 1194 893 vera
1248 832 1467 893 contra
1519 827 1725 894 Deum
1782 831 2041 893 taceres.
2143 826 2326 893 Nunc
2380 832 2597 893 nostra

257 940 434 1007 scola
474 940 594 1008 hoc
635 939 985 1028 profitetur,
1030 942 1149 1010 hoc
1193 944 1402 1010 docet:
1461 946 1542 1011 Si
1582 948 1777 1032 sapis,
1826 946 1898 1009 id
1942 946 2112 1031 quod
2152 948 2294 1026 soie,
2342 948 2495 1021 eois,-
2541 957 2599 1010 et

256 1061 330 1124 id
373 1060 548 1145 quod
587 1063 807 1140 newis,
856 1063 1130 1146 inquiris
1176 1074 1234 1127 et
1278 1064 1488 1142 discis,
1536 1061 1605 1126 in
1648 1060 1747 1126 his
1792 1059 2138 1153 dumtaxat,
2187 1079 2345 1146 quae
2386 1059 2467 1125 ad
2497 1080 2595 1126 re-

254 1172 557 1259 ligionem
602 1180 667 1242 et
710 1175 946 1242 cultum
990 1175 1112 1242 Dei
1158 1181 1222 1243 et
1265 1177 1347 1242 ad
1391 1177 1745 1243 animarum
1790 1175 2054 1242 salutem
2097 1176 2435 1263 pertinent.
2509 1176 2597 1242 Et

255 1289 433 1375 ideo,
486 1290 580 1357 fili
623 1291 987 1375 karissime,
1032 1293 1196 1359 sicut
1238 1293 1449 1377 nobiS,
1497 1294 1590 1359 ita
1635 1298 1698 1359 et
1740 1293 1857 1360 tibi
1899 1292 2197 1376 fugienda
2241 1299 2338 1359 est
2378 1292 2593 1358 inobe-

254 1405 517 1491 dientia,
561 1427 643 1474 ne
686 1407 754 1473 in
797 1409 1104 1492 regimine
1151 1410 1408 1477 alterius
1457 1408 1754 1477 ecclesiae
1788 1408 1890 1475 vel
1932 1429 2047 1475 nos
2092 1411 2288 1476 simus
2335 1409 2593 1475 admissi

254 1542 386 1590 non
427 1543 544 1610 per
588 1524 840 1609 ostium,
887 1531 996 1592 aut
1039 1546 1193 1609 grex
1240 1526 1455 1593 audiat
1481 1546 1698 1593 vocem
1745 1526 1953 1611 alieni,
1999 1531 2063 1592 et
2105 1531 2321 1613 pastor
2366 1526 2452 1591 sit
2492 1525 2594 1590 fur

254 1644 322 1707 et
363 1639 640 1726 invasor,
685 1663 841 1726 grex
886 1648 1097 1710 autem
1142 1643 1434 1710 seductus
1478 1648 1542 1710 et
1584 1644 2028 1730 prevaricator.
2096 1641 2247 1727 Nos,
2292 1643 2361 1707 in
2397 1660 2593 1727 quan-

252 1761 394 1823 tum
448 1757 728 1844 sapimus
743 1809 762 1843 ,
819 1758 885 1826 id
944 1760 1112 1845 quod
1166 1760 1397 1826 scimus
1452 1759 1685 1826 scimus
1699 1809 1717 1844 ,
1777 1758 2069 1826 videlicet
2124 1759 2276 1844 quid
2330 1759 2593 1825 domnus

252 1893 428 1962 papa
478 1879 614 1941 tam
671 1876 819 1943 viva
871 1896 1023 1943 voce
1082 1896 1271 1962 quam
1324 1876 1554 1942 litteris
1612 1876 1692 1943 de
1748 1876 1966 1943 eodem
2023 1875 2214 1942 verbo
2271 1874 2593 1942 nobiscum

252 1990 490 2074 egerit3
544 1997 610 2059 et
651 1990 891 2059 discere
937 1992 1363 2060 desideramus
1377 2042 1395 2077 ,
1443 1992 1592 2078 quid
1635 1992 1705 2058 in
1748 1998 1880 2059 tam
1927 1991 2121 2058 arduo
2163 1992 2415 2077 negotio
2458 1991 2595 2058 Deo

250 2111 475 2174 nostro
518 2109 606 2176 sit
645 2107 1107 2195 beneplacitum
1154 2115 1217 2176 et
1261 2109 1448 2176 saluti
1491 2114 1746 2174 nostrae
1780 2109 2176 2192 conveniens,
2223 2114 2287 2175 et
2313 2108 2594 2193 utrisque

251 2221 571 2308 ecclesiis,
629 2224 853 2310 quibus
906 2226 1036 2292 iam
1079 2245 1206 2291 non
1251 2224 1592 2292 sufficimus
1638 2225 1986 2308 deservire,
2045 2222 2422 2311 proficuum,
2479 2242 2596 2289 nec

251 2337 338 2406 ab
381 2337 708 2407 hominum
751 2342 917 2409 veris
960 2342 1211 2408 iudiciis
1224 2352 1247 2377 ⁸
1293 2341 1653 2409 abhorrens.
1806 2340 1917 2408 Set
1956 2339 2242 2406 videmur
2284 2340 2402 2407 tibi
2448 2358 2594 2405 con-

249 2453 581 2543 cupiscere
634 2457 889 2525 divitias
947 2463 1011 2525 et
1062 2462 1497 2545 paupertatem
1556 2458 1910 2526 abhorrere.
2007 2456 2202 2524 Michi
2253 2456 2435 2523 crede
2449 2505 2469 2540 ,
2525 2456 2594 2521 in

249 2570 532 2641 Domino
584 2572 708 2660 fili,
763 2593 895 2642 non
947 2578 1046 2643 est
1096 2595 1344 2656 verum;
1403 2578 1501 2642 set
1558 2574 1764 2642 Deum
1820 2594 1935 2663 per
1981 2574 2153 2641 viam
2207 2571 2594 2641 obedieutiae

247 2689 541 2758 hivenire
586 2691 951 2777 satagimus,
998 2696 1062 2758 et
1104 2692 1197 2758 ita
1236 2691 1591 2778 relinquere
1637 2691 1921 2776 alteram,
1966 2697 2038 2758 ut
2081 2690 2264 2757 alteri
2296 2689 2594 2777 prodesse

246 2804 597 2878 vulsarum.
665 2807 845 2888 Quod
886 2808 944 2874 si
983 2827 1111 2874 non
1141 2808 1445 2894 procedit,
1491 2808 1716 2875 melius
1752 2814 1850 2875 est
1875 2812 2209 2893 utramque
2237 2806 2593 2893 relinquere

247 2943 447 3009 quam
492 2923 560 2989 in
601 2930 827 2991 neutra
868 2922 1189 3011 proficere.
1264 2922 1496 3009 Magna
1538 2945 1640 2992 res
1688 2929 1785 2991 est
1827 2928 1892 2992 et
1936 2944 1975 2990 a
2019 2924 2154 2992 Deo
2198 2924 2488 3011 petenda.

251 3154 297 3224 3
313 3154 351 3224 1
366 3153 437 3225 6.
479 3157 867 3223 Stabulemes
893 3156 1173 3224 Wibaldo
1197 3159 1583 3243 respondent,
1606 3156 2204 3223 Mabmundariemee
2224 3179 2428 3222 sectant
2445 3178 2591 3222 con·

477 3275 715 3338 sentire.
786 3257 1037 3352 Lancea,
1084 3297 1161 3337 ne
1204 3273 1626 3338 imolentiores
1657 3275 1907 3364 fierent,
1953 3297 2080 3339 non
2113 3296 2240 3339 esse
2272 3273 2589 3338 consultos.

480 3388 722 3470 Petunt,
770 3401 838 3454 ut
879 3390 998 3455 eibi
1040 3390 1372 3455 subveniat.
2266 3385 2375 3468 (Μ.
2411 3386 2590 3467 299.)

435 3520 706 3587 Domino
753 3527 817 3588 et
859 3521 1031 3609 patri
1076 3542 1187 3587 suo
1234 3520 1578 3588 venerabili
1609 3520 1965 3588 Stabulensi
2014 3521 2225 3589 abbati
2252 3519 2750 3603 W(ibaldo)1150
2770 3544 2838 3577 ex.
2861 3552 2910 3562 -

244 3640 452 3705 frater
481 3637 843 3720 R(obertus)
877 3642 943 3705 et
969 3642 1105 3705 tota
1135 3636 1526 3705 Stabulensis
1558 3637 1858 3706 ecclesiae
1887 3639 2284 3724 congregatio
2315 3637 2592 3705 debitam
2609 3600 2743 3655 1151
2767 3603 2830 3648 ω’

248 3755 729 3823 subiectionem.

439 3869 891 3937 Sollicitudinis
935 3875 1181 3937 vestrae
1227 3870 1415 3936 verbo
1465 3876 1739 3958 accepte,
1785 3871 2010 3937 fratres
2052 3871 2253 3937 nostri
2283 3869 2592 3937 Malmun-

246 3987 580 4056 darienses
626 3987 695 4053 in
741 3986 909 4053 nullo
959 3988 997 4052 a
1039 3987 1221 4053 nobis
1254 3985 1643 4073 discrepant3
1692 4007 1840 4052 nam
1870 3987 2037 4054 idem
2068 3988 2346 4075 sapimus
2377 4006 2590 4052 omnes

244 4111 316 4172 et
373 4123 502 4169 non
559 4108 707 4170 sunt
760 4103 829 4169 in
885 4103 1065 4170 nobis
1123 4102 1420 4168 scismata
1436 4099 1470 4168 ¹.
1552 4102 1730 4181 Quod
1793 4104 2140 4170 sinceritati
2193 4102 2591 4190 paternitatis

242 4224 505 4289 vestrae
565 4239 636 4286 eo
694 4218 1120 4304 significamus
1176 4218 1473 4285 attentius
1486 4267 1504 4303 ,
1565 4239 1687 4304 quo
1745 4240 2064 4305 nunquam
2121 4220 2160 4285 a
2212 4219 2592 4305 paternitate

242 4342 469 4407 vestra
510 4335 746 4422 divelli,
796 4357 919 4424 quo
967 4336 1006 4404 a
1046 4335 1371 4421 regiminis
1417 4336 1614 4403 vestri
1657 4335 2086 4404 moderatione
2128 4356 2447 4423 nunquam
2488 4351 2591 4404 re-

398 4494 441 4527 a.
481 4493 575 4526 non
607 4480 723 4529 odd.
749 4480 854 4528 eod.

398 4568 453 4623 1.
487 4565 738 4625 Corinth.
762 4568 813 4636 1,
845 4567 932 4622 10.
