3319 5242
529 826 669 882 1154

454 3621 481 3674 1
491 3620 593 3675 154

366 3707 404 3741 c.
425 3694 556 3740 Mart.
573 3695 682 3756 Apr.

705 404 837 471 568
1377 421 1678 471 wmanm
1722 420 2094 473 anemonas
2134 424 2244 471 432.
2279 424 2389 471 43⁸.

706 562 885 634 432.
923 565 1239 632 wibaldus
1285 567 1568 633 Mamali
1613 566 2000 633 Graecorum
2052 569 2419 655 imperatori
2472 570 2551 634 de
2601 570 2824 634 litteris
2861 572 3050 635 missis

922 684 1163 769 qratias
1200 684 1346 770 aqit.
1392 681 1705 749 Friden‘ei
1732 684 1778 749 I
1804 686 1969 771 φερέ-ς
1998 684 2229 772 leqatos
2261 686 2662 750 commendat.
2740 683 2854 766 (Μ.
2880 687 3052 767 408.)

882 814 1103 881 Inclito
1148 814 1599 903 triumphatori
1643 820 1710 884 et
1751 815 2023 901 glorioso
2069 816 2323 884 domino
2369 837 2481 884 suo
2527 816 2842 903 Manueli,
2893 817 3060 886 fideli

703 931 773 997 in
817 930 1066 998 Christo
1114 933 1280 1016 regi,
1328 930 1886 1019 Porphirogenito,
1934 932 2221 1017 sublimi,
2268 934 2448 1018 forti,
2496 933 2745 1001 excelso
2795 942 3059 1020 augusto

703 1051 768 1114 et
809 1047 1157 1133 inperatori
1201 1047 1501 1132 Romeon,
1549 1068 1587 1114 o
1632 1047 1973 1116 Cominus
1988 1061 2030 1134 ¹¹,
2077 1049 2404 1118 Wiboldus
2444 1050 2564 1117 Dei
2612 1052 2825 1135 gratia
2870 1052 3060 1119 abbas

703 1163 1153 1231 venerabilium
1181 1164 1734 1249 monasteriorum,
1767 1165 2007 1233 scilicet
2029 1165 2333 1234 Corbeiae
2363 1172 2429 1235 et
2453 1167 2817 1254 Stabulaus,
2847 1168 3060 1237 fideles

702 1280 1016 1347 orationes
1062 1284 1127 1348 et
1171 1280 1469 1347 devotum
1515 1281 1863 1348 servitium.
1975 1326 1980 1331 -

883 1395 1281 1464 Sanctissimi
1319 1398 1551 1485 inperii
1594 1399 1794 1465 vestri
1838 1396 2063 1466 affatus
2082 1395 2119 1484 ¹,
2167 1419 2325 1486 quos
2368 1420 2484 1487 per
2527 1401 3059 1487 prudentissimos

700 1513 1144 1599 apocrisiarios
1189 1518 1433 1580 vestros
1478 1520 1693 1581 vestra
1745 1515 1928 1582 nobis
1974 1515 2277 1583 celsitudo
2321 1517 2755 1585 transmittere
2802 1519 3058 1603 dignata

701 1635 817 1714 est,
865 1631 1046 1715 quasi
1093 1631 1408 1716 quoddam
1452 1651 1684 1698 munus
1728 1631 1959 1699 celeste
2003 1633 2414 1720 suscepimus.
2488 1632 2574 1699 Et
2615 1638 2752 1700 tam
2797 1655 2920 1721 pro
2963 1637 3056 1702 in-

701 1744 1064 1813 columitate
1107 1746 1422 1832 gloriosae
1455 1768 1764 1834 personae
1792 1753 2041 1839 vestrae
2074 1769 2266 1835 quam
2293 1769 2410 1836 pro
2440 1749 2642 1817 tocius
2673 1753 3056 1819 sanctissimi

703 1860 936 1948 inperii
965 1863 1163 1930 vestri
1208 1884 1510 1951 prospero
1558 1869 1729 1931 statu
1774 1868 1839 1932 et
1878 1865 2249 1933 fortitudine
2278 1865 2546 1933 humiles
2574 1886 2799 1954 preces
2829 1869 2914 1935 ad
2941 1869 3056 1936 Dei

702 1977 1102 2046 clementiam
1149 1999 1293 2057 cum
1339 1982 1694 2065 aggregatis
1739 1982 1809 2048 in
1844 1979 2095 2048 Christo
2139 1982 2469 2049 nobiscum
2509 1984 2818 2052 fratribus
2863 1984 3054 2052 effun-

700 2094 850 2161 dere
894 2116 1021 2163 non
1069 2116 1406 2163 cessamus.
1541 2096 1739 2165 Porro
1788 2098 1866 2165 de
1913 2098 2201 2165 amicicia
2245 2103 2308 2165 et
2350 2097 2474 2166 fide
2517 2100 2684 2167 inter
2729 2101 3052 2169 dominum

698 2230 913 2277 meum
987 2212 1566 2299 prenobilissimum
1639 2212 2060 2281 Frithericum
2125 2214 2554 2283 Romanorum
2626 2217 3053 2304 inperatorem

701 2333 1037 2411 augustum
1093 2334 1158 2396 et
1213 2334 1504 2397 sanctum
1555 2330 1871 2418 inperium
1915 2336 2198 2398 vestrum
2241 2331 2553 2400 firmanda
2593 2354 2711 2421 pro
2756 2334 3053 2401 facultate

700 2440 921 2511 nostra
963 2444 1333 2529 diligentem
1376 2466 1637 2533 operam
1680 2447 2137 2534 impendimus;
2184 2453 2268 2532 et,
2313 2454 2387 2516 ut
2414 2450 2760 2517 secundum
2806 2450 3051 2519 datam*

703 2579 743 2626 a
778 2560 915 2628 Deo
962 2562 1341 2649 sapientiam
1386 2562 1698 2631 voluntati
1742 2563 2136 2633 dilectissimi
2179 2565 2396 2634 fratris
2439 2566 2656 2652 vestri,
2703 2587 2894 2653 quam
2944 2588 3054 2655 per

699 2676 941 2761 legatos
986 2699 1133 2746 suos
1177 2680 1498 2749 maiestati
1526 2687 1776 2748 vestrae
1819 2682 2120 2766 insinuat,
2166 2703 2493 2751 assensum
2525 2683 2869 2771 prebeatis,
2917 2682 3054 2770 plu-

700 2794 934 2860 rimum
992 2795 1442 2864 desideramus.
1531 2796 1670 2865 Rex
1723 2818 1942 2882 regum
1995 2802 2061 2865 et
2117 2798 2408 2867 dominus
2467 2799 2934 2867 dominantium
2977 2799 3053 2866 ad

699 2909 1003 2978 honorem
1049 2917 1114 2980 et
1156 2912 1427 2996 gloriam
1471 2934 1651 2980 suam
1681 2914 1881 2981 vitam
1908 2919 2189 2982 vestram
2233 2921 2300 2983 et
2343 2916 2620 3002 quietem
2658 2917 2739 2984 ab
2767 2916 3051 2985 hostibus

701 3046 1075 3096 conservare
1118 3030 1186 3096 in
1229 3029 1422 3115 longa
1467 3036 1757 3119 tempora
1801 3031 2113 3115 dignetur.

700 3239 879 3312 433.
915 3243 1236 3311 Wibaldus
1289 3247 1620 3312 Anastasio
1666 3245 1774 3312 IV
1807 3270 2058 3335 papae,
2114 3248 2510 3335 petitionibus
2564 3250 2693 3313 suis
2752 3251 3049 3329 obsecuta,

914 3363 1156 3447 ¹qratias
1185 3363 1331 3448 aqit.
1409 3361 1822 3445 Her-ibertum,
1872 3361 2181 3429 Friden’ci
2199 3363 2246 3429 I
2260 3365 2424 3451 nqis
2460 3365 2875 3452 capellanum,
2923 3367 3052 3432 Ro·

919 3499 1088 3540 mam
1133 3489 1373 3543 euntem
1417 3479 1819 3543 commendat.
2724 3478 2838 3560 (Μ.
2871 3481 3051 3560 409.)

879 3607 1243 3676 Reverendo
1301 3611 1371 3677 in
1416 3609 1666 3678 Christo
1722 3611 1893 3699 patri
1937 3631 2051 3678 suo
2096 3617 2163 3678 et
2204 3612 2457 3680 domino
2501 3611 2899 3698 A(nastasio)
2946 3615 3054 3681 uni

700 3730 767 3792 et
809 3724 1151 3792 universali
1195 3741 1401 3814 papae
1442 3727 1639 3793 frater
1668 3725 2047 3810 W(ibaldus)
2080 3728 2202 3796 Dei
2246 3728 2453 3813 gratia
2495 3729 2583 3814 id,
2630 3730 2798 3816 quod
2847 3737 2949 3799 est
2990 3733 3053 3798 in

701 3842 1004 3909 aecclesia
1059 3842 1394 3929 catholica,
1461 3843 1759 3910 devotum
1814 3844 2146 3911 servitium
2203 3851 2267 3913 et
2321 3846 2600 3914 debitam
2655 3847 2725 3913 in
2777 3846 3053 3916 Domino

700 3959 1138 4028 obedientiam.

878 4075 1209 4163 Supplices
1266 4080 1453 4161 atque
1492 4074 1769 4143 ‚devotas
1822 4077 2171 4161 gratiarum
2217 4077 2494 4145 actiones
2539 4078 2905 4149 celsitudini
2950 4103 3052 4149 ve-

702 4195 869 4257 strae
913 4193 1265 4276 referimus,
1313 4192 1480 4277 quod
1510 4213 1758 4280 semper
1787 4193 2186 4280 provectibus
2217 4197 2282 4259 et
2306 4195 2787 4265 necessitatibus
2817 4200 3050 4266 nostris

702 4306 1040 4375 clementer
1080 4308 1463 4392 intendistis,
1512 4329 1590 4375 ex
1621 4330 1744 4395 quo
1774 4311 2050 4397 primum
2080 4309 2432 4394 dignationi
2464 4316 2708 4381 vestrae
2738 4316 3050 4383 notificari

843 4462 886 4496 ι.
925 4453 994 4496 εἰσ
1025 4450 1126 4497 cod.
1157 4468 1244 4510 pro
1274 4452 1323 4497 to
1356 4451 1589 4498 Cominu-
1715 4452 1759 4499 b.
1790 4452 1922 4500 vobis
1954 4437 2182 4501 excidisse
2209 4453 2399 4500 videbar.

845 4537 893 4591 1.
931 4552 1021 4607 ep.
1045 4535 1153 4591 424
1187 4552 1356 4607 supra
1389 4552 1446 4607 p.
1465 4538 1588 4594 561.
