3319 5242
948 404 1244 455 wmAnm
1286 405 1614 454 amsa-ons
1666 404 1770 452 146.
2398 388 2526 455 227

231 541 378 614 146.
419 542 803 611 Corbeienses
835 547 1297 615 Stabulensibus
1338 551 1709 639 siqmflcant,
1758 550 1911 637 quid
1936 552 2229 637 magistro
2265 548 2528 632 GraecO,

412 661 573 726 sedis
617 663 989 749 apostolicae
1033 664 1253 751 quaw,
1303 666 1378 731 de
1409 666 1722 752 dissipatis
1753 666 2039 732 ecclesiae
2067 665 2369 731 thesauris
2409 668 2529 731 sci-

412 779 655 843 scitante
696 781 1141 866 responderint.
2250 778 2359 863 (M.
2392 780 2527 862 46.)

371 908 910 978 Reverentissimis
957 918 1144 998 atque
1189 912 1613 981 dilectissimis
1658 915 1728 980 in
1758 913 2008 981 Christo
2042 913 2344 981 fratribus
2374 913 2526 997 suiS,
2566 925 2707 979 1148
2784 927 2792 935 ·

218 1022 457 1093 Roberto
501 1025 848 1093 venerabili
892 1028 1127 1094 decano
1173 1034 1240 1096 et
1282 1031 1508 1097 ceteris
1555 1036 1808 1097 sanctae
1855 1029 2245 1098 Stabulensis
2293 1029 2528 1097 aeccle-

219 1141 329 1207 siae
367 1142 664 1209 fratribus
709 1144 907 1209 frater
942 1142 1311 1228 W(alterus)
1356 1147 1533 1233 prior
1563 1146 1874 1214 ecclesiae
1920 1146 2317 1214 Corbeiensis
2362 1152 2528 1214 cete-

218 1258 370 1343 rique
399 1259 678 1325 eiusdem
705 1261 1073 1326 monasterii
1104 1261 1354 1346 fratres,
1399 1264 1633 1347 iugiter
1676 1283 1900 1330 vacare
1946 1268 2012 1331 et
2055 1263 2288 1347 videre,
2336 1283 2527 1348 quam

217 1376 402 1443 suavis
444 1380 542 1442 est
582 1375 912 1443 Dominus,

371 1492 764 1576 Audivimus,
794 1492 1232 1560 conturbatam
1263 1514 1400 1561 esse
1428 1495 1908 1563 unanimitatem
1941 1500 2214 1563 vestram
2238 1495 2315 1562 de
2337 1494 2526 1561 verbo

218 1606 488 1692 quodam,
544 1608 712 1694 quod
757 1608 1057 1693 magister
1101 1607 1337 1677 Grecus
1382 1631 1499 1697 pro
1545 1611 1808 1679 sublatis
1854 1613 1924 1679 in
1968 1612 2271 1680 aecclesia
2311 1615 2530 1677 nostra

216 1721 498 1790 thesauris
541 1723 870 1790 nobiscum
915 1745 1078 1791 anno
1124 1727 1428 1813 preterito
1475 1728 1758 1794 contulit.
1830 1727 2008 1806 Quod
2045 1729 2194 1814 quia
2223 1748 2350 1795 non
2378 1747 2531 1794 vera

213 1838 492 1907 relatione
536 1840 618 1906 ad
663 1861 773 1907 vos
817 1842 1181 1927 pervenisse
1211 1844 1646 1911 existimamus
1677 1850 2135 1931 proptereaque
2166 1842 2531 1912 scandalum

213 1956 364 2040 apud
416 1978 522 2023 vos
580 1957 903 2041 genuisse,
961 1959 1246 2026 ordinem
1298 1959 1392 2026 rei
1437 1981 1518 2027 ex
1562 1960 1806 2044 integro
1852 1960 2030 2028 vobis
2074 1960 2352 2047 pandere
2368 1970 2389 1996 ⁸
2434 1959 2530 2025 di-

212 2091 385 2154 gnum
416 2073 728 2139 duximus.
790 2073 978 2140 Venit
1006 2074 1202 2158 igitur
1232 2076 1314 2142 ad
1343 2097 1460 2142 nos
1488 2076 1659 2145 idem
1686 2077 1991 2161 magister
2021 2076 2334 2161 G(recus),
2379 2081 2530 2143 tunc

212 2188 568 2273 apostolicae
634 2189 801 2256 sedis
872 2188 1148 2275 legatus,
1221 2213 1384 2259 anno
1451 2194 1756 2280 preterito
1814 2194 1982 2260 circa
2037 2194 2270 2263 festum
2327 2191 2529 2258 sancti

211 2301 485 2389 Thomas,
531 2325 677 2371 cum
720 2305 788 2370 in
832 2307 1060 2373 vestris
1105 2309 1394 2394 partibus
1439 2310 1705 2379 domnus
1753 2308 1946 2376 abbas
1989 2314 2374 2391 moraretur3
2432 2313 2529 2374 at-

211 2438 317 2502 que
359 2420 636 2507 hospicio
680 2428 972 2509 receptus
1018 2429 1115 2490 est
1146 2426 1314 2511 apud
1344 2445 1481 2510 nos,
1526 2426 1800 2492 humane
1830 2431 2135 2493 tractatus
2168 2430 2264 2492 est
2295 2429 2358 2491 et
2386 2443 2530 2490 oum

209 2537 365 2600 omni
427 2536 755 2621 diligentia
820 2558 895 2605 ac
961 2538 1322 2626 devotione,
1393 2541 1922 2628 quemadmodum
1985 2542 2197 2610 decuit
2252 2541 2529 2626 legatum

208 2649 402 2718 domni
456 2674 691 2741 papae,
758 2656 798 2722 a
850 2655 1031 2723 nobis
1090 2657 1458 2725 observatus
1514 2665 1611 2726 est
1666 2664 1732 2727 et
1785 2661 1862 2726 de
1918 2660 2106 2726 rebus
2165 2657 2531 2725 monasterii

205 2769 390 2833 nostri
445 2769 783 2837 honorifice
837 2778 1230 2859 procuratus.
1299 2775 1459 2841 Erat
1514 2780 1666 2842 tunc
1710 2775 1882 2843 domi
1924 2776 2284 2863 prepositus
2327 2775 2531 2840 maior

204 2883 525 2952 aecclesiae
570 2893 823 2954 nostrae
841 2884 875 2954 ¹.
945 2888 1066 2967 Qui
1123 2910 1264 2956 cum
1306 2896 1619 2976 satageret
1665 2892 1991 2959 sollicitius
2038 2893 2205 2958 circa
2247 2890 2530 2956 ministe-

202 2997 358 3065 rium
397 3003 598 3088 ipsius
647 3008 710 3068 et
756 3003 1090 3089 aliquando
1138 3027 1280 3073 cum
1316 3007 1456 3093 ipso
1488 3007 1881 3093 colloquendi
1909 3009 2114 3092 gratia
2144 3006 2528 3089 consederet,

201 3112 355 3182 inter
400 3117 524 3183 alia
569 3140 729 3203 quae
774 3120 1144 3188 dicebantur
1190 3123 1382 3190 etiam
1427 3124 1505 3190 ab
1553 3145 1625 3190 eo
1672 3125 2024 3190 sciscitatus
2067 3129 2181 3207 est,
2230 3143 2419 3209 quam
2450 3120 2528 3188 ob

198 3250 323 3298 rem
385 3235 811 3301 sanctuarium
863 3242 1148 3304 nostrum
1220 3239 1559 3326 spoliatum
1618 3246 1785 3307 esset
1837 3239 2147 3306 thesauris
2205 3234 2373 3305 suis²
2429 3237 2530 3303 vel

200 3348 340 3431 quid
397 3350 688 3416 utilitatis
743 3358 1134 3420 contractum
1177 3356 1369 3422 fuerit
1413 3377 1492 3422 ex
1538 3356 1628 3422 eis
1676 3357 1973 3423 ecclesiae
2018 3354 2309 3422 nostrae?
2377 3356 2529 3420 Non

199 3478 277 3528 est
319 3463 525 3551 inquit
567 3469 927 3555 prepositus
973 3473 1312 3558 spoliatum
1344 3477 1774 3538 sanctuarium
1803 3486 2085 3538 nostrum
2096 3496 2117 3550 ,-
2166 3475 2320 3559 quia
2351 3475 2527 3558 quic-

197 3584 344 3664 quid
400 3586 547 3648 inde
602 3600 918 3672 sumptum
964 3601 1080 3668 est,
1141 3592 1209 3652 in
1255 3589 1628 3654 utilitatibus
1676 3591 1963 3654 ecclesiae
2006 3601 2256 3654 nostrae
2301 3610 2527 3675 espen-

195 3717 321 3761 sum
366 3713 475 3780 est,
534 3705 770 3788 quippe
816 3725 976 3788 quae
1017 3706 1088 3768 in
1125 3707 1624 3791 possessionibus
1671 3709 1801 3770 suis
1838 3729 1961 3792 per
2003 3706 2284 3793 sinqulos
2330 3726 2529 3769 annos

193 3835 308 3877 non
354 3817 449 3880 ad
489 3820 696 3881 minus
745 3840 934 3903 quam
980 3823 1068 3885 ad
1110 3834 1350 3886 centum
1392 3845 1643 3886 mansos
1680 3823 1987 3908 ampliata
2018 3835 2121 3886 est.
2192 3819 2351 3886 Cum
2379 3839 2529 3885 vero

194 3925 251 3993 in
293 3931 642 3997 crastinum
690 3932 962 3999 diluculo
1009 3936 1404 4023 profecturus
1454 3942 1620 4003 esset
1664 3936 1834 4003 idem
1876 3938 2121 4021 legatus
2167 3935 2379 4002 domni
2415 3955 2530 4021 pa-

195 4061 318 4129 pae,
371 4047 565 4113 iussit
608 4050 952 4136 preposito,
1001 4057 1072 4117 ut
1117 4052 1336 4119 eodem
1380 4073 1640 4141 vespere
1689 4074 1938 4120 omnem
1984 4051 2531 4137 congregationem

195 4159 252 4225 in
292 4184 491 4229 unum
536 4173 968 4251 congregaret,
1018 4169 1313 4253 quatinus
1361 4169 1441 4235 ad
1483 4190 1599 4235 nos
1643 4191 1721 4235 ex
1751 4169 2049 4235 mandato
2081 4168 2294 4234 domni
2323 4186 2529 4253 papae

196 4295 537 4347 sermonem
583 4279 862 4348 haberet.
934 4282 1063 4349 Iam
1113 4283 1269 4351 hora
1315 4285 1440 4351 diei
1485 4286 1727 4352 tardior
1771 4289 2184 4373 processerat,
2230 4303 2347 4350 nec
2382 4302 2528 4349 con-

321 4409 361 4442 ι.
402 4395 610 4457 pandere
644 4415 683 4443 c.
1211 4398 1218 4406 “

322 4484 371 4538 1.
408 4483 774 4538 Adelbertus.
880 4485 930 4539 2.
970 4483 1261 4540 Wibaldus
1297 4486 1443 4541 enim
1480 4487 1590 4557 „de
1635 4492 1756 4545 toto
1801 4487 2059 4544 thesauro
2107 4483 2375 4544 eeclesiae
2409 4484 2529 4558 regi

199 4565 349 4626 Μ’
381 4576 686 4628 ωοιιειειιε
719 4576 855 4629 erat.
912 4572 981 4631 V.
1017 4589 1105 4644 ep.
1129 4574 1201 4629 46
1236 4590 1405 4645 supra
1437 4590 1493 4645 p.
1523 4576 1644 4632 124.

1989 4672 2107 4731 15*

2602 2170 2760 2255 '1147

2567 2286 2607 2320 c.
2625 2273 2735 2320 Dec.
2752 2275 2811 2320 21
