3319 5242
923 495 1221 543 wmALm
1262 495 1635 545 nrmronm
1675 497 1783 544 261.
1818 498 1926 544 2⁶2.
2459 483 2592 551 389

253 639 494 703 attente
539 634 850 703 monendo
896 656 1220 723 rogamus,
1278 642 1381 724 ut,
1439 640 1587 725 quia
1630 639 1949 727 predictus
1992 641 2369 711 venerabilis
2410 648 2596 732 pater
2629 648 2771 706 1150

250 758 470 820 noster
511 751 1076 821 Patherburnensis
1132 755 1461 843 episcopus
1505 756 1797 841 sanguini
1841 762 1906 824 et
1947 759 2123 826 carni
2167 780 2346 845 suae,
2404 782 2592 848 quam

248 882 437 939 nemo
482 888 782 956 umquam
829 870 972 937 odio
1003 870 1244 957 habuit,
1288 891 1415 939 non
1446 873 1750 960 pepercit,
1795 877 1860 940 et
1886 874 2064 942 vobis
2091 880 2394 962 tanquam
2419 879 2592 965 patri

249 1000 366 1055 mo
383 993 777 1073 rever-enter,
807 993 883 1054 ut
906 987 1159 1054 iusticia
1186 988 1256 1053 in
1284 1008 1395 1055 suo
1424 994 1642 1056 tenore
1670 990 2057 1076 procederet,
2086 993 2295 1078 cessit,
2335 1014 2555 1081 preces
2569 1005 2592 1033 ⁸

247 1102 526 1187 benigne¹
545 1102 917 1189 admittatis,
943 1108 1006 1171 et
1025 1104 1376 1191 predictum
1402 1104 1841 1189 F(olcwinum)
1863 1106 2203 1175 clementer
2232 1110 2589 1197 suscipiatis

246 1224 332 1304 et,
377 1237 528 1285 cum
573 1219 655 1286 ad
697 1224 910 1307 partes
955 1225 1203 1287 nostras
1249 1223 1755 1309 appropinquare
1800 1224 2113 1310 ceperitis,
2157 1245 2356 1292 uxore
2386 1227 2589 1315 ipsius

244 1328 582 1403 vobiscum
618 1334 888 1403 adducta
932 1342 997 1404 et
1038 1336 1160 1404 sibi
1203 1338 1516 1421 restituta,
1564 1358 1709 1405 eum
1739 1345 1992 1407 sanctae
2020 1342 2442 1409 communioni
2471 1363 2587 1431 pa-

241 1454 438 1520 temo-
467 1442 837 1519 restituatis.

242 1664 436 1739 262,
466 1658 800 1737 Heius-fons
841 1670 1161 1757 episcopus
1187 1667 1530 1735 maden-eis
1564 1667 1847 1737 wibaldo
1876 1674 2220 1759 respondet.
2281 1672 2445 1741 Eius
2472 1698 2585 1763 op-

456 1785 724 1872 prolm'a
770 1784 1019 1871 depellit
1057 1787 1377 1873 minasque
1418 1785 1688 1872 myliys‘t.
2265 1787 2372 1871 (M.
2407 1790 2586 1873 244.)

422 1915 807 1999 H(einrious)
853 1916 973 1983 Dei
1030 1917 1237 2001 gratia
1279 1914 1625 1984 Mindensis
1672 1917 2002 2005 episcopus
2048 1917 2390 2005 W(ibaldo)
2434 1922 2588 1991 Gor·
2625 1933 2763 1990 1150

237 2034 483 2103 beiensi
530 2032 761 2118 abbati,
807 2038 937 2100 tam
984 2033 1239 2121 pietatis
1285 2054 1475 2120 quam
1520 2035 1820 2102 scientiae
1864 2035 2097 2122 repleri
2142 2039 2389 2125 spiritu.

419 2149 843 2218 Rescribimus
915 2150 1300 2218 fraternitati
1367 2153 1611 2217 vestrae
1623 2150 1668 2236 ¹⁹,
1745 2157 2006 2236 urgente
2079 2153 2352 2222 karitate
2426 2176 2587 2242 quae

233 2268 454 2336 omnia
501 2265 736 2353 suffert,
781 2287 911 2334 non
953 2272 1194 2335 terrore
1238 2267 1574 2352 minarum
1621 2287 1776 2354 quas
1808 2270 2124 2336 austerius
2150 2291 2339 2356 quam
2370 2270 2588 2338 deceat

232 2384 589 2452 intentatis.
681 2381 1065 2451 Confidimus
1123 2385 1291 2450 enim
1346 2385 1416 2451 in
1474 2385 1737 2453 ecclesia
1793 2385 2078 2453 Romana
2128 2386 2228 2454 vel
2284 2387 2353 2453 in
2409 2388 2587 2455 curia

232 2503 406 2587 regis
420 2552 440 2585 ,
497 2501 814 2567 innocenti
868 2501 1287 2588 preiudicium
1343 2521 1468 2568 non
1524 2499 1694 2587 fieri,
1754 2499 2068 2570 ledentem
2120 2505 2341 2590 pocius
2393 2524 2585 2590 quam

229 2620 591 2709 pacientem
639 2618 960 2685 sentencia
1001 2617 1332 2685 iudiciaria
1372 2617 1648 2686 multari.
1742 2618 1894 2705 Nos,
1939 2640 1979 2686 a
2020 2619 2199 2687 vobis
2240 2620 2379 2707 lesi,
2428 2621 2584 2688 dici-

228 2757 377 2804 mur
424 2755 538 2803 vos
581 2734 833 2820 lesisse,
886 2754 1026 2802 cum
1072 2735 1244 2803 Deus
1290 2735 1447 2802 mihi
1490 2736 1671 2803 testis
1717 2737 1831 2821 sit,
1878 2757 2201 2823 nunquam
2242 2758 2377 2822 me,
2420 2759 2583 2806 nun-

228 2872 429 2940 quam
486 2871 770 2918 meorum
826 2850 1098 2937 aliquem
1154 2871 1298 2918 mea
1339 2851 1665 2920 voluntate
1720 2872 1832 2920 seu
1887 2852 2148 2919 consilio
2192 2854 2292 2921 vel
2347 2854 2581 2923 auxilio

229 2970 416 3036 vobis
431 2980 453 3005 ⁰
506 2969 824 3053 nocuisse,
879 2974 978 3035 set
1029 2973 1279 3034 tantum
1330 2968 1409 3035 de
1452 2967 1702 3034 iniuriis
1753 2968 1936 3035 nobis
1989 2968 2182 3036 illatis
2237 2971 2581 3038 fraternam

226 3084 732 3154 satisfactionem
779 3084 1175 3171 expetivisse.
1245 3081 1686 3151 Gorbeiensem
1732 3084 2118 3170 aecclesiam,
2166 3106 2328 3172 quae
2370 3106 2472 3154 me
2517 3093 2583 3155 et

227 3201 538 3270 educavit·
595 3207 659 3268 et
727 3200 1029 3286 erudivit,
1100 3220 1302 3286 neque
1358 3221 1619 3288 prorsus
1676 3201 1938 3289 despexi
1989 3221 2191 3288 neque
2243 3202 2581 3270 indiscrete

222 3318 526 3403 tractavi,
571 3323 670 3385 set
700 3337 965 3386 veneror
1010 3321 1074 3384 et
1100 3317 1475 3400 venerabor3
1521 3317 1895 3384 iniuriarum
1941 3323 2299 3385 nostrarum
2345 3318 2579 3386 solum-

221 3435 422 3504 modo
481 3434 1000 3517 satisfactionem,
1066 3434 1229 3501 sicut
1284 3434 1591 3522 expetivi,
1648 3439 1896 3521 expeto.
1998 3433 2177 3514 Quod
2229 3436 2408 3503 vobis
2462 3457 2579 3523 per

222 3551 628 3642 prepositum
670 3549 1078 3618 Adelbertum
1093 3601 1112 3637 ,
1166 3570 1283 3638 per
1335 3551 1723 3619 sacerdotem
1768 3550 2135 3618 Heinricum
2176 3551 2245 3617 in
2290 3571 2579 3622 sermone

218 3668 561 3752 mandavi,
619 3667 1030 3754 complessem
1078 3673 1141 3735 et
1184 3687 1402 3755 opere,
1463 3668 1518 3734 si
1564 3667 2054 3734 satisfactionem
2067 3718 2087 3752 ,
2141 3687 2301 3754 quae
2344 3667 2597 3736 nostris

217 3785 523 3854 fidelibus
567 3784 761 3850 immo
810 3789 873 3851 et
917 3783 1290 3870 quibusdam
1335 3784 1564 3851 vestris
1607 3784 1893 3872 plenaria
1928 3784 2268 3869 videretur,
2314 3785 2577 3873 optulis-

218 3903 406 3971 setis.
500 3899 846 3969 Consilium
896 3906 1180 3967 nostrum
1227 3906 1292 3967 et
1334 3898 1594 3968 verbum
1641 3900 1720 3968 de
1762 3919 1953 3968 causa
1996 3902 2296 3969 canonica
2336 3923 2464 3969 non
2505 3902 2576 3969 in

219 4042 340 4089 ore
384 4018 693 4085 laicorum
734 4018 1082 4105 posuimus,
1129 4022 1226 4084 set
1267 4016 1444 4104 pacis
1478 4017 1945 4105 componendae
1973 4019 2180 4103 gratia
2206 4018 2573 4085 clericorum

217 4157 300 4204 ac
350 4135 656 4201 laicorum
700 4133 999 4218 fidelium,
1047 4133 1211 4200 sicut
1255 4138 1319 4201 et
1347 4154 1480 4219 vos,
1526 4134 1626 4201 usi
1671 4154 1888 4201 sumus
1923 4133 2203 4201 consilio.
2265 4133 2572 4201 Violentis

216 4259 287 4321 et
354 4251 674 4337 sacrilegis
733 4271 834 4318 res
893 4250 1229 4318 aecclesiae
1283 4249 1724 4338 diripientibus
1782 4270 1900 4318 nec
1953 4249 2406 4317 communicavi
2457 4270 2573 4317 nec

213 4369 652 4451 communico3
711 4387 867 4454 quos
922 4368 1145 4452 etiam,
1202 4368 1257 4433 si
1311 4367 1679 4435 manifestos
1732 4386 2077 4451 cognovero
2094 4416 2113 4452 ,
2167 4371 2243 4432 ut
2284 4366 2571 4435 inimicos

216 4486 350 4554 Dei
381 4486 613 4552 devito.
673 4483 822 4550 Filii
851 4485 1026 4572 pacis
1057 4504 1306 4567 sumus;
1351 4503 1573 4571 pacem
1601 4482 1780 4552 vobis
1810 4482 2151 4571 optulimus
2185 4503 2311 4569 ore,
2349 4502 2571 4571 pacem

371 4641 414 4676 a.
453 4629 637 4674 nostras
666 4627 892 4674 acidius
922 4627 1110 4674 videtur.
1231 4625 1278 4673 b.
1309 4628 1488 4675 vestrae
1519 4643 1606 4674 om.
1626 4627 1734 4674 cod.
1854 4639 1894 4673 c.
1924 4639 2007 4673 vos
2039 4644 2081 4674 c.
