3319 5242
1070 446 1369 495 wnunm
1411 446 1744 496 ims‘rona
1787 447 1895 494 464.
2519 436 2651 502 597

307 584 489 656 464.
531 587 943 655 ΡνίᾰεήσωΙ
965 590 1304 677 imperator
1330 589 1902 677 Osnabruyenet‘bus
1924 594 2252 683 siqmficag
2284 618 2349 660 se
2371 594 2654 662 wibaldo

520 707 923 792 persuasisse,
971 716 1040 770 ut
1082 707 1162 771 de
1191 706 1608 771 Noniandiae
1655 708 1905 773 decimis
1930 712 2438 796 provocationem
2466 714 2655 778 inter-

519 822 796 908 positam
826 823 1080 887 omittat.
1142 822 1372 903 Monet,
1407 844 1538 887 rem
1569 836 1956 909 componant.
2017 825 2203 905 Quod
2227 827 2350 890 nisi
2363 825 2655 913 fecerum,

529 959 594 1002 se
636 939 796 1003 inter
840 960 943 1002 eos
986 938 1404 1003 iudicaturum
1451 961 1576 1003 esse
1619 940 1845 1005 scribit.
2333 939 2442 1022 (M.
2475 943 2655 1024 441.)

484 1068 894 1151 F(ridericus)
925 1069 1047 1136 Dei
1092 1070 1299 1153 gratia
1327 1069 1755 1138 Romanorum
1797 1073 2144 1158 imperator
2181 1080 2482 1158 augustus
2512 1097 2656 1163 pre-
2699 1090 2834 1145 1157

302 1186 511 1273 posito
570 1191 635 1253 et
687 1185 920 1251 decano
968 1190 1032 1251 et
1073 1186 1368 1253 universo
1415 1187 1583 1254 clero
1629 1187 2126 1273 osnebrugensis
2172 1190 2470 1258 ecclesiae
2512 1212 2656 1275 gra-
2721 1162 2805 1209 ¹¹¹¹·

299 1303 464 1370 tiam
508 1322 684 1368 suam
733 1306 796 1368 et
840 1321 1024 1368 omne
1068 1300 1321 1369 bonum.

482 1418 723 1486 Memor
780 1417 1260 1505 supplicationis
1306 1425 1554 1486 vestrae
1602 1456 1686 1466 —
1736 1440 1926 1507 quam
1970 1422 2352 1489 unanimiter
2396 1423 2464 1489 in
2508 1442 2654 1490 con·-

302 1542 525 1623 spectu
571 1539 808 1619 nostro,
855 1555 999 1601 oum
1046 1555 1325 1601 essemus
1373 1536 1542 1622 apud
1571 1557 1683 1603 vos
1703 1532 1738 1621 ¹,
1786 1537 2183 1623 profudistis:
2230 1544 2303 1605 ut
2334 1540 2655 1626 querelam
2688 1563 2786 1610 1un.

301 1651 516 1719 dilecti
562 1658 626 1719 et
669 1651 1001 1718 familiaris
1044 1654 1245 1719 nostri
1277 1651 1551 1719 Wibaldi
1583 1652 1980 1720 Corbeiensis
2012 1654 2254 1721 abbatis
2286 1676 2359 1722 ac
2386 1656 2654 1723 fratrum

296 1768 503 1855 ipsius
521 1819 539 1854 ,
600 1789 790 1855 quam
844 1768 1079 1835 habent
1133 1790 1250 1856 pro
1311 1768 1569 1836 decimis
1626 1770 1696 1835 in
1753 1771 2121 1858 episcopatu
2167 1771 2653 1859 Osnebrugensi,

299 1885 523 1952 sedare
570 1890 634 1952 et
676 1906 1050 1972 componere
1095 1891 1552 1974 temptaremus
1600 1923 1685 1933 -
1733 1886 1802 1952 in
1847 1887 2042 1971 curia,
2090 1909 2280 1974 quam
2325 1890 2494 1976 apud
2531 1889 2654 1956 Ba-

296 2001 577 2086 venberg
621 2002 690 2068 in
735 2007 959 2068 octava
1003 2003 1204 2069 sancti
1252 2001 1546 2068 Iohannis
1591 2003 1908 2090 baptistae
1951 2003 2404 2072 celebravimus
2416 2001 2459 2090 ³,
2511 2026 2654 2073 cum
2689 2026 2814 2073 1n1.1

299 2119 522 2185 eodem
565 2117 737 2185 fideli
781 2115 1033 2185 nostro⁸
1077 2120 1158 2187 de
1203 2119 1321 2185 hoc
1364 2119 1557 2186 verbo
1602 2120 2034 2185 tractavimus.
2107 2118 2218 2186 Set
2257 2120 2652 2189 manifestius

298 2241 368 2302 et
410 2234 658 2322 plenius
703 2234 1026 2302 intellecta
1070 2236 1149 2302 ab
1195 2255 1268 2301 eo
1313 2240 1450 2301 tota
1491 2234 1612 2301 hac
1655 2255 1848 2301 causa
1879 2271 1962 2282 -
1999 2236 2148 2320 quia
2176 2235 2471 2303 videlicet
2499 2237 2651 2304 Cor-

297 2352 572 2419 beiensis
604 2350 867 2418 ecclesia
896 2352 1147 2418 easdem
1181 2351 1457 2417 decimas
1491 2352 1530 2417 a
1558 2351 1908 2437 primordio
1939 2352 2420 2419 constructionis
2450 2352 2650 2440 ipsius

295 2468 702 2551 monasterii,
760 2467 1021 2534 collatas
1076 2468 1199 2535 sibi
1246 2469 1284 2534 a
1325 2469 1658 2535 fundatore
1705 2488 1817 2534 suo
1861 2468 2242 2555 imperatore
2286 2466 2650 2536 Luthowioo

297 2591 366 2653 et
424 2584 503 2651 ab
560 2585 848 2652 omnibus
907 2585 1371 2653 successoribus
1417 2585 1588 2652 illius
1633 2584 2245 2671 imperatoribusque
2291 2590 2355 2652 et
2396 2585 2650 2671 regibus

294 2702 649 2790 privilegiis
694 2701 1113 2786 confirmatas,
1159 2701 1441 2785 legitime
1484 2701 1771 2789 possedit
1812 2722 2010 2787 usque
2041 2702 2121 2767 ad
2151 2706 2439 2789 tempora
2467 2703 2651 2770 abavi

293 2819 502 2886 nostri
546 2819 830 2886 Heinrici
875 2821 1083 2905 quarti
1114 2819 1537 2907 imperatoris,
1584 2818 1792 2903 quiin
1822 2817 2135 2884 discordia
2163 2818 2292 2901 illa,
2341 2839 2500 2903 quae
2529 2820 2652 2886 fuit

295 2937 467 3003 inter
512 2956 656 3001 eum
703 2939 767 3001 et
810 2955 1041 3022 papam
1085 2935 1467 3018 Romanum,
1528 2935 1701 3021 ipsas
1747 2934 2023 3001 decimas
2068 2954 2187 3020 pro
2233 2935 2505 3020 quadam
2549 2936 2648 3001 in-

295 3052 662 3136 dignatione
705 3051 957 3118 cuidam
1002 3050 1468 3136 Osnebrugensi
1514 3050 1808 3136 episcopo
1824 3046 1846 3078 ⁴
1889 3046 2230 3116 concessit‘
2277 3086 2360 3097 —
2410 3050 2644 3135 audita,

293 3170 589 3254 inquam,
646 3172 784 3234 tota
837 3167 999 3234 serie
1052 3169 1239 3234 huius
1291 3187 1547 3251 causae,
1602 3171 2022 3232 memoratum
2064 3164 2316 3231 fidelem
2358 3172 2644 3234 nostrum

295 3284 588 3351 abbatem
646 3284 685 3349 a
741 3282 997 3370 querela
1049 3303 1165 3349 sua
1217 3282 1366 3349 licet
1414 3283 1584 3350 iusta
1624 3282 1744 3348 hoc
1786 3286 2071 3367 tempore
2115 3299 2363 3348 cessare
2376 3332 2396 3366 ‚
2456 3287 2520 3349 et
2565 3283 2644 3351 ab

295 3400 740 3487 appellatione,
788 3420 914 3485 qua
958 3399 1321 3486 episcopum
1350 3404 1632 3466 vestrum
1679 3404 1742 3465 et
1768 3397 2159 3484 prepositum
2191 3397 2644 3466 Theodericum

296 3522 489 3602 atque
552 3516 927 3600 magistrum
985 3514 1411 3582 Thethardum
1470 3515 1537 3581 in
1592 3514 1979 3601 presentiam
2039 3513 2419 3600 apostolicae
2476 3517 2642 3583 sedis

288 3629 600 3720 yocavit⁸,
655 3651 774 3719 pro
826 3635 1047 3697 nostra
1102 3630 1433 3698 dilectione
1489 3630 1793 3697 desistere
1846 3630 2222 3697 monuimus.
2314 3631 2510 3718 quue
2564 3633 2643 3701 ab

295 3771 372 3817 eo
417 3749 686 3817 multum
730 3746 1079 3815 reluctante
1126 3767 1271 3832 egre
1316 3748 1573 3815 tandem
1618 3747 2022 3814 obtinuimus.
2085 3747 2265 3816 Hanc
2310 3768 2457 3833 ergo
2493 3769 2641 3835 que-

440 3934 490 3988 1.
538 3932 623 3987 Ex
659 3930 743 3986 his
779 3929 963 3986 verbis
999 3931 1225 4001 intelligi
1259 3932 1408 4002 licet,
1458 3932 1793 3988 Fridericum
1841 3933 2218 4002 imperatorem
2262 3948 2448 3986 mense
2483 3933 2640 3988 Iunio

298 4023 437 4078 1157
475 4023 530 4076 ἰιι
568 4022 759 4076 itinere
796 4020 1137 4089 Noviomago
1187 4019 1301 4084 (ubi
1337 4018 1441 4075 fuit
1476 4020 1529 4075 d.
1559 4022 1593 4075 3
1629 4022 1790 4088 Iunii)
1828 4021 2130 4076 Goslariam
2177 4020 2292 4087 (ubi
2327 4036 2450 4074 eum
2487 4035 2638 4089 repe-

292 4112 466 4168 rimus
508 4109 701 4165 diebus
747 4110 818 4164 23
853 4113 911 4162 et
945 4109 1016 4164 25
1051 4108 1212 4176 Iunii)
1260 4108 1614 4179 Osnabmgae
1658 4114 1937 4164 versatum
1983 4124 2121 4164 esse.
2300 4109 2352 4163 2.
2401 4108 2435 4161 i.
2462 4123 2511 4162 e.
2549 4108 2638 4163 die

296 4204 331 4257 1
367 4200 488 4256 Iulii
527 4200 680 4255 1157.
735 4196 1002 4254 Eiusdem
1049 4197 1230 4254 curiae
1278 4199 1333 4253 in
1382 4198 1677 4268 diplomate
1712 4197 1972 4253 Friderici
2015 4197 2145 4252 dato
2192 4196 2246 4252 d.
2270 4197 2307 4251 4
2341 4197 2463 4252 Iulii
2501 4199 2637 4253 1157

294 4290 461 4357 (Mon.
486 4288 636 4343 Boic.
664 4287 869 4343 XXIX.
896 4287 939 4341 1.
971 4287 1294 4356 344—346)
1330 4288 1533 4344 mentio
1569 4285 1631 4343 fit
1667 4287 1772 4342 hoc
1807 4291 1996 4357 pacto:
2038 4287 2134 4356 „in
2170 4285 2454 4356 sollempni
2490 4288 2641 4343 curia

293 4376 741 4448 Babenbergensi
776 4377 831 4431 in
855 4375 1120 4431 Kalendis
1155 4376 1276 4431 Iulii
1300 4375 1622 4432 celebrata.“
1734 4375 1785 4429 3.
1822 4373 2093 4430 wibaldo.
2201 4375 2252 4431 4.
2291 4375 2539 4429 Bennoni
2567 4374 2637 4431 11.

292 4468 348 4523 5.
387 4467 680 4537 diplomate
717 4465 848 4520 dato
884 4466 952 4520 27
987 4465 1201 4520 Ianuar.
1230 4466 1384 4535 1079,
1421 4482 1507 4536 ap.
1542 4464 1755 4521 Erhard
1790 4464 1925 4534 Reg.
1960 4463 2211 4536 Westpb.
2249 4463 2293 4520 1.
2332 4464 2467 4521 Ood.
2508 4465 2636 4535 dipl.

293 4572 349 4626 p.
378 4556 498 4610 122.
642 4555 693 4610 6.
730 4571 784 4610 v.
823 4569 907 4625 ep.
933 4555 1039 4610 455
1074 4570 1241 4625 supra
1274 4570 1328 4624 p.
1353 4554 1475 4610 587.
