3319 5242
680 379 815 449 584
1355 396 1655 443 wmALm
1697 393 2075 443 masmana
2113 395 2221 442 452.
2255 394 2362 441 453.

685 537 865 609 452.
906 539 1266 605 Fridm‘ous
1290 542 1608 627 episcopus
1635 539 2133 604 Monasteriensis
2147 538 2549 604 Wichmanno
2575 538 3021 626 archiepiscopo

907 656 1425 743 Maqdeburqensi
1471 655 1832 742 Philippum
1886 656 2242 742 episcopum
2290 655 2826 743 Omabmyensem
2873 677 3024 719 com-

904 773 1172 836 mendat.
2712 768 2822 848 (Μ.
2855 769 3026 849 420.)

507 918 646 972 1157
863 903 1110 970 Domno
1140 902 1511 971 wicmanno
1570 901 2039 990 archiepiscopo
2099 903 2442 969 reverendo
2498 902 2862 970 Fridericus
2902 902 3028 969 Μο-

531 990 626 1038 Im.
683 1021 1168 1089 nasteriensium
1213 1019 1470 1086 humilis
1516 1019 1808 1086 minister
1854 1019 2154 1086 intimum
2200 1019 2444 1086 servitii
2490 1025 2556 1087 et
2597 1019 2904 1091 orationis
2946 1019 3028 1084 af·

682 1137 937 1205 fectum

861 1251 1134 1320 Pertulit
1168 1251 1248 1318 ad
1279 1271 1394 1318 nos
1425 1251 1693 1317 domnus
1724 1251 2224 1337 Osenburgensis
2257 1252 2590 1341 episcopus
2609 1247 2627 1279 ¹
2654 1252 3026 1336 gravaminis

686 1370 786 1437 sui
829 1388 1116 1453 causam3
1177 1373 1241 1435 et
1286 1366 1741 1452 condoluimus,
1791 1373 1926 1434 tum
1974 1369 2126 1454 quia
2168 1366 2456 1434 infirmus
2502 1373 2601 1435 est
2646 1374 2711 1435 et
2754 1368 3027 1436 laborare

684 1506 814 1555 non
858 1490 1102 1572 potest,
1147 1489 1285 1551 tum
1329 1484 1478 1570 quia
1522 1483 1917 1551 Corbeicnsis
1964 1484 2159 1552 abbas
2202 1485 2501 1552 iniuriam
2547 1486 2606 1552 ei
2650 1485 2902 1552 videtur
2941 1486 3025 1551 in-

684 1603 870 1670 ferre.
933 1601 1292 1688 Eapropter
1330 1599 1768 1668 excellentiam
1797 1606 2074 1668 vestram
2107 1601 2552 1668 commonitam
2585 1621 2727 1669 esse
2755 1602 3028 1689 cupimus

688 1723 756 1787 et
796 1737 1092 1802 rogamus
1130 1717 1442 1801 obnixiu8‚
1489 1721 1797 1803 quatenus
1830 1739 1994 1802 cum,
2041 1724 2365 1805 tamquam
2395 1717 2707 1784 seniorem
2742 1725 2809 1785 et
2837 1719 3031 1805 coepi-

688 1855 973 1921 scopum,
1019 1853 1213 1900 manu
1257 1834 1525 1902 teneatis
1557 1839 1622 1901 et
1652 1833 1896 1901 nullam
1926 1836 2182 1902 omnino
2213 1834 2274 1900 ei
2301 1833 2602 1901 iniuriam
2629 1832 2771 1901 fieri
2800 1835 3030 1901 sinatis.

689 1950 1104 2037 Perspicuum
1149 1955 1248 2018 est
1291 1950 1480 2035 enim,
1525 1957 1616 2035 ut,
1665 1951 1721 2021 si
1766 1951 1949 2036 forte,
1996 1950 2164 2037 quod
2199 1951 2384 2035 absit,
2432 1971 2596 2017 unus
2625 1951 3033 2038 opprimatur,

692 2067 774 2135 ad
803 2066 1015 2153 plures
1042 2071 1179 2133 tam
1210 2066 1537 2153 episcopos
1569 2086 1758 2153 quam
1791 2068 2293 2155 archiepiscopos
2322 2072 2568 2134 tantum
2595 2066 3034 2136 inconveniens

691 2183 1028 2252 derivetur.
1104 2183 1342 2251 Valetc.

694 2397 792 2468 45
806 2396 872 2467 3.
916 2399 1137 2464 Bruno
1184 2401 1505 2486 episcopus
1552 2396 2091 2463 Hildesheimensis
2134 2398 2533 2464 Wichmamw
2581 2399 3034 2487 archiepiscopo

915 2514 1439 2601 Maqdeburqensi
1482 2526 1734 2579 excusat
1773 2517 2053 2581 morbum
2093 2515 2376 2601 Philippi
2421 2516 2694 2602 episcopi
2725 2515 3035 2581 osnabru-

912 2633 1117 2718 yemis
1160 2631 1628 2717 Merseburqum
1672 2655 1798 2695 non
1841 2633 2151 2697 venientis.
2722 2629 2833 2712 (M.
2865 2631 3037 2711 421.)

521 2778 660 2834 1157
873 2763 1239 2831 Reverendo
1271 2763 1499 2830 domno
1522 2762 1987 2845 W(ichmanno)
2018 2770 2272 2832 sanctae
2294 2763 2920 2848 Magethcburgensis
2949 2784 3041 2831 ec-

547 2851 643 2899 Im.
696 2880 925 2948 clesiae
984 2880 1455 2966 archiepiscopo
1499 2879 1763 2963 B(runo)
1810 2880 1932 2947 Dei
1988 2882 2194 2965 gratia
2238 2880 2883 2948 Hildenesheimensis
2933 2881 3042 2948 hu·

696 2997 867 3067 milis
912 2996 1203 3068 minister
1248 2996 1504 3063 devotas
1549 2997 1867 3064 orationes
1913 2997 1981 3063 in
2026 2997 2298 3064 Domino
2346 3001 2410 3064 et
2453 2997 2803 3064 servitium.

877 3112 1271 3181 Venerabilis
1313 3113 1512 3181 frater
1554 3119 1769 3181 noster
1811 3113 2143 3200 Philippus
2174 3112 2673 3198 osenbrugensis
2718 3113 3042 3200 episcopus

700 3235 977 3298 vestram
1023 3251 1103 3297 ex
1133 3229 1432 3296 mandato
1465 3229 1680 3296 domni
1708 3250 1914 3317 papae
1944 3230 2026 3296 ad
2054 3230 2377 3314 negotium
2407 3230 2622 3297 domni
2653 3229 3041 3298 Corbeiensis

702 3346 947 3415 abbatis
978 3345 1263 3413 aditurus
1293 3347 1699 3433 presentiam,
1730 3347 1800 3413 in
1828 3348 1968 3432 ipso
1999 3367 2297 3434 processu
2324 3347 2569 3413 itineris
2600 3366 2836 3430 magna
2860 3348 3041 3413 nimis

702 3468 1042 3549 occupatus
1088 3467 1185 3530 est
1230 3463 1602 3546 egritudine.
1664 3462 1849 3530 Prius
1898 3462 2150 3548 quidem
2197 3463 2276 3530 ob
2311 3462 2814 3547 magnitudinem
2828 3474 2849 3500 ⁸
2880 3462 3042 3530 infir·

704 3580 945 3646 mitatis
992 3598 1143 3645 suae
1186 3578 1418 3645 multas
1463 3583 1530 3663 ct
1572 3599 1798 3663 graves
1844 3580 2168 3666 passiones
2214 3580 2532 3664 sustinuit,
2577 3600 2799 3647 verum
2842 3602 2923 3647 ex
2958 3580 3041 3646 la·

703 3695 857 3764 bore
891 3693 1168 3762 inchoati
1196 3695 1443 3762 itineris
1475 3696 1694 3763 eadem
1725 3695 1925 3781 ipsius
1957 3693 2289 3762 infirmitas
2318 3696 2721 3763 vehementer
2752 3717 3041 3782 augmen·

673 3831 676 3834 ’
704 3817 841 3879 tata
882 3811 1021 3878 fuit.
1083 3810 1325 3878 Eodem
1360 3812 1573 3897 itaque
1599 3812 1845 3898 prefato
1876 3811 2220 3878 venerabili
2249 3811 2447 3879 fratre
2475 3818 2690 3879 nostro
2720 3813 2852 3879 iam
2885 3814 3040 3879 dicto

704 3929 933 3996 itincre
989 3929 1070 3994 ad
1126 3947 1242 3994 nos
1298 3928 1368 3995 in
1422 3928 1746 3995 civitatem
1798 3933 2085 3996 nostram
2139 3928 2584 4012 descendente,
2640 3934 2820 3996 tanta
2870 3930 3039 3996 nobis

705 4046 907 4132 ipsius
964 4044 1250 4130 egritudo
1307 4044 1614 4128 innotuit,
1676 4044 1840 4134 quod
1893 4044 2250 4112 nullatenus
2295 4046 2677 4132 processisse
2721 4046 3039 4132 pomisset,

706 4162 834 4228 nisi
864 4162 1031 4229 vitae
1077 4181 1227 4229 suae
1272 4161 1811 4228 conservationem
1844 4162 2218 4228 omnimodis
2247 4167 2628 4249 postponere
2658 4161 2868 4229 vellet
2930 4161 3040 4227 Ve-

709 4284 905 4346 stram
961 4279 1174 4364 itaque
1232 4282 1488 4346 actenus
1545 4277 1728 4344 nobis
1786 4277 2086 4345 exibitam
2140 4278 2632 4347 benivolentiam
2687 4297 2834 4345 cum
2880 4277 3037 4345 omni

854 4435 899 4467 a.
940 4420 1264 4479 magnitudinis
1296 4439 1336 4468 c.

851 4508 902 4566 1.
937 4505 1233 4578 Philippus.
