3319 5242
712 370 844 437 264
1468 387 1767 435 wmAnm
1809 388 2140 435 ansi-ona
2188 386 2293 434 159.

533 533 672 589 1149
712 545 886 610 tuus,
935 532 1031 594 ibi
1074 544 1161 596 est
1206 544 1262 595 et
1305 554 1415 595 cor
1458 544 1633 595 tuum
1653 526 1685 595 ¹.
1778 530 1905 595 Vos
1949 531 2169 615 utique
2214 536 2279 596 et
2319 530 2687 616 paucissimi
2731 531 2813 596 de
2854 529 3044 617 perfe-

713 652 957 711 ctorum
1001 666 1282 728 numere,
1331 666 1485 730 quos
1529 645 1786 713 divinae
1832 647 2145 730 largitatis
2174 647 2422 713 bonitas
2451 647 2635 712 nobis
2667 648 2900 732 absque
2932 647 3049 713 ulla

712 763 1083 828 meritorum
1129 763 1548 848 prerogativa,
1597 763 1831 847 absque
1878 763 2009 828 ulla
2036 763 2469 829 similitudinis
2499 763 2861 830 coherentia
2889 765 3051 830 dedit

714 879 969 962 amicos,
1019 878 1171 944 estis
1215 878 1548 945 thesaurus
1594 886 1829 962 noster,
1878 880 1955 945 de
2002 901 2122 963 quo
2170 897 2419 966 semper
2462 880 2789 946 haurimus
2837 886 2901 946 et
2933 900 3051 945 non

715 995 1039 1079 minuitur,
1085 995 1163 1060 de
1209 1015 1330 1079 quo
1377 995 1547 1060 fures
1593 996 1752 1060 nihil
1797 1001 2062 1082 possunt
2107 1016 2465 1082 excerpere,
2514 1017 2700 1080 quem
2746 996 2968 1079 rubigo
2998 1001 3056 1062 et

715 1112 886 1177 tinea
913 1132 1040 1177 non
1071 1115 1337 1196 possunt
1376 1129 1798 1198 corrumpere.
1863 1111 2115 1178 Credite
2144 1112 2348 1196 nobiS,
2396 1113 2711 1199 episcope,
2756 1113 2815 1178 si
2862 1118 3057 1177 totum

713 1228 1017 1293 mundum
1072 1227 1478 1320 haberemuS,
1539 1233 1601 1294 et
1657 1249 1770 1294 vos
1829 1248 1900 1292 ac
1952 1230 2148 1295 vestri
2205 1228 2475 1312 similes,
2531 1229 2639 1313 qui
2696 1228 3059 1315 paucissimi

716 1365 851 1411 esse
896 1349 1181 1429 possunt,
1230 1344 1463 1409 amieos
1511 1364 1638 1409 non
1684 1344 2075 1428 haberemuS,
2122 1364 2433 1430 pauperes
2478 1365 2777 1411 essemus.
2860 1345 3061 1411 Vestri

716 1481 862 1542 ergo
908 1479 1160 1545 semper
1203 1480 1512 1526 memores
1561 1465 1624 1526 et
1669 1480 1783 1546 per
1828 1462 2217 1527 incrementa
2260 1462 2484 1526 fortius
2529 1462 2597 1525 in
2642 1481 2926 1528 amorem
2964 1481 3061 1526 ae-

716 1576 920 1658 censi,
976 1577 1447 1662 expectavimus
1494 1577 1798 1662 temporis
1844 1578 2368 1664 oportunitatem,
2416 1576 2665 1662 quando
2712 1578 3063 1644 desiderata

715 1695 846 1757 iam
903 1693 1012 1757 diu
1065 1693 1387 1779 presentia
1444 1700 1654 1759 vestra
1710 1694 1952 1778 perfrui
2004 1714 2330 1780 possemus
2400 1699 2465 1759 et
2515 1694 2702 1777 longo
2757 1692 3064 1778 colloquio

718 1807 1037 1874 effundere
1093 1806 1318 1873 fluctus
1377 1809 1624 1875 animae
1678 1816 1962 1892 nostrae,
2025 1810 2250 1894 quibus
2306 1809 2562 1882 cottidie
2616 1809 2952 1876 turbamur
3007 1815 3068 1875 et

718 1944 1045 1989 movemur
1091 1925 1254 1989 sicut
1297 1924 1506 1990 ebrius
1522 1920 1563 1990 ².
1658 1924 2014 2010 Siquidem,
2067 1932 2250 2012 pater
2295 1926 2749 2008 amantissime,
2795 1925 3066 1993 habeba-

718 2061 860 2105 mus
914 2039 1094 2126 prius
1152 2061 1412 2106 uxorem
1472 2047 1534 2106 et
1590 2040 1832 2127 lippam
1888 2049 1952 2108 et
2006 2042 2448 2109 infoecundam
2494 2046 2557 2108 et
2600 2049 2895 2128 preterea
2938 2063 3069 2108 ma·-

721 2151 925 2222 eram³
939 2180 957 2236 3
1017 2157 1172 2223 haec
1215 2177 1364 2223 vero
1411 2157 1724 2243 posterior
1736 2153 1777 2241 ⁴,
1831 2158 2010 2223 cuius
2055 2158 2458 2224 matrimonio
2507 2159 2782 2244 copulati
2828 2179 3066 2240 sumus,

720 2273 1014 2358 pinguior
1060 2273 1313 2358 quidem
1359 2279 1474 2356 est,
1521 2279 1619 2339 set
1662 2294 1791 2339 non
1820 2275 2030 2341 minus
2059 2274 2239 2361 lippa
2269 2280 2332 2341 et
2361 2275 2596 2342 sterilis
2627 2295 2818 2360 quam
2848 2275 3070 2359 altera,

721 2395 784 2454 et
827 2394 1118 2474 preterea
1161 2390 1609 2473 contumacior,
1656 2410 1822 2455 nova
1868 2411 2172 2476 quaerens
2219 2396 2284 2457 et
2326 2411 2441 2457 sua
2485 2392 2694 2476 quiete
2738 2390 2983 2457 dolens,

899 2503 1176 2588 Utinam,
1211 2505 1371 2571 bone
1405 2505 1563 2589 Iesu,
1595 2506 1753 2572 mihi
1784 2506 1967 2572 dares
1999 2506 2177 2574 illam
2198 2507 2457 2574 Abacuc
2483 2507 2833 2594 prophetae
2862 2513 3073 2574 trans-

719 2623 1040 2705 lationem,
1087 2628 1177 2704 ut,
1226 2642 1370 2688 cum
1403 2623 1649 2689 venerit
1691 2623 2032 2690 Anselmus
2078 2625 2408 2711 episcopus
2453 2624 2719 2690 Romam
2764 2625 2847 2690 ad
2891 2624 3073 2691 illum

721 2745 1007 2805 nostrum
1075 2738 1551 2822 cancellarium,
1624 2745 1755 2805 tam
1826 2739 1984 2806 bene
2040 2741 2242 2807 nostri
2300 2760 2673 2824 memorem,
2742 2760 3075 2825 possemus

721 2856 1004 2940 utrisque
1063 2856 1311 2921 animae
1366 2861 1622 2921 nostrae
1679 2855 1954 2921 archana
2008 2857 2360 2942 patefacere
2419 2861 2483 2922 et
2537 2876 2755 2922 eorum
2809 2857 3075 2923 consilio

723 2978 786 3037 et
842 2971 1267 3038 consolatione
1326 2971 1616 3053 solidari3
1674 2992 1822 3037 nam
1869 2972 2200 3056 utrobique
2245 2973 2463 3056 divisi,
2521 2971 2740 3058 lupum
2786 2977 3078 3039 tenemus

547 3106 687 3161 1148
722 3109 837 3174 per
883 3109 1066 3154 aures
1079 3084 1120 3153 ⁵.
1303 3089 1678 3156 Miser-amus
1724 3087 1990 3153 Romam
2034 3109 2151 3174 pro
2196 3086 2550 3155 intimanda
2593 3089 2822 3154 domno
2870 3110 3079 3177 papae

558 3182 673 3227 Nov.
722 3203 1023 3271 Fuldensi
1081 3205 1381 3271 electione
1393 3202 1438 3289 ⁸,
1496 3206 1599 3271 cui
1646 3226 1723 3270 ex
1768 3204 1970 3290 ipsius
2014 3205 2313 3270 mandato
2358 3205 2861 3270 interfueramus.
2960 3206 3081 3271 Re-

504 3339 692 3386 maso
723 3321 911 3406 liquit
953 3322 1219 3386 nuncius
1265 3317 1513 3387 noster⁷
1561 3324 1601 3387 3
1634 3321 1772 3387 Kal.
1806 3320 2081 3386 Ianuarii
2127 3321 2426 3386 domnum
2469 3341 2704 3406 papam
2750 3341 2980 3387 sanum
3020 3328 3083 3388 et

627 3444 634 3451 ‘
725 3436 1103 3502 incolumem
1149 3437 1316 3523 apud
1348 3437 1699 3520 Viterbum,
1747 3441 1812 3503 et
1854 3442 2140 3502 nostrum
2185 3437 2627 3504 cancellarium
2670 3435 3080 3518 G(uidonem)

725 3552 985 3637 plenum
1033 3554 1437 3618 iocunditatis
1483 3558 1547 3619 et
1577 3553 1778 3619 bonae
1809 3551 1963 3639 spei.
2035 3552 2154 3631 Qui
2198 3554 2381 3620 nobis
2427 3552 2739 3635 affectum,
2788 3575 2982 3637 quem
3017 3555 3081 3619 in

727 3674 946 3734 nostra
990 3670 1303 3752 parvitate
1347 3671 1637 3756 concepit
1682 3676 1745 3736 et
1792 3690 1975 3755 quem
2016 3670 2089 3734 ⁴in
2134 3669 2364 3736 litteris
2396 3671 2621 3736 vestris
2654 3670 2899 3736 tociens
2936 3691 3081 3736 cum

729 3784 1039 3850 desiderio
1086 3785 1328 3871 prodit,
1387 3785 1656 3872 epistola
1698 3786 2042 3871 prolixiore
2088 3787 2326 3872 scripta
2367 3786 2825 3867 manifestavit3
2890 3808 3083 3872 quem

730 3922 844 3965 nos
905 3906 1149 3966 tantum
1208 3902 1558 3986 diligimus,
1618 3906 1921 3986 quantum
1968 3922 2302 3987 possumus
2348 3909 2411 3969 et
2454 3902 2894 3986 intelligimuS,
2954 3923 3087 3969 non

731 4018 880 4103 quia
922 4039 1038 4083 nos
1085 4018 1357 4103 adiuvat,
1414 4024 1511 4085 set
1555 4019 1705 4104 quia
1748 4038 1864 4083 nos
1910 4017 2135 4102 diligit,
2183 4038 2310 4084 non
2356 4019 2505 4103 quia
2546 4024 2771 4103 potens
2817 4024 2938 4101 est,
2988 4024 3088 4085 set
3163 3993 3166 4001 ¹

873 4229 923 4284 1.
948 4229 1140 4282 Matth.
1171 4230 1219 4296 6,
1246 4229 1332 4283 21.
1426 4232 1477 4284 2.
1503 4230 1595 4283 Ps.
1625 4230 1744 4296 106,
1771 4229 1860 4283 27.
1960 4228 2012 4284 3.
2038 4227 2315 4283 abbatiam
2342 4227 2745 4285 Stabulensem.
2832 4229 2884 4284 4.
2913 4230 3084 4285 abba·

730 4317 810 4371 tia
846 4317 1210 4373 corbeiensis.
1363 4319 1414 4372 5.
1454 4316 1536 4373 Cf.
1575 4318 1800 4372 Terent.
1834 4317 2053 4372 Phorm.
2090 4317 2171 4371 111
2208 4320 2256 4384 2,
2295 4319 2391 4384 21,
2429 4315 2655 4373 Sueton.
2688 4316 2876 4373 Tiber.
2913 4334 2968 4372 c.
2996 4320 3085 4374 25.

732 4407 781 4460 6.
823 4408 961 4461 1148
999 4408 1138 4462 Nov.
1186 4406 1256 4461 V.
1284 4421 1372 4475 ep.
1400 4407 1504 4461 138
1541 4421 1709 4475 supra
1743 4422 1795 4475 p.
1823 4407 1944 4461 215.
2093 4407 2144 4461 7.
2180 4405 2516 4461 Ludovicus.
2565 4406 2635 4462 V.
2672 4421 2761 4475 ep.
2792 4407 2896 4461 160
2934 4405 3088 4462 infra

659 4496 666 4513 '
732 4512 784 4566 p.
810 4497 936 4551 266.
