3319 5242
919 455 1218 503 wmALm
1258 454 1631 504 asma-omn
1673 454 1781 501 1⁷1.
1817 453 1923 500 172.
2457 436 2583 503 291

260 592 349 662 17
365 593 427 662 1.
473 595 793 663 Wibaldus
819 595 1182 663 Ham-ioum
1227 600 1581 685 episcopum
1608 598 1998 664 Mindemem
2040 608 2240 684 royac,
2286 606 2356 662 ut
2397 598 2464 661 in
2493 619 2589 684 ec-

468 713 656 778 clecia
697 712 1132 780 Kaminatemi
1171 737 1354 780 sacra
1387 737 1739 801 procurare
1784 714 2093 780 concedat.
2269 710 2377 794 (M.
2416 711 2589 794 155.)

424 843 789 912 Reverendo
845 846 1018 932 patri
1070 866 1184 913 suo
1240 851 1305 913 et
1348 846 1600 913 domino
1644 845 1992 929 H(einrico)
2038 846 2384 912 venerabili
2429 845 2768 912 Min-1149

248 959 462 1026 densis
512 961 812 1029 ecclesiae
858 963 1151 1050 episcopo
1195 962 1393 1028 frater
1427 960 1806 1044 W(ibaldus)
1852 961 1974 1028 Dei
2018 963 2225 1046 gratia
2267 962 2366 1047 id,
2425 925 2741 1049 quodmm

248 1081 346 1143 est
380 1078 449 1142 in
479 1078 782 1145 333313313
811 1078 1139 1162 3311131133,
1185 1078 1445 1163 exiguas
1475 1078 1790 1145 orationes
1821 1084 1885 1145 et
1913 1077 2210 1145 devotum
2239 1078 2588 1146 servitium.

425 1192 684 1261 Fratres
727 1195 949 1279 nostri,
996 1194 1147 1261 dum
1192 1195 1372 1262 iuxta
1399 1195 1770 1262 mandatum
1806 1195 2019 1261 domni
2049 1214 2253 1281 papae
2284 1200 2350 1262 et
2377 1194 2593 1261 domni

247 1310 419 1394 regis
465 1310 547 1377 ad
588 1311 1114 1378 restaurationem
1141 1310 1608 1377 Kaminatensis
1656 1310 1955 1378 333133133
1998 1310 2309 1395 laborant,
2355 1311 2433 1377 ab
2470 1313 2592 1377 ini-

246 1426 413 1492 mico
461 1427 653 1493 totius
698 1426 920 1494 salutis
964 1427 1259 1513 temptati
1305 1435 1369 1493 et
1409 1427 1767 1494 exacerbati
1798 1427 2072 1494 fuerunt.
2142 1426 2304 1494 Nam
2336 1427 2595 1512 quidam

245 1563 410 1628 puer
465 1542 806 1609 monachus
862 1543 941 1610 de
992 1542 1265 1610 culmine
1307 1542 1559 1629 templi,
1619 1544 1722 1610 cui
1765 1549 1917 1611 tunc
1959 1544 2296 1627 retegendo
2341 1543 2593 1610 insiste-

246 1657 421 1741 bant,
471 1657 706 1745 lapsus,
750 1659 821 1724 13
864 1660 1224 1745 pavimento
1270 1658 1569 1725 ecclesiae
1613 1658 1869 1726 collisus
1913 1660 2247 1746 expiravit,
2293 1659 2466 1726 nullo
2497 1665 2594 1725 ta-

244 1795 396 1841 men
441 1794 663 1841 cruore
707 1773 922 1841 effuso.
990 1774 1172 1842 Unde
1217 1774 1498 1841 advoluti
1542 1775 1752 1841 animo
1791 1775 2057 1862 pedibus
2086 1781 2335 1844 vestrae
2364 1777 2595 1843 sancti-

244 1892 400 1959 tatis
457 1911 784 1975 rogamus,
841 1897 915 1958 ut
966 1911 1083 1978 pro
1137 1891 1493 1958 reverentia
1546 1891 1764 1985 domni
1820 1911 2024 1978 papae
2081 1899 2146 1959 et
2198 1913 2316 1980 pro
2360 1893 2598 1960 honore

244 2007 469 2074 domni
513 2007 680 2091 regis
725 2014 789 2074 31
831 2008 1012 2091 regni
1056 2008 1236 2075 iuxta
1279 2007 1723 2074 discretionem
1762 2007 1940 2075 vobis
1979 2008 2018 2075 a
2056 2008 2192 2076 Deo
2235 2028 2598 2077 concessam

241 2123 660 2212 provideatis,
704 2144 784 2189 ne
829 2123 1002 2190 locus
1046 2123 1156 2191 ille
1199 2123 1431 2190 divinis
1475 2144 1592 2211 pro
1628 2124 1748 2191 hoc
1777 2123 1997 2191 officiis
2026 2125 2330 2212 privetur.
2468 2125 2598 2191 Do-

242 2239 454 2308 lemus
501 2239 705 2324 valde,
751 2239 917 2325 quod
959 2239 1312 2306 desiderato
1359 2245 1424 2307 et
1465 2241 1698 2307 totiens
1735 2241 2014 2327 expetito
2048 2241 2357 2327 colloquio
2389 2247 2597 2308 vestro

242 2357 373 2423 frui
434 2376 567 2422 non
609 2357 958 2443 potuimus,
1016 2376 1161 2423 cum
1205 2356 1383 2423 vobis
1429 2358 1494 2423 in
1540 2357 1808 2424 veritate
1853 2357 2092 2425 servire
2137 2363 2202 2425 et
2243 2377 2356 2423 vos
2402 2357 2598 2423 hono-

241 2494 395 2541 rare
441 2474 653 2560 parati
695 2473 911 2540 simus.

253 2685 287 2753 1
304 2684 435 2755 72.
485 2688 801 2755 Wabaldm
843 2687 1514 2755 Malmundariensibus
1546 2690 1893 2775 praecipit,
1951 2699 2021 2753 ut
2070 2687 2451 2771 Liebertum,
2508 2691 2602 2754 rei

477 2804 873 2870 monachicae
917 2806 1303 2886 desertorem,
1354 2816 1726 2870 aversentur.
2278 2801 2386 2885 (Μ.
2426 2802 2598 2885 156.)

433 2936 658 3003 Frater
691 2935 1068 3020 W(ibaldus)
1115 2936 1235 3003 Dei
1289 2937 1497 3019 gratia
1542 2935 1934 3003 Stabulensis
1989 2936 2327 3004 aecclesiae
2382 2956 2599 3003 servus
2637 2947 2776 3003 1149

243 3054 504 3122 dilectis
549 3054 618 3119 in
647 3051 897 3120 Christo
941 3053 1244 3120 fratribus
1290 3057 1355 3119 et
1392 3050 1539 3118 filiis
1569 3051 2249 3120 Malmundariensibus
2278 3051 2599 3119 monachis

243 3170 756 3240 benedictionem
801 3175 866 3237 31
909 3170 1107 3237 vitam
1151 3189 1349 3254 usque
1390 3168 1459 3235 in
1506 3168 1802 3234 seculum.

432 3285 809 3352 Venientem
854 3285 936 3352 ad
977 3305 1095 3351 nos
1137 3285 1400 3353 fratrem
1443 3284 1757 3370 quondam
1786 3289 2074 3351 nostrum
2101 3283 2465 3352 Liebertum
2494 3284 2602 3351 be-

240 3405 479 3489 nigne,
526 3407 716 3488 prout
758 3400 968 3486 licuit,
1015 3402 1384 3487 recepimus.
1455 3400 1653 3479 Quem
1697 3419 1841 3467 cum
1885 3420 2095 3467 coram
2141 3399 2443 3468 fratribus
2489 3400 2567 3466 de
2580 3411 2602 3437 ·

241 3519 370 3605 his,
424 3518 650 3604 quibus
694 3537 809 3583 nos
856 3523 919 3584 et
964 3516 1293 3583 ecclesiam
1338 3516 1548 3602 sepius
1595 3516 1959 3601 offenderat,
2003 3522 2266 3604 paterne
2300 3518 2455 3584 satis
2484 3538 2602 3604 pro

241 3643 544 3723 tempore
589 3639 653 3701 31
682 3654 752 3700 13
787 3633 1374 3719 increpavissemus,
1418 3632 1808 3701 iniunximus
1839 3634 1899 3700 ei
1927 3654 2044 3720 pro
2074 3654 2259 3721 pena,
2306 3634 2363 3700 si
2391 3639 2603 3701 tamen

240 3772 425 3841 pena
478 3751 606 3818 dici
659 3750 891 3836 possit,
962 3754 1035 3815 ut
1090 3749 1417 3816 nobiscum
1473 3749 1642 3835 apud
1699 3748 2036 3816 Stabulaus
2091 3770 2266 3818 more
2323 3750 2602 3817 fraterno

239 3870 573 3949 maneret,
621 3865 817 3932 donec
830 3914 851 3949 ,
896 3864 1185 3951 inspecta
1229 3865 1364 3931 eius
1409 3864 1796 3949 humilitate,
1855 3865 2007 3951 quid
2052 3866 2363 3950 agendum
2416 3871 2603 3949 33331,

241 3984 389 4051 Deo
432 3987 684 4049 auctore
714 3981 1088 4048 videremus.
1158 3980 1299 4047 Non
1344 3979 1547 4047 solum
1593 4001 1720 4047 non
1765 3982 2100 4067 acquievit,
2145 3987 2243 4049 set
2276 3982 2345 4049 in
2371 3982 2603 4047 furiam

243 4105 314 4168 31
361 4100 438 4166 in
482 4118 642 4181 33111,
690 4118 815 4183 qua
859 4097 1181 4184 arrepticii
1210 4097 1516 4182 feruntur,
1564 4097 1885 4164 vesaniam
1915 4117 2273 4182 conversus,
2319 4095 2602 4163 cultellos

243 4222 313 4283 et
370 4233 588 4297 arma,
647 4213 872 4299 quibus
932 4233 1000 4279 se
1047 4217 1111 4279 31
1152 4233 1268 4279 333
1312 4213 1734 4298 interimeret,
1799 4234 2088 4299 querere,
2148 4212 2603 4300 desperationis

240 4331 455 4399 verba
507 4349 615 4396 ore
660 4329 965 4414 sacrilego
1009 4349 1329 4416 promere,
1386 4328 1702 4416 symb010,
1762 4329 1828 4396 id
1872 4335 1970 4397 est
2014 4329 2209 4396 Oredo
2254 4333 2325 4396 in
2369 4330 2599 4410 Deum,

244 4447 563 4531 derogare
621 4451 715 4530 et,
777 4446 944 4532 quod
996 4465 1339 4531 numquam
1383 4444 1654 4532 amplius
1699 4446 1906 4513 Deum
1950 4446 2300 4530 invocaret,
2356 4445 2609 4512 seviens

405 4585 450 4617 ι.
492 4573 539 4616 et
570 4588 609 4616 c.

2064 4654 2182 4712 19*
