3319 5242
742 425 878 491 520
1412 438 1712 486 wmALm
1755 436 2130 486 nmsmonm
2169 435 2276 483 807.
2313 427 2419 482 ses.

569 585 953 652 11521estes.
1022 582 1204 650 Unde
1262 586 1361 648 est
1402 600 1656 647 rursum
1702 578 1818 645 illa
1861 574 2089 663 glosa¹2
2148 578 2555 660 Attollite,
2600 580 2676 644 id
2719 592 2813 645 eet
2852 578 3086 664 afferte

736 715 1016 789 portas
1059 703 1308 779 morbis,
1361 720 1522 785 quae
1565 722 1608 762 a
1643 699 1942 784 princepe?
1986 696 2239 761 diabolo
2274 699 2527 782 poeitae
2569 708 2734 760 mna
2798 696 2902 761 Et
2946 697 3083 761 ele-

744 820 1044 884 vamini
1095 828 1314 882 contra
1360 826 1587 901 portas
1642 816 1883 880 mortis.
1967 813 2265 878 Portae
2329 812 2807 877 aeternales.-
2874 811 3085 878 om

743 937 977 1022 qratia,
1012 943 1206 1020 quae,'
1222 934 1499 996 veniente
1528 927 1793 1010 Christo,
1838 931 1993 994 data
2023 941 2127 993 est.
2183 926 2272 994 Et
2301 922 2517 993 alibi²:
2560 927 2802 1014 Anyeli
2816 950 3085 1014 preeun—

748 1064 834 1117 tes
879 1052 968 1115 ad
1008 1049 1330 1134 infernum
1374 1048 1622 1112 dicunt:
1678 1046 2010 1131 Auferte
2052 1057 2522 1131 potestatem
2571 1056 2936 1109 vestram.
3010 1044 3088 1110 R

746 1170 817 1231 in
862 1168 1238 1231 ascensione.
1424 1160 1664 1228 Dicunt
1708 1160 2049 1227 secundum
2091 1179 2205 1225 vos
2250 1158 2645 1246 principibus
2689 1159 3091 1225 tenebrarum

745 1282 834 1347 in·
859 1280 1264 1346 descensione
1310 1278 1390 1344 ad
1421 1277 1690 1344 inferos:
1738 1278 2040 1357 Attollite,
2087 1274 2155 1341 id
2185 1280 2282 1342 est
2310 1275 2571 1359 auferte,
2608 1288 2862 1363 portas,
2904 1280 3091 1364 prin-

748 1402 935 1485 cipes,
985 1411 1257 1473 cesamo,-
1303 1394 1522 1460 dicunt
1566 1392 1907 1459 secundum
1953 1411 2069 1458 nos
2113 1391 2504 1478 principibus
2548 1389 2709 1458 lucis
2743 1391 2813 1457 in
2826 1401 2849 1426 ·
2882 1411 3091 1458 ascen-

748 1513 924 1582 sione
983 1512 1065 1579 ad
1119 1509 1356 1578 coelos:
1422 1509 1651 1576 Tollite
1691 1528 1810 1595 pro
1856 1511 2125 1595 aper-zze,
2176 1512 2253 1575 ut
2292 1507 2462 1574 idem
2507 1508 2593 1574 sit
2635 1508 2836 1574 tollite
2868 1522 3093 1596 pos-ms

748 1629 916 1715 quod
961 1642 1018 1694 et
1059 1629 1388 1694 elevamini
1427 1639 1650 1713 portae
1694 1625 2053 1691 aetmalee.
2234 1623 2490 1690 Tercius
2544 1623 2830 1690 eiusdem
2882 1623 3093 1690 lectio-

747 1746 848 1811 nis
893 1763 1114 1811 sensus
1159 1741 1416 1808 moralis
1464 1745 1576 1807 est.
1759 1739 1932 1806 Haec
1973 1739 2205 1806 idcirco
2251 1740 2502 1806 caritati
2545 1745 2794 1810 vestrae
2839 1740 3094 1827 scripsi-

747 1881 889 1928 mus
903 1910 923 1944 ‚
997 1879 1124 1926 11011
1193 1857 1359 1943 (10οᾱ
1425 1856 1804 1944 sapientiam
1859 1859 2136 1922 vestram
2193 1859 2413 1922 nostra
2464 1856 2834 1944 insipientia
2890 1856 3094 1923 doceri

752 1975 1122 2059 ambiamus,
1170 1979 1267 2041 set
1310 1973 1478 2060 quod
1509 1977 1794 2039 nostram
1828 1972 2214 2058 imperitiam
2244 1971 2413 2058 apud
2440 1976 2718 2039 vestram
2748 1971 3094 2040 sollertiam

753 2097 1114 2160 excusatam
1161 2110 1298 2158 esse
1343 2089 1803 2156 desideramus:
1861 2092 1964 2171 ut,
2022 2087 2171 2172 quia
2212 2087 2594 2156 multifarius
2639 2088 3091 2175 scripturarum

753 2229 972 2278 800808
1018 2207 1330 2291 noscitur,
1387 2205 1570 2273 nobis
1625 2223 1755 2270 non
1810 2204 2167 2291 imputetis,
2223 2204 2405 2290 quasi
2447 2203 2611 2270 hanc
2656 2206 3091 2272 auctoritatem

753 2327 821 2393 in
866 2324 1228 2392 ascensione
1271 2321 1565 2405 Domini,
1620 2320 1699 2386 (10
1745 2320 2107 2387 ascensione
2153 2319 2233 2386 ad
2275 2319 2581 2407 populum
2620 2319 2977 2406 loquentes,
3019 2321 3091 2389 de

751 2445 966 2509 nostro
1026 2440 1237 2527 potius
1293 2458 1479 2523 quam
1539 2440 1900 2503 sanctorum
1953 2440 2210 2523 patrum
2265 2436 2451 2503 corde
2500 2435 2902 2522 induximus,
2957 2457 3090 2504 cum

753 2557 1096 2629 secundum
1139 2555 1416 2644 primum
1448 2572 1703 2619 sensum
1747 2552 1843 2618 illi
1872 2553 1940 2618 in
1968 2551 2213 2640 psalmo
2244 2552 2485 2619 dicant:
2536 2552 2694 2637 Quis
2724 2567 2816 2619 eet
2843 2559 2963 2621 iste
2987 2578 3092 2621 rex

750 2674 1035 2763 ylom'ae?
1079 2673 1186 2758 qui
1214 2672 1282 2737 in
1313 2670 1622 2758 propheta
1651 2670 1858 2737 aiunt:
1896 2669 2056 2759 Quis
2089 2683 2178 2736 est
2203 2673 2339 2751 iste,
2374 2674 2489 2757 qui
2512 2675 2681 2737 venit
2706 2673 2786 2737 de
2813 2665 3090 2739 Edem?

756 2790 915 2858 Stilo
960 2809 1086 2856 non
1134 2786 1571 2870 succenseatis,
1620 2786 1917 2869 quoniam
1960 2786 2333 2853 festinanter
2377 2786 2763 2873 scripsimus.

930 2904 1273 2972 Personam
1327 2908 1606 2970 vestram
1648 2923 1803 2969 vera
1853 2903 1923 2969 in
1977 2902 2248 2970 Domino
2305 2903 2569 2969 caritate
2620 2902 2980 2988 diligImns,
3034 2909 3092 2971 et

755 3023 834 3089 de
878 3022 1200 3107 omnibus,
1259 3041 1420 3107 quae
1463 3018 1642 3086 vobis
1686 3037 1912 3086 nocere
1954 3023 2249 3106 possunt,
2294 3019 2592 3107 precipue
2636 3019 2715 3086 de
2757 3019 2894 3105 his,
2940 3040 3091 3107 quae

757 3160 795 3206 a
847 3137 1200 3206 Saxonibus
1213 3187 1235 3220 ,
1293 3136 1569 3222 antiquis
1623 3136 1808 3220 regni
1858 3135 2175 3221 hostibus,
2230 3136 2613 3203 fraternitati
2654 3141 2871 3204 vestre
2921 3136 3092 3205 illata

755 3262 903 3323 sunt
912 3251 956 3340 ⁴,
1001 3254 1344 3342 plurimum
1390 3252 1692 3319 dolemus.

764 3512 939 3584 388.
979 3512 1339 3579 Friderious
1366 3510 1414 3577 I
1442 3533 1557 3576 rex
1597 3510 1882 3576 Wihaldo
1927 3512 2153 3592 sor-ibit,
2199 3534 2264 3575 80
2307 3512 2571 3576 iniurias
2616 3512 2675 3576 ei
2710 3511 2924 3578 mutas
2963 3514 3089 3578 viu·

982 3630 1329 3694 dicaturum
1374 3650 1517 3692 esse.
1589 3626 1813 3692 Curiae
1857 3625 2351 3714 Wirzeburyenst'
2394 3651 2533 3693 eum
2575 3629 2867 3694 interesse
2911 3629 3046 3694 vult.

2768 3742 2881 3825 (Μ.
2920 3743 3085 3823 366.)

585 3880 725 3935 1152
935 3858 1341 3940 F(ridericus)
1371 3857 1493 3924 Dei
1535 3857 1743 3942 gratia
1769 3854 2195 3923 Romanorum
2224 3878 2338 3924 rex
2360 3855 2699 3941 Wfibaldo)
2731 3854 3083 3929 Corbeiensi

613 3954 696 4001 m
761 3976 973 4046 abbati
1017 3975 1286 4060 gratiam
1329 3994 1511 4042 suam
1556 3978 1620 4041 et
1664 3994 1849 4041 omne
1893 3973 2143 4041 bonum.

934 4091 1154 4159 Preter
1198 4111 1592 4158 communem
1635 4089 1928 4157 karitatis
1972 4090 2195 4174 legem,
2243 4109 2369 4177 qua
2411 4094 2666 4156 cunctos
2695 4093 2881 4176 regni
2925 4093 3080 4179 prin-

761 4208 931 4296 cipes
975 4208 1283 4303 honorare
1328 4206 1794 4294 compellimur,
1850 4226 2186 4294 personam
2238 4211 2414 4273 tuam
2460 4205 2717 4293 speciali
2763 4206 3079 4274 dilectione

901 4381 944 4415 a.
983 4365 1012 4409 ἶ
1041 4386 1081 4415 c.

902 4456 954 4508 1.
1003 4452 1316 4510 Cassiodori
1359 4453 1417 4507 in
1464 4452 1788 4510 commento
1832 4451 2097 4521 psalterii.
2249 4454 2302 4507 2.
2352 4451 2588 4523 „Angeli
2625 4482 2693 4493 -
2731 4450 3077 4509 (1800081000ιι

759 4542 1063 4618 Augustini
1099 4541 1269 4600 verba
1302 4546 1450 4597 sunt.
1591 4543 1645 4597 3.
1700 4541 1827 4598 lsai.
1865 4542 1951 4611 63,
1992 4543 2040 4597 1.
2181 4541 2236 4599 4.
2270 4557 2328 4600 v.
2363 4556 2451 4615 ep.
2477 4543 2583 4600 384
2615 4554 2784 4612 supra
2817 4557 2875 4614 p.
2901 4544 3018 4600 515.
