<?xml version="1.0" encoding="UTF-8"?>
<!DOCTYPE html PUBLIC "-//W3C//DTD XHTML 1.0 Transitional//EN"
    "http://www.w3.org/TR/xhtml1/DTD/xhtml1-transitional.dtd">
<html xmlns="http://www.w3.org/1999/xhtml" xml:lang="en" lang="en">
 <head>
  <title>
</title>
<meta http-equiv="Content-Type" content="text/html;charset=utf-8" />
  <meta name='ocr-system' content='tesseract 3.04.00' />
  <meta name='ocr-capabilities' content='ocr_page ocr_carea ocr_par ocr_line ocrx_word'/>
</head>
<body>
  <div class='ocr_page' id='page_1' title='image "./monumentacorbei00corvgoog_0215.png"; bbox 0 0 3319 5242; ppageno 0'>
   <div class='ocr_carea' id='block_1_1' title="bbox 985 449 2577 519">
    <p class='ocr_par' dir='ltr' id='par_1_1' title="bbox 985 449 2577 519">
     <span class='ocr_line' id='line_1_1' title="bbox 985 449 2577 519; baseline 0 -1"><span class='ocrx_word' id='word_1_1' title='bbox 985 471 1283 518; x_wconf 71' lang='lat' dir='ltr'><strong>wmALm</strong></span> <span class='ocrx_word' id='word_1_2' title='bbox 1325 470 1657 519; x_wconf 62' lang='lat' dir='ltr'><strong>amaron</strong></span> <span class='ocrx_word' id='word_1_3' title='bbox 1700 470 1805 517; x_wconf 73' lang='lat'><strong>120.</strong></span> <span class='ocrx_word' id='word_1_4' title='bbox 2446 449 2577 518; x_wconf 80' lang='lat'><strong>203</strong></span> 
     </span>
    </p>
   </div>
   <div class='ocr_carea' id='block_1_2' title="bbox 206 610 2583 4543">
    <p class='ocr_par' dir='ltr' id='par_1_2' title="bbox 206 610 2583 4543">
     <span class='ocr_line' id='line_1_2' title="bbox 247 610 2577 701; baseline -0.002 -20"><span class='ocrx_word' id='word_1_5' title='bbox 247 614 462 681; x_wconf 78' lang='lat' dir='ltr'><strong>tissimi</strong></span> <span class='ocrx_word' id='word_1_6' title='bbox 509 613 727 680; x_wconf 88' lang='lat' dir='ltr'><strong>omnia</strong></span> <span class='ocrx_word' id='word_1_7' title='bbox 767 614 961 701; x_wconf 89' lang='lat' dir='ltr'><strong>primi</strong></span> <span class='ocrx_word' id='word_1_8' title='bbox 1005 613 1492 701; x_wconf 83' lang='lat' dir='ltr'><strong>reprehendunt,</strong></span> <span class='ocrx_word' id='word_1_9' title='bbox 1537 633 1619 680; x_wconf 92' lang='lat' dir='ltr'><strong>ne</strong></span> <span class='ocrx_word' id='word_1_10' title='bbox 1653 614 1782 701; x_wconf 91' lang='lat' dir='ltr'><strong>ipsi</strong></span> <span class='ocrx_word' id='word_1_11' title='bbox 1812 610 2335 699; x_wconf 80' lang='lat' dir='ltr'><strong>reprehensibiles</strong></span> <span class='ocrx_word' id='word_1_12' title='bbox 2364 631 2577 699; x_wconf 91' lang='lat' dir='ltr'><strong>repre-</strong></span> 
     </span>
     <span class='ocr_line' id='line_1_3' title="bbox 243 726 2578 817; baseline -0.001 -20"><span class='ocrx_word' id='word_1_13' title='bbox 243 731 606 797; x_wconf 86' lang='lat' dir='ltr'><strong>hendantur.</strong></span> <span class='ocrx_word' id='word_1_14' title='bbox 788 726 1129 817; x_wconf 73' lang='lat' dir='ltr'><strong>Postquam</strong></span> <span class='ocrx_word' id='word_1_15' title='bbox 1186 731 1254 796; x_wconf 92' lang='lat' dir='ltr'><strong>in</strong></span> <span class='ocrx_word' id='word_1_16' title='bbox 1300 730 1692 797; x_wconf 89' lang='lat' dir='ltr'><strong>admonendo</strong></span> <span class='ocrx_word' id='word_1_17' title='bbox 1737 730 1992 815; x_wconf 85' lang='lat' dir='ltr'><strong>longam</strong></span> <span class='ocrx_word' id='word_1_18' title='bbox 2033 729 2275 795; x_wconf 89' lang='lat' dir='ltr'><strong>frustra</strong></span> <span class='ocrx_word' id='word_1_19' title='bbox 2318 747 2578 815; x_wconf 87' lang='lat' dir='ltr'><strong>operam</strong></span> 
     </span>
     <span class='ocr_line' id='line_1_4' title="bbox 240 845 2578 935; baseline -0.001 -20"><span class='ocrx_word' id='word_1_20' title='bbox 240 867 843 935; x_wconf 74' lang='lat' dir='ltr'><strong>consumpseramuS‚</strong></span> <span class='ocrx_word' id='word_1_21' title='bbox 887 848 1163 931; x_wconf 88' lang='lat' dir='ltr'><strong>tandem,</strong></span> <span class='ocrx_word' id='word_1_22' title='bbox 1207 867 1289 912; x_wconf 91' lang='lat' dir='ltr'><strong>ne</strong></span> <span class='ocrx_word' id='word_1_23' title='bbox 1335 848 1675 913; x_wconf 88' lang='lat' dir='ltr'><strong>auctoritas</strong></span> <span class='ocrx_word' id='word_1_24' title='bbox 1721 846 1983 934; x_wconf 90' lang='lat' dir='ltr'><strong>capituli</strong></span> <span class='ocrx_word' id='word_1_25' title='bbox 2016 845 2286 913; x_wconf 85' lang='lat' dir='ltr'><strong>ludibrio</strong></span> <span class='ocrx_word' id='word_1_26' title='bbox 2318 846 2578 913; x_wconf 84' lang='lat' dir='ltr'><strong>habere-</strong></span> 
     </span>
     <span class='ocr_line' id='line_1_5' title="bbox 240 964 2578 1053; baseline -0.002 -20"><span class='ocrx_word' id='word_1_27' title='bbox 240 969 364 1033; x_wconf 81' lang='lat' dir='ltr'><strong>tur:</strong></span> <span class='ocrx_word' id='word_1_28' title='bbox 431 966 598 1047; x_wconf 81' lang='lat' dir='ltr'><strong>Quia</strong></span> <span class='ocrx_word' id='word_1_29' title='bbox 642 964 902 1051; x_wconf 73' lang='lat' dir='ltr'><strong>inquam</strong></span> <span class='ocrx_word' id='word_1_30' title='bbox 945 967 1334 1031; x_wconf 85' lang='lat' dir='ltr'><strong>medicinam.</strong></span> <span class='ocrx_word' id='word_1_31' title='bbox 1359 989 1485 1031; x_wconf 87' lang='lat' dir='ltr'><strong>non</strong></span> <span class='ocrx_word' id='word_1_32' title='bbox 1527 967 1831 1052; x_wconf 83' lang='lat' dir='ltr'><strong>recipitis,</strong></span> <span class='ocrx_word' id='word_1_33' title='bbox 1878 976 1969 1029; x_wconf 86' lang='lat' dir='ltr'><strong>set</strong></span> <span class='ocrx_word' id='word_1_34' title='bbox 1999 966 2212 1053; x_wconf 88' lang='lat' dir='ltr'><strong>potius</strong></span> <span class='ocrx_word' id='word_1_35' title='bbox 2254 966 2322 1028; x_wconf 89' lang='lat' dir='ltr'><strong>in</strong></span> <span class='ocrx_word' id='word_1_36' title='bbox 2367 986 2578 1029; x_wconf 80' lang='lat' dir='ltr'><strong>amen-</strong></span> 
     </span>
     <span class='ocr_line' id='line_1_6' title="bbox 245 1080 2576 1167; baseline -0.001 -20"><span class='ocrx_word' id='word_1_37' title='bbox 245 1085 381 1147; x_wconf 81' lang='lat' dir='ltr'><strong>tiam</strong></span> <span class='ocrx_word' id='word_1_38' title='bbox 436 1084 711 1147; x_wconf 77' lang='lat' dir='ltr'><strong>conversi</strong></span> <span class='ocrx_word' id='word_1_39' title='bbox 761 1084 830 1146; x_wconf 88' lang='lat' dir='ltr'><strong>in</strong></span> <span class='ocrx_word' id='word_1_40' title='bbox 881 1083 1186 1147; x_wconf 80' lang='lat' dir='ltr'><strong>medicum</strong></span> <span class='ocrx_word' id='word_1_41' title='bbox 1236 1084 1546 1163; x_wconf 86' lang='lat' dir='ltr'><strong>insanitis,</strong></span> <span class='ocrx_word' id='word_1_42' title='bbox 1604 1084 1729 1146; x_wconf 89' lang='lat' dir='ltr'><strong>iam</strong></span> <span class='ocrx_word' id='word_1_43' title='bbox 1777 1080 2071 1146; x_wconf 75' lang='lat' dir='ltr'><strong>incumbit</strong></span> <span class='ocrx_word' id='word_1_44' title='bbox 2113 1083 2326 1145; x_wconf 81' lang='lat' dir='ltr'><strong>vestris</strong></span> <span class='ocrx_word' id='word_1_45' title='bbox 2370 1081 2576 1167; x_wconf 85' lang='lat' dir='ltr'><strong>ceptis,</strong></span> 
     </span>
     <span class='ocr_line' id='line_1_7' title="bbox 244 1198 2581 1287; baseline -0.001 -24"><span class='ocrx_word' id='word_1_46' title='bbox 244 1210 304 1263; x_wconf 88' lang='lat' dir='ltr'><strong>ut</strong></span> <span class='ocrx_word' id='word_1_47' title='bbox 327 1199 573 1287; x_wconf 82' lang='lat' dir='ltr'><strong>fratres</strong></span> <span class='ocrx_word' id='word_1_48' title='bbox 614 1210 844 1264; x_wconf 82' lang='lat' dir='ltr'><strong>vestros</strong></span> <span class='ocrx_word' id='word_1_49' title='bbox 889 1199 1095 1263; x_wconf 88' lang='lat' dir='ltr'><strong>aliena</strong></span> <span class='ocrx_word' id='word_1_50' title='bbox 1141 1200 1565 1262; x_wconf 87' lang='lat' dir='ltr'><strong>communione</strong></span> <span class='ocrx_word' id='word_1_51' title='bbox 1601 1198 1875 1284; x_wconf 85' lang='lat' dir='ltr'><strong>pollutos</strong></span> <span class='ocrx_word' id='word_1_52' title='bbox 1917 1198 2320 1283; x_wconf 83' lang='lat' dir='ltr'><strong>comprobetis</strong></span> <span class='ocrx_word' id='word_1_53' title='bbox 2359 1231 2429 1242; x_wconf 92' lang='lat'>—</span> <span class='ocrx_word' id='word_1_54' title='bbox 2467 1218 2581 1261; x_wconf 84' lang='lat' dir='ltr'><strong>nos</strong></span> 
     </span>
     <span class='ocr_line' id='line_1_8' title="bbox 245 1313 2582 1402; baseline -0.001 -22"><span class='ocrx_word' id='word_1_55' title='bbox 245 1317 394 1380; x_wconf 84' lang='lat' dir='ltr'><strong>enim</strong></span> <span class='ocrx_word' id='word_1_56' title='bbox 436 1317 784 1381; x_wconf 86' lang='lat' dir='ltr'><strong>innoeentes</strong></span> <span class='ocrx_word' id='word_1_57' title='bbox 829 1315 1055 1379; x_wconf 67' lang='lat' dir='ltr'><strong>evimus</strong></span> <span class='ocrx_word' id='word_1_58' title='bbox 1087 1337 1215 1401; x_wconf 84' lang='lat' dir='ltr'><strong>pro</strong></span> <span class='ocrx_word' id='word_1_59' title='bbox 1261 1336 1353 1395; x_wconf 91' lang='lat' dir='ltr'><strong>eo,</strong></span> <span class='ocrx_word' id='word_1_60' title='bbox 1402 1313 1574 1402; x_wconf 82' lang='lat' dir='ltr'><strong>quod</strong></span> <span class='ocrx_word' id='word_1_61' title='bbox 1611 1315 1836 1378; x_wconf 78' lang='lat' dir='ltr'><strong>vicium</strong></span> <span class='ocrx_word' id='word_1_62' title='bbox 1873 1313 1989 1378; x_wconf 73' lang='lat' dir='ltr'><strong>hoc</strong></span> <span class='ocrx_word' id='word_1_63' title='bbox 2016 1314 2083 1376; x_wconf 89' lang='lat' dir='ltr'><strong>in</strong></span> <span class='ocrx_word' id='word_1_64' title='bbox 2113 1314 2582 1399; x_wconf 71' lang='lat' dir='ltr'><strong>conqreqatione</strong></span> 
     </span>
     <span class='ocr_line' id='line_1_9' title="bbox 242 1429 2581 1518; baseline -0.001 -23"><span class='ocrx_word' id='word_1_65' title='bbox 242 1433 349 1496; x_wconf 83' lang='lat' dir='ltr'><strong>ista</strong></span> <span class='ocrx_word' id='word_1_66' title='bbox 401 1454 566 1495; x_wconf 84' lang='lat' dir='ltr'><strong>nunc</strong></span> <span class='ocrx_word' id='word_1_67' title='bbox 600 1432 881 1518; x_wconf 82' lang='lat' dir='ltr'><strong>primum</strong></span> <span class='ocrx_word' id='word_1_68' title='bbox 925 1431 1316 1517; x_wconf 75' lang='lat' dir='ltr'><strong>coqnovimus</strong></span> <span class='ocrx_word' id='word_1_69' title='bbox 1369 1465 1437 1475; x_wconf 89' lang='lat'>—</span> <span class='ocrx_word' id='word_1_70' title='bbox 1493 1440 1602 1494; x_wconf 86' lang='lat' dir='ltr'><strong>aut</strong></span> <span class='ocrx_word' id='word_1_71' title='bbox 1642 1453 1769 1494; x_wconf 88' lang='lat' dir='ltr'><strong>non</strong></span> <span class='ocrx_word' id='word_1_72' title='bbox 1811 1430 2009 1494; x_wconf 85' lang='lat' dir='ltr'><strong>solum</strong></span> <span class='ocrx_word' id='word_1_73' title='bbox 2051 1429 2461 1495; x_wconf 78' lang='lat' dir='ltr'><strong>inobedientes</strong></span> <span class='ocrx_word' id='word_1_74' title='bbox 2506 1450 2581 1493; x_wconf 93' lang='lat' dir='ltr'><strong>ac</strong></span> 
     </span>
     <span class='ocr_line' id='line_1_10' title="bbox 242 1546 2583 1635; baseline 0.001 -25"><span class='ocrx_word' id='word_1_75' title='bbox 242 1548 482 1613; x_wconf 77' lang='lat' dir='ltr'><strong>rebelles</strong></span> <span class='ocrx_word' id='word_1_76' title='bbox 534 1549 685 1635; x_wconf 78' lang='lat' dir='ltr'><strong>quin</strong></span> <span class='ocrx_word' id='word_1_77' title='bbox 742 1549 926 1612; x_wconf 85' lang='lat' dir='ltr'><strong>etiam</strong></span> <span class='ocrx_word' id='word_1_78' title='bbox 959 1546 1229 1634; x_wconf 83' lang='lat' dir='ltr'><strong>profani</strong></span> <span class='ocrx_word' id='word_1_79' title='bbox 1272 1555 1331 1610; x_wconf 89' lang='lat' dir='ltr'><strong>et</strong></span> <span class='ocrx_word' id='word_1_80' title='bbox 1369 1547 1657 1632; x_wconf 73' lang='lat' dir='ltr'><strong>sacrileyi</strong></span> <span class='ocrx_word' id='word_1_81' title='bbox 1701 1546 2080 1633; x_wconf 73' lang='lat' dir='ltr'><strong>apparebitis</strong></span> <span class='ocrx_word' id='word_1_82' title='bbox 2134 1548 2202 1610; x_wconf 90' lang='lat' dir='ltr'><strong>in</strong></span> <span class='ocrx_word' id='word_1_83' title='bbox 2257 1567 2326 1610; x_wconf 88' lang='lat' dir='ltr'><strong>eo</strong></span> <span class='ocrx_word' id='word_1_84' title='bbox 2339 1594 2358 1626; x_wconf 92' lang='lat'><strong>,</strong></span> <span class='ocrx_word' id='word_1_85' title='bbox 2414 1547 2583 1634; x_wconf 82' lang='lat' dir='ltr'><strong>quod</strong></span> 
     </span>
     <span class='ocr_line' id='line_1_11' title="bbox 242 1660 2577 1751; baseline 0 -24"><span class='ocrx_word' id='word_1_86' title='bbox 242 1674 502 1727; x_wconf 66' lang='lat' dir='ltr'><strong>moratos</strong></span> <span class='ocrx_word' id='word_1_87' title='bbox 553 1664 767 1751; x_wconf 73' lang='lat' dir='ltr'><strong>iniquo</strong></span> <span class='ocrx_word' id='word_1_88' title='bbox 812 1662 956 1727; x_wconf 86' lang='lat' dir='ltr'><strong>odio</strong></span> <span class='ocrx_word' id='word_1_89' title='bbox 991 1664 1466 1750; x_wconf 73' lang='lat' dir='ltr'><strong>persequimini,</strong></span> <span class='ocrx_word' id='word_1_90' title='bbox 1522 1685 1665 1727; x_wconf 84' lang='lat' dir='ltr'><strong>cum</strong></span> <span class='ocrx_word' id='word_1_91' title='bbox 1709 1660 2004 1727; x_wconf 84' lang='lat' dir='ltr'><strong>Salemon</strong></span> <span class='ocrx_word' id='word_1_92' title='bbox 2049 1662 2282 1742; x_wconf 86' lang='lat' dir='ltr'><strong>doceat,</strong></span> <span class='ocrx_word' id='word_1_93' title='bbox 2328 1685 2406 1726; x_wconf 88' lang='lat' dir='ltr'><strong>ne</strong></span> <span class='ocrx_word' id='word_1_94' title='bbox 2448 1662 2577 1727; x_wconf 85' lang='lat' dir='ltr'><strong>lae-</strong></span> 
     </span>
     <span class='ocr_line' id='line_1_12' title="bbox 245 1772 2575 1867; baseline 0 -25"><span class='ocrx_word' id='word_1_95' title='bbox 245 1779 489 1844; x_wconf 82' lang='lat' dir='ltr'><strong>tandum</strong></span> <span class='ocrx_word' id='word_1_96' title='bbox 527 1779 777 1867; x_wconf 83' lang='lat' dir='ltr'><strong>quidem</strong></span> <span class='ocrx_word' id='word_1_97' title='bbox 809 1781 877 1843; x_wconf 88' lang='lat' dir='ltr'><strong>in</strong></span> <span class='ocrx_word' id='word_1_98' title='bbox 898 1789 1093 1843; x_wconf 88' lang='lat' dir='ltr'><strong>morte</strong></span> <span class='ocrx_word' id='word_1_99' title='bbox 1121 1779 1513 1843; x_wconf 80' lang='lat' dir='ltr'><strong>inimicorum</strong></span> <span class='ocrx_word' id='word_1_100' title='bbox 1530 1772 1563 1841; x_wconf 85' lang='lat'><strong>¹.</strong></span> <span class='ocrx_word' id='word_1_101' title='bbox 1595 1778 1795 1859; x_wconf 72' lang='lat' dir='ltr'><strong>&#39;Quid</strong></span> <span class='ocrx_word' id='word_1_102' title='bbox 1820 1780 2011 1864; x_wconf 60' lang='lat' dir='ltr'><strong>igitur</strong></span> <span class='ocrx_word' id='word_1_103' title='bbox 2031 1779 2332 1842; x_wconf 84' lang='lat' dir='ltr'><strong>commisit</strong></span> <span class='ocrx_word' id='word_1_104' title='bbox 2354 1773 2455 1861; x_wconf 86' lang='lat' dir='ltr'><strong>H(</strong></span> <span class='ocrx_word' id='word_1_105' title='bbox 2447 1780 2575 1843; x_wconf 84' lang='lat' dir='ltr'><strong>ein·</strong></span> 
     </span>
     <span class='ocr_line' id='line_1_13' title="bbox 241 1889 2581 1982; baseline 0.001 -24"><span class='ocrx_word' id='word_1_106' title='bbox 241 1889 423 1978; x_wconf 73' lang='lat' dir='ltr'><strong>ricus)</strong></span> <span class='ocrx_word' id='word_1_107' title='bbox 482 1895 701 1976; x_wconf 81' lang='lat' dir='ltr'><strong>abbas,</strong></span> <span class='ocrx_word' id='word_1_108' title='bbox 774 1906 885 1960; x_wconf 88' lang='lat' dir='ltr'><strong>aut</strong></span> <span class='ocrx_word' id='word_1_109' title='bbox 923 1896 992 1959; x_wconf 88' lang='lat' dir='ltr'><strong>in</strong></span> <span class='ocrx_word' id='word_1_110' title='bbox 1039 1917 1161 1982; x_wconf 77' lang='lat' dir='ltr'><strong>quo</strong></span> <span class='ocrx_word' id='word_1_111' title='bbox 1209 1894 1578 1959; x_wconf 72' lang='lat' dir='ltr'><strong>christianae</strong></span> <span class='ocrx_word' id='word_1_112' title='bbox 1624 1894 2036 1982; x_wconf 80' lang='lat' dir='ltr'><strong>professionis</strong></span> <span class='ocrx_word' id='word_1_113' title='bbox 2083 1897 2478 1981; x_wconf 86' lang='lat' dir='ltr'><strong>propositum</strong></span> <span class='ocrx_word' id='word_1_114' title='bbox 2521 1906 2581 1961; x_wconf 88' lang='lat' dir='ltr'><strong>et</strong></span> 
     </span>
     <span class='ocr_line' id='line_1_14' title="bbox 244 2012 2580 2091; baseline 0.001 -17"><span class='ocrx_word' id='word_1_115' title='bbox 244 2012 569 2075; x_wconf 87' lang='lat' dir='ltr'><strong>canonicae</strong></span> <span class='ocrx_word' id='word_1_116' title='bbox 634 2013 1027 2076; x_wconf 85' lang='lat' dir='ltr'><strong>institutionis</strong></span> <span class='ocrx_word' id='word_1_117' title='bbox 1091 2012 1398 2075; x_wconf 77' lang='lat' dir='ltr'><strong>tramitem</strong></span> <span class='ocrx_word' id='word_1_118' title='bbox 1462 2012 1744 2091; x_wconf 70' lang='lat' dir='ltr'><strong>excessit,</strong></span> <span class='ocrx_word' id='word_1_119' title='bbox 1813 2020 1883 2074; x_wconf 87' lang='lat' dir='ltr'><strong>ut</strong></span> <span class='ocrx_word' id='word_1_120' title='bbox 1938 2013 2580 2076; x_wconf 70' lang='lat' dir='ltr'><strong>excommunicationis</strong></span> 
     </span>
     <span class='ocr_line' id='line_1_15' title="bbox 242 2124 2580 2214; baseline 0.001 -23"><span class='ocrx_word' id='word_1_121' title='bbox 242 2126 524 2214; x_wconf 80' lang='lat' dir='ltr'><strong>laqueum</strong></span> <span class='ocrx_word' id='word_1_122' title='bbox 566 2124 901 2191; x_wconf 67' lang='lat' dir='ltr'><strong>incideret?</strong></span> <span class='ocrx_word' id='word_1_123' title='bbox 975 2125 1080 2191; x_wconf 90' lang='lat' dir='ltr'><strong>Ad</strong></span> <span class='ocrx_word' id='word_1_124' title='bbox 1123 2125 1277 2192; x_wconf 86' lang='lat' dir='ltr'><strong>haec</strong></span> <span class='ocrx_word' id='word_1_125' title='bbox 1320 2124 1423 2191; x_wconf 91' lang='lat' dir='ltr'><strong>illi</strong></span> <span class='ocrx_word' id='word_1_126' title='bbox 1461 2124 1886 2192; x_wconf 81' lang='lat' dir='ltr'><strong>testabantur:</strong></span> <span class='ocrx_word' id='word_1_127' title='bbox 1935 2124 2123 2209; x_wconf 86' lang='lat' dir='ltr'><strong>quod,</strong></span> <span class='ocrx_word' id='word_1_128' title='bbox 2169 2144 2312 2191; x_wconf 95' lang='lat' dir='ltr'><strong>cum</strong></span> <span class='ocrx_word' id='word_1_129' title='bbox 2358 2124 2580 2194; x_wconf 85' lang='lat' dir='ltr'><strong>beatae</strong></span> 
     </span>
     <span class='ocr_line' id='line_1_16' title="bbox 240 2239 2579 2328; baseline 0 -21"><span class='ocrx_word' id='word_1_130' title='bbox 240 2242 575 2308; x_wconf 80' lang='lat' dir='ltr'><strong>memoriae</strong></span> <span class='ocrx_word' id='word_1_131' title='bbox 619 2240 887 2307; x_wconf 89' lang='lat' dir='ltr'><strong>domnus</strong></span> <span class='ocrx_word' id='word_1_132' title='bbox 932 2241 1271 2308; x_wconf 88' lang='lat' dir='ltr'><strong>cardinalis</strong></span> <span class='ocrx_word' id='word_1_133' title='bbox 1318 2242 1620 2326; x_wconf 79' lang='lat' dir='ltr'><strong>Thomas,</strong></span> <span class='ocrx_word' id='word_1_134' title='bbox 1676 2239 2057 2328; x_wconf 88' lang='lat' dir='ltr'><strong>apostolicae</strong></span> <span class='ocrx_word' id='word_1_135' title='bbox 2102 2241 2269 2307; x_wconf 90' lang='lat' dir='ltr'><strong>sedis</strong></span> <span class='ocrx_word' id='word_1_136' title='bbox 2314 2241 2579 2327; x_wconf 76' lang='lat' dir='ltr'><strong>legatus,</strong></span> 
     </span>
     <span class='ocr_line' id='line_1_17' title="bbox 240 2354 2581 2445; baseline 0.001 -21"><span class='ocrx_word' id='word_1_137' title='bbox 240 2358 613 2424; x_wconf 81' lang='lat' dir='ltr'><strong>instituisset</strong></span> <span class='ocrx_word' id='word_1_138' title='bbox 657 2357 935 2423; x_wconf 88' lang='lat' dir='ltr'><strong>iudicare</strong></span> <span class='ocrx_word' id='word_1_139' title='bbox 980 2357 1058 2424; x_wconf 89' lang='lat' dir='ltr'><strong>de</strong></span> <span class='ocrx_word' id='word_1_140' title='bbox 1093 2358 1203 2424; x_wconf 93' lang='lat' dir='ltr'><strong>illo</strong></span> <span class='ocrx_word' id='word_1_141' title='bbox 1233 2357 1531 2424; x_wconf 88' lang='lat' dir='ltr'><strong>Heinrico</strong></span> <span class='ocrx_word' id='word_1_142' title='bbox 1543 2354 1587 2443; x_wconf 78' lang='lat'><strong>⁸,</strong></span> <span class='ocrx_word' id='word_1_143' title='bbox 1637 2358 1746 2444; x_wconf 93' lang='lat' dir='ltr'><strong>qui</strong></span> <span class='ocrx_word' id='word_1_144' title='bbox 1794 2357 1871 2424; x_wconf 88' lang='lat' dir='ltr'><strong>ab</strong></span> <span class='ocrx_word' id='word_1_145' title='bbox 1914 2358 2054 2444; x_wconf 89' lang='lat' dir='ltr'><strong>ipso</strong></span> <span class='ocrx_word' id='word_1_146' title='bbox 2101 2356 2421 2445; x_wconf 88' lang='lat' dir='ltr'><strong>depositus</strong></span> <span class='ocrx_word' id='word_1_147' title='bbox 2468 2358 2581 2426; x_wconf 89' lang='grc'><strong>811-</strong></span> 
     </span>
     <span class='ocr_line' id='line_1_18' title="bbox 239 2473 2581 2561; baseline 0 -20"><span class='ocrx_word' id='word_1_148' title='bbox 239 2475 483 2560; x_wconf 81' lang='lat' dir='ltr'><strong>quando</strong></span> <span class='ocrx_word' id='word_1_149' title='bbox 515 2473 879 2541; x_wconf 85' lang='lat' dir='ltr'><strong>Corbeiensi</strong></span> <span class='ocrx_word' id='word_1_150' title='bbox 923 2475 1159 2561; x_wconf 84' lang='lat' dir='ltr'><strong>prefuit</strong></span> <span class='ocrx_word' id='word_1_151' title='bbox 1201 2475 1606 2558; x_wconf 81' lang='lat' dir='ltr'><strong>monasterie,</strong></span> <span class='ocrx_word' id='word_1_152' title='bbox 1653 2494 1797 2540; x_wconf 92' lang='lat' dir='ltr'><strong>cum</strong></span> <span class='ocrx_word' id='word_1_153' title='bbox 1844 2474 2159 2541; x_wconf 78' lang='lat' dir='ltr'><strong>accusatio</strong></span> <span class='ocrx_word' id='word_1_154' title='bbox 2205 2481 2370 2542; x_wconf 89' lang='lat' dir='ltr'><strong>esset</strong></span> <span class='ocrx_word' id='word_1_155' title='bbox 2413 2476 2581 2542; x_wconf 91' lang='lat' dir='ltr'><strong>ordi-</strong></span> 
     </span>
     <span class='ocr_line' id='line_1_19' title="bbox 236 2590 2579 2681; baseline 0.001 -24"><span class='ocrx_word' id='word_1_156' title='bbox 236 2597 390 2659; x_wconf 84' lang='lat' dir='ltr'><strong>nata</strong></span> <span class='ocrx_word' id='word_1_157' title='bbox 440 2596 504 2659; x_wconf 89' lang='lat' dir='ltr'><strong>et</strong></span> <span class='ocrx_word' id='word_1_158' title='bbox 559 2590 641 2658; x_wconf 87' lang='lat' dir='ltr'><strong>lis</strong></span> <span class='ocrx_word' id='word_1_159' title='bbox 700 2610 912 2658; x_wconf 85' lang='lat' dir='ltr'><strong>coram</strong></span> <span class='ocrx_word' id='word_1_160' title='bbox 967 2592 1108 2680; x_wconf 88' lang='lat' dir='ltr'><strong>ipso</strong></span> <span class='ocrx_word' id='word_1_161' title='bbox 1161 2596 1541 2677; x_wconf 88' lang='lat' dir='ltr'><strong>contestata,</strong></span> <span class='ocrx_word' id='word_1_162' title='bbox 1600 2611 1746 2658; x_wconf 92' lang='lat' dir='ltr'><strong>cum</strong></span> <span class='ocrx_word' id='word_1_163' title='bbox 1791 2592 1928 2679; x_wconf 91' lang='lat' dir='ltr'><strong>ipse</strong></span> <span class='ocrx_word' id='word_1_164' title='bbox 1973 2591 2165 2659; x_wconf 84' lang='lat' dir='ltr'><strong>iudex</strong></span> <span class='ocrx_word' id='word_1_165' title='bbox 2207 2592 2579 2681; x_wconf 82' lang='lat' dir='ltr'><strong>presideret,</strong></span> 
     </span>
     <span class='ocr_line' id='line_1_20' title="bbox 235 2705 2581 2777; baseline 0.001 -2"><span class='ocrx_word' id='word_1_166' title='bbox 235 2708 315 2774; x_wconf 84' lang='lat' dir='ltr'><strong>ad</strong></span> <span class='ocrx_word' id='word_1_167' title='bbox 381 2708 683 2775; x_wconf 73' lang='lat' dir='ltr'><strong>tuendam</strong></span> <span class='ocrx_word' id='word_1_168' title='bbox 739 2709 1163 2776; x_wconf 86' lang='lat' dir='ltr'><strong>innocentiam</strong></span> <span class='ocrx_word' id='word_1_169' title='bbox 1221 2729 1402 2775; x_wconf 89' lang='lat' dir='ltr'><strong>suam</strong></span> <span class='ocrx_word' id='word_1_170' title='bbox 1459 2709 1575 2776; x_wconf 90' lang='lat' dir='ltr'><strong>sub</strong></span> <span class='ocrx_word' id='word_1_171' title='bbox 1632 2705 1796 2776; x_wconf 88' lang='lat' dir='ltr'><strong>stola</strong></span> <span class='ocrx_word' id='word_1_172' title='bbox 1849 2729 1965 2776; x_wconf 89' lang='lat' dir='ltr'><strong>sua</strong></span> <span class='ocrx_word' id='word_1_173' title='bbox 2019 2729 2233 2776; x_wconf 88' lang='lat' dir='ltr'><strong>coram</strong></span> <span class='ocrx_word' id='word_1_174' title='bbox 2290 2710 2581 2777; x_wconf 87' lang='lat' dir='ltr'><strong>omnibus</strong></span> 
     </span>
     <span class='ocr_line' id='line_1_21' title="bbox 234 2825 2582 2913; baseline 0.001 -23"><span class='ocrx_word' id='word_1_175' title='bbox 234 2825 838 2909; x_wconf 80' lang='lat' dir='ltr'><strong>excommunicavit,</strong></span> <span class='ocrx_word' id='word_1_176' title='bbox 893 2845 976 2891; x_wconf 91' lang='lat' dir='ltr'><strong>ne</strong></span> <span class='ocrx_word' id='word_1_177' title='bbox 1032 2826 1173 2912; x_wconf 90' lang='lat' dir='ltr'><strong>quis</strong></span> <span class='ocrx_word' id='word_1_178' title='bbox 1218 2845 1335 2911; x_wconf 91' lang='lat' dir='ltr'><strong>pro</strong></span> <span class='ocrx_word' id='word_1_179' title='bbox 1382 2826 1602 2892; x_wconf 88' lang='lat' dir='ltr'><strong>eadem</strong></span> <span class='ocrx_word' id='word_1_180' title='bbox 1647 2845 1840 2893; x_wconf 85' lang='lat' dir='ltr'><strong>causa</strong></span> <span class='ocrx_word' id='word_1_181' title='bbox 1880 2827 2214 2913; x_wconf 89' lang='lat' dir='ltr'><strong>pecuniam</strong></span> <span class='ocrx_word' id='word_1_182' title='bbox 2259 2826 2439 2894; x_wconf 87' lang='lat' dir='ltr'><strong>daret</strong></span> <span class='ocrx_word' id='word_1_183' title='bbox 2481 2826 2582 2893; x_wconf 83' lang='lat' dir='ltr'><strong>vel</strong></span> 
     </span>
     <span class='ocr_line' id='line_1_22' title="bbox 233 2937 2583 3030; baseline 0.001 -24"><span class='ocrx_word' id='word_1_184' title='bbox 233 2941 578 3028; x_wconf 79' lang='lat' dir='ltr'><strong>acciperet3</strong></span> <span class='ocrx_word' id='word_1_185' title='bbox 626 2947 904 3007; x_wconf 89' lang='lat' dir='ltr'><strong>ceterum</strong></span> <span class='ocrx_word' id='word_1_186' title='bbox 948 2942 1116 3007; x_wconf 92' lang='lat' dir='ltr'><strong>idem</strong></span> <span class='ocrx_word' id='word_1_187' title='bbox 1161 2941 1494 3009; x_wconf 88' lang='lat' dir='ltr'><strong>Heinricus</strong></span> <span class='ocrx_word' id='word_1_188' title='bbox 1505 2937 1548 3027; x_wconf 86' lang='lat'><strong>⁸,</strong></span> <span class='ocrx_word' id='word_1_189' title='bbox 1595 2943 1675 3009; x_wconf 92' lang='lat' dir='ltr'><strong>de</strong></span> <span class='ocrx_word' id='word_1_190' title='bbox 1719 2963 1843 3028; x_wconf 93' lang='lat' dir='ltr'><strong>quo</strong></span> <span class='ocrx_word' id='word_1_191' title='bbox 1888 2944 2126 3027; x_wconf 78' lang='lat' dir='ltr'><strong>agitur,</strong></span> <span class='ocrx_word' id='word_1_192' title='bbox 2179 2943 2583 3030; x_wconf 87' lang='lat' dir='ltr'><strong>postmodum</strong></span> 
     </span>
     <span class='ocr_line' id='line_1_23' title="bbox 228 3056 2580 3146; baseline 0 -22"><span class='ocrx_word' id='word_1_193' title='bbox 228 3056 486 3144; x_wconf 85' lang='lat' dir='ltr'><strong>publice</strong></span> <span class='ocrx_word' id='word_1_194' title='bbox 542 3058 864 3124; x_wconf 87' lang='lat' dir='ltr'><strong>confessus</strong></span> <span class='ocrx_word' id='word_1_195' title='bbox 911 3063 1036 3143; x_wconf 87' lang='lat' dir='ltr'><strong>est,</strong></span> <span class='ocrx_word' id='word_1_196' title='bbox 1094 3057 1262 3144; x_wconf 88' lang='lat' dir='ltr'><strong>quod</strong></span> <span class='ocrx_word' id='word_1_197' title='bbox 1303 3079 1421 3146; x_wconf 89' lang='lat' dir='ltr'><strong>pro</strong></span> <span class='ocrx_word' id='word_1_198' title='bbox 1469 3059 1690 3125; x_wconf 90' lang='lat' dir='ltr'><strong>eodem</strong></span> <span class='ocrx_word' id='word_1_199' title='bbox 1730 3060 1982 3144; x_wconf 82' lang='lat' dir='ltr'><strong>negotio</strong></span> <span class='ocrx_word' id='word_1_200' title='bbox 2028 3080 2141 3126; x_wconf 85' lang='lat' dir='ltr'><strong>sex</strong></span> <span class='ocrx_word' id='word_1_201' title='bbox 2185 3079 2431 3126; x_wconf 88' lang='lat' dir='ltr'><strong>marcas</strong></span> <span class='ocrx_word' id='word_1_202' title='bbox 2479 3080 2580 3125; x_wconf 90' lang='lat' dir='ltr'><strong>ar-</strong></span> 
     </span>
     <span class='ocr_line' id='line_1_24' title="bbox 225 3174 2579 3264; baseline 0.001 -24"><span class='ocrx_word' id='word_1_203' title='bbox 225 3175 406 3257; x_wconf 76' lang='lat' dir='ltr'><strong>genti</strong></span> <span class='ocrx_word' id='word_1_204' title='bbox 461 3174 748 3261; x_wconf 85' lang='lat' dir='ltr'><strong>predicto</strong></span> <span class='ocrx_word' id='word_1_205' title='bbox 805 3174 1033 3241; x_wconf 82' lang='lat' dir='ltr'><strong>domno</strong></span> <span class='ocrx_word' id='word_1_206' title='bbox 1102 3174 1410 3241; x_wconf 80' lang='lat' dir='ltr'><strong>cardinali</strong></span> <span class='ocrx_word' id='word_1_207' title='bbox 1467 3175 1762 3241; x_wconf 89' lang='lat' dir='ltr'><strong>dedisset.</strong></span> <span class='ocrx_word' id='word_1_208' title='bbox 1866 3177 2045 3264; x_wconf 74' lang='lat' dir='ltr'><strong>Erqo</strong></span> <span class='ocrx_word' id='word_1_209' title='bbox 2100 3177 2362 3261; x_wconf 89' lang='lat' dir='ltr'><strong>inquam</strong></span> <span class='ocrx_word' id='word_1_210' title='bbox 2417 3178 2579 3243; x_wconf 83' lang='lat' dir='ltr'><strong>blas-</strong></span> 
     </span>
     <span class='ocr_line' id='line_1_25' title="bbox 221 3291 2582 3382; baseline 0.001 -26"><span class='ocrx_word' id='word_1_211' title='bbox 221 3291 483 3378; x_wconf 71' lang='lat' dir='ltr'><strong>phemia</strong></span> <span class='ocrx_word' id='word_1_212' title='bbox 525 3303 728 3357; x_wconf 80' lang='lat' dir='ltr'><strong>vestra</strong></span> <span class='ocrx_word' id='word_1_213' title='bbox 767 3293 1073 3378; x_wconf 73' lang='lat' dir='ltr'><strong>qrandior</strong></span> <span class='ocrx_word' id='word_1_214' title='bbox 1125 3303 1214 3356; x_wconf 88' lang='lat' dir='ltr'><strong>est</strong></span> <span class='ocrx_word' id='word_1_215' title='bbox 1256 3303 1315 3356; x_wconf 88' lang='lat' dir='ltr'><strong>et</strong></span> <span class='ocrx_word' id='word_1_216' title='bbox 1355 3292 1713 3359; x_wconf 76' lang='lat' dir='ltr'><strong>horribilior</strong></span> <span class='ocrx_word' id='word_1_217' title='bbox 1716 3320 1742 3377; x_wconf 88' lang='lat'><strong>‚·</strong></span> <span class='ocrx_word' id='word_1_218' title='bbox 1790 3296 1940 3382; x_wconf 81' lang='lat' dir='ltr'><strong>quia</strong></span> <span class='ocrx_word' id='word_1_219' title='bbox 1972 3294 2188 3380; x_wconf 73' lang='lat' dir='ltr'><strong>linqua</strong></span> <span class='ocrx_word' id='word_1_220' title='bbox 2226 3304 2428 3359; x_wconf 82' lang='lat' dir='ltr'><strong>vestra</strong></span> <span class='ocrx_word' id='word_1_221' title='bbox 2454 3316 2582 3359; x_wconf 87' lang='lat' dir='ltr'><strong>non</strong></span> 
     </span>
     <span class='ocr_line' id='line_1_26' title="bbox 221 3408 2580 3495; baseline 0.001 -22"><span class='ocrx_word' id='word_1_222' title='bbox 221 3409 433 3473; x_wconf 73' lang='lat' dir='ltr'><strong>colum</strong></span> <span class='ocrx_word' id='word_1_223' title='bbox 476 3410 698 3473; x_wconf 77' lang='lat' dir='ltr'><strong>transit</strong></span> <span class='ocrx_word' id='word_1_224' title='bbox 740 3409 805 3472; x_wconf 88' lang='lat' dir='ltr'><strong>in</strong></span> <span class='ocrx_word' id='word_1_225' title='bbox 851 3419 1018 3473; x_wconf 87' lang='lat' dir='ltr'><strong>terra</strong></span> <span class='ocrx_word' id='word_1_226' title='bbox 1064 3408 1153 3473; x_wconf 85' lang='lat' dir='ltr'><strong>ad</strong></span> <span class='ocrx_word' id='word_1_227' title='bbox 1195 3410 1495 3473; x_wconf 85' lang='lat' dir='ltr'><strong>eruendos</strong></span> <span class='ocrx_word' id='word_1_228' title='bbox 1542 3411 1774 3474; x_wconf 89' lang='lat' dir='ltr'><strong>cineres</strong></span> <span class='ocrx_word' id='word_1_229' title='bbox 1816 3411 1885 3474; x_wconf 90' lang='lat' dir='ltr'><strong>in</strong></span> <span class='ocrx_word' id='word_1_230' title='bbox 1918 3432 2084 3495; x_wconf 87' lang='lat' dir='ltr'><strong>pace</strong></span> <span class='ocrx_word' id='word_1_231' title='bbox 2114 3410 2444 3475; x_wconf 76' lang='lat' dir='ltr'><strong>aecclesiae</strong></span> <span class='ocrx_word' id='word_1_232' title='bbox 2473 3411 2580 3476; x_wconf 85' lang='lat' dir='ltr'><strong>de·</strong></span> 
     </span>
     <span class='ocr_line' id='line_1_27' title="bbox 206 3507 2582 3612; baseline 0.001 -23"><span class='ocrx_word' id='word_1_233' title='bbox 206 3523 437 3611; x_wconf 69' lang='lat' dir='ltr'><strong>functi</strong></span> <span class='ocrx_word' id='word_1_234' title='bbox 464 3524 817 3605; x_wconf 83' lang='lat' dir='ltr'><strong>sacerdotis,</strong></span> <span class='ocrx_word' id='word_1_235' title='bbox 864 3534 954 3589; x_wconf 87' lang='lat' dir='ltr'><strong>set</strong></span> <span class='ocrx_word' id='word_1_236' title='bbox 986 3525 1170 3589; x_wconf 87' lang='lat' dir='ltr'><strong>etiam</strong></span> <span class='ocrx_word' id='word_1_237' title='bbox 1189 3527 1486 3612; x_wconf 75' lang='lat' dir='ltr'><strong>posuistis</strong></span> <span class='ocrx_word' id='word_1_238' title='bbox 1521 3527 1588 3589; x_wconf 89' lang='lat' dir='ltr'><strong>in</strong></span> <span class='ocrx_word' id='word_1_239' title='bbox 1618 3526 1853 3591; x_wconf 85' lang='lat' dir='ltr'><strong>coelum</strong></span> <span class='ocrx_word' id='word_1_240' title='bbox 1884 3548 1952 3590; x_wconf 90' lang='lat' dir='ltr'><strong>os</strong></span> <span class='ocrx_word' id='word_1_241' title='bbox 1980 3507 2261 3602; x_wconf 73' lang='lat' dir='ltr'><strong>oestrum,</strong></span> <span class='ocrx_word' id='word_1_242' title='bbox 2304 3537 2582 3592; x_wconf 88' lang='lat' dir='ltr'><strong>sanctam</strong></span> 
     </span>
     <span class='ocr_line' id='line_1_28' title="bbox 218 3641 2579 3709; baseline 0.001 -5"><span class='ocrx_word' id='word_1_243' title='bbox 218 3651 497 3705; x_wconf 77' lang='lat' dir='ltr'><strong>matrem</strong></span> <span class='ocrx_word' id='word_1_244' title='bbox 537 3651 813 3705; x_wconf 86' lang='lat' dir='ltr'><strong>nostram</strong></span> <span class='ocrx_word' id='word_1_245' title='bbox 839 3641 1193 3706; x_wconf 87' lang='lat' dir='ltr'><strong>Romanam</strong></span> <span class='ocrx_word' id='word_1_246' title='bbox 1235 3642 1593 3706; x_wconf 84' lang='lat' dir='ltr'><strong>aecclesiam</strong></span> <span class='ocrx_word' id='word_1_247' title='bbox 1620 3644 1688 3706; x_wconf 87' lang='lat' dir='ltr'><strong>in</strong></span> <span class='ocrx_word' id='word_1_248' title='bbox 1729 3643 1961 3707; x_wconf 88' lang='lat' dir='ltr'><strong>crimen</strong></span> <span class='ocrx_word' id='word_1_249' title='bbox 1995 3641 2224 3707; x_wconf 76' lang='lat' dir='ltr'><strong>heresis</strong></span> <span class='ocrx_word' id='word_1_250' title='bbox 2262 3641 2579 3709; x_wconf 73' lang='lat' dir='ltr'><strong>trahendo.</strong></span> 
     </span>
     <span class='ocr_line' id='line_1_29' title="bbox 221 3752 2581 3841; baseline 0.001 -19"><span class='ocrx_word' id='word_1_251' title='bbox 221 3752 571 3822; x_wconf 83' lang='lat' dir='ltr'><strong>Sciscitato</strong></span> <span class='ocrx_word' id='word_1_252' title='bbox 614 3755 829 3841; x_wconf 89' lang='lat' dir='ltr'><strong>itaque</strong></span> <span class='ocrx_word' id='word_1_253' title='bbox 872 3756 1143 3822; x_wconf 70' lang='grc'><strong>1181111111</strong></span> <span class='ocrx_word' id='word_1_254' title='bbox 1186 3760 1547 3822; x_wconf 89' lang='lat' dir='ltr'><strong>nostrorum</strong></span> <span class='ocrx_word' id='word_1_255' title='bbox 1592 3755 1875 3840; x_wconf 86' lang='lat' dir='ltr'><strong>consilio,</strong></span> <span class='ocrx_word' id='word_1_256' title='bbox 1919 3757 2218 3824; x_wconf 89' lang='lat' dir='ltr'><strong>iussimus</strong></span> <span class='ocrx_word' id='word_1_257' title='bbox 2250 3778 2357 3824; x_wconf 85' lang='lat' dir='ltr'><strong>eos</strong></span> <span class='ocrx_word' id='word_1_258' title='bbox 2386 3758 2456 3825; x_wconf 91' lang='lat' dir='ltr'><strong>in</strong></span> <span class='ocrx_word' id='word_1_259' title='bbox 2484 3759 2581 3824; x_wconf 91' lang='lat' dir='ltr'><strong>in-</strong></span> 
     </span>
     <span class='ocr_line' id='line_1_30' title="bbox 217 3853 2582 3961; baseline 0.001 -23"><span class='ocrx_word' id='word_1_260' title='bbox 217 3869 582 3939; x_wconf 80' lang='lat' dir='ltr'><strong>firmariam</strong></span> <span class='ocrx_word' id='word_1_261' title='bbox 630 3853 939 3956; x_wconf 83' lang='lat' dir='ltr'><strong>secedere,</strong></span> <span class='ocrx_word' id='word_1_262' title='bbox 987 3871 1282 3959; x_wconf 85' lang='lat' dir='ltr'><strong>quatinus</strong></span> <span class='ocrx_word' id='word_1_263' title='bbox 1318 3892 1396 3938; x_wconf 84' lang='lat' dir='ltr'><strong>ex</strong></span> <span class='ocrx_word' id='word_1_264' title='bbox 1425 3872 1654 3938; x_wconf 86' lang='lat' dir='ltr'><strong>maiori</strong></span> <span class='ocrx_word' id='word_1_265' title='bbox 1683 3892 1865 3939; x_wconf 88' lang='lat' dir='ltr'><strong>mora</strong></span> <span class='ocrx_word' id='word_1_266' title='bbox 1892 3872 2383 3959; x_wconf 84' lang='lat' dir='ltr'><strong>deliberationis,</strong></span> <span class='ocrx_word' id='word_1_267' title='bbox 2430 3874 2582 3961; x_wconf 90' lang='lat' dir='ltr'><strong>quid</strong></span> 
     </span>
     <span class='ocr_line' id='line_1_31' title="bbox 220 3977 2581 4076; baseline 0.002 -22"><span class='ocrx_word' id='word_1_268' title='bbox 220 3985 552 4074; x_wconf 65' lang='lat' dir='ltr'><strong>agendum</strong></span> <span class='ocrx_word' id='word_1_269' title='bbox 581 3993 768 4072; x_wconf 87' lang='lat' dir='ltr'><strong>esset,</strong></span> <span class='ocrx_word' id='word_1_270' title='bbox 797 3988 1128 4075; x_wconf 88' lang='lat' dir='ltr'><strong>providere</strong></span> <span class='ocrx_word' id='word_1_271' title='bbox 1157 4008 1503 4076; x_wconf 88' lang='lat' dir='ltr'><strong>possemus.</strong></span> <span class='ocrx_word' id='word_1_272' title='bbox 1566 3988 1746 4068; x_wconf 89' lang='lat' dir='ltr'><strong>Quod</strong></span> <span class='ocrx_word' id='word_1_273' title='bbox 1770 3977 1918 4057; x_wconf 88' lang='grc'><strong>011111</strong></span> <span class='ocrx_word' id='word_1_274' title='bbox 1946 3991 2153 4058; x_wconf 83' lang='lat' dir='ltr'><strong>facere</strong></span> <span class='ocrx_word' id='word_1_275' title='bbox 2180 3996 2581 4075; x_wconf 87' lang='lat' dir='ltr'><strong>rennuerent,</strong></span> 
     </span>
     <span class='ocr_line' id='line_1_32' title="bbox 218 4103 2580 4194; baseline 0.001 -22"><span class='ocrx_word' id='word_1_276' title='bbox 218 4103 679 4173; x_wconf 84' lang='lat' dir='ltr'><strong>interdiximus</strong></span> <span class='ocrx_word' id='word_1_277' title='bbox 724 4104 1023 4172; x_wconf 88' lang='lat' dir='ltr'><strong>fratribus</strong></span> <span class='ocrx_word' id='word_1_278' title='bbox 1067 4106 1135 4171; x_wconf 93' lang='lat' dir='ltr'><strong>in</strong></span> <span class='ocrx_word' id='word_1_279' title='bbox 1164 4106 1399 4171; x_wconf 82' lang='lat' dir='ltr'><strong>virtute</strong></span> <span class='ocrx_word' id='word_1_280' title='bbox 1445 4105 1854 4192; x_wconf 86' lang='lat' dir='ltr'><strong>obedientiae,</strong></span> <span class='ocrx_word' id='word_1_281' title='bbox 1900 4128 1982 4173; x_wconf 93' lang='lat' dir='ltr'><strong>ne</strong></span> <span class='ocrx_word' id='word_1_282' title='bbox 2024 4107 2154 4175; x_wconf 87' lang='lat' dir='ltr'><strong>illis</strong></span> <span class='ocrx_word' id='word_1_283' title='bbox 2183 4107 2580 4194; x_wconf 86' lang='lat' dir='ltr'><strong>presentibus</strong></span> 
     </span>
     <span class='ocr_line' id='line_1_33' title="bbox 217 4219 2579 4310; baseline 0.001 -22"><span class='ocrx_word' id='word_1_284' title='bbox 217 4221 448 4288; x_wconf 77' lang='lat' dir='ltr'><strong>divina</strong></span> <span class='ocrx_word' id='word_1_285' title='bbox 498 4219 884 4288; x_wconf 87' lang='lat' dir='ltr'><strong>celebrarent</strong></span> <span class='ocrx_word' id='word_1_286' title='bbox 917 4220 1141 4288; x_wconf 88' lang='lat' dir='ltr'><strong>officia.</strong></span> <span class='ocrx_word' id='word_1_287' title='bbox 1203 4220 1384 4289; x_wconf 91' lang='lat' dir='ltr'><strong>Unde</strong></span> <span class='ocrx_word' id='word_1_288' title='bbox 1413 4223 1723 4310; x_wconf 88' lang='lat' dir='ltr'><strong>compulsi</strong></span> <span class='ocrx_word' id='word_1_289' title='bbox 1755 4244 1794 4291; x_wconf 90' lang='lat' dir='ltr'><strong>a</strong></span> <span class='ocrx_word' id='word_1_290' title='bbox 1819 4224 2142 4308; x_wconf 88' lang='lat' dir='ltr'><strong>fratribus,</strong></span> <span class='ocrx_word' id='word_1_291' title='bbox 2188 4223 2579 4290; x_wconf 90' lang='lat' dir='ltr'><strong>mansionem</strong></span> 
     </span>
     <span class='ocr_line' id='line_1_34' title="bbox 217 4337 2578 4426; baseline 0 -20"><span class='ocrx_word' id='word_1_292' title='bbox 217 4337 342 4406; x_wconf 76' lang='lat' dir='ltr'><strong>sibi</strong></span> <span class='ocrx_word' id='word_1_293' title='bbox 401 4337 784 4423; x_wconf 85' lang='lat' dir='ltr'><strong>deputatam</strong></span> <span class='ocrx_word' id='word_1_294' title='bbox 841 4343 1049 4404; x_wconf 89' lang='lat' dir='ltr'><strong>erecta</strong></span> <span class='ocrx_word' id='word_1_295' title='bbox 1106 4338 1345 4405; x_wconf 78' lang='lat' dir='ltr'><strong>cervice</strong></span> <span class='ocrx_word' id='word_1_296' title='bbox 1399 4340 1797 4406; x_wconf 87' lang='lat' dir='ltr'><strong>introierunt.</strong></span> <span class='ocrx_word' id='word_1_297' title='bbox 1890 4339 1961 4406; x_wconf 93' lang='lat' dir='ltr'><strong>In</strong></span> <span class='ocrx_word' id='word_1_298' title='bbox 2018 4361 2142 4426; x_wconf 90' lang='lat' dir='ltr'><strong>qua</strong></span> <span class='ocrx_word' id='word_1_299' title='bbox 2195 4339 2380 4406; x_wconf 89' lang='lat' dir='ltr'><strong>domo</strong></span> <span class='ocrx_word' id='word_1_300' title='bbox 2434 4359 2578 4406; x_wconf 88' lang='lat' dir='ltr'><strong>cum</strong></span> 
     </span>
     <span class='ocr_line' id='line_1_35' title="bbox 220 4453 2578 4543; baseline 0.001 -23"><span class='ocrx_word' id='word_1_301' title='bbox 220 4453 665 4523; x_wconf 86' lang='lat' dir='ltr'><strong>obedientiam</strong></span> <span class='ocrx_word' id='word_1_302' title='bbox 717 4473 847 4519; x_wconf 89' lang='lat' dir='ltr'><strong>non</strong></span> <span class='ocrx_word' id='word_1_303' title='bbox 904 4459 1230 4521; x_wconf 88' lang='lat' dir='ltr'><strong>servarent</strong></span> <span class='ocrx_word' id='word_1_304' title='bbox 1286 4461 1384 4522; x_wconf 90' lang='lat' dir='ltr'><strong>set</strong></span> <span class='ocrx_word' id='word_1_305' title='bbox 1435 4456 1646 4543; x_wconf 89' lang='lat' dir='ltr'><strong>potius</strong></span> <span class='ocrx_word' id='word_1_306' title='bbox 1701 4456 2022 4523; x_wconf 85' lang='lat' dir='ltr'><strong>cachinnis</strong></span> <span class='ocrx_word' id='word_1_307' title='bbox 2075 4462 2140 4523; x_wconf 90' lang='lat' dir='ltr'><strong>et</strong></span> <span class='ocrx_word' id='word_1_308' title='bbox 2181 4456 2578 4523; x_wconf 88' lang='lat' dir='ltr'><strong>irrisionibus</strong></span> 
     </span>
    </p>
   </div>
   <div class='ocr_carea' id='block_1_3' title="bbox 361 4584 1402 4654">
    <p class='ocr_par' dir='ltr' id='par_1_3' title="bbox 361 4584 1402 4654">
     <span class='ocr_line' id='line_1_36' title="bbox 361 4584 1402 4654; baseline -0.001 -12"><span class='ocrx_word' id='word_1_309' title='bbox 361 4588 418 4642; x_wconf 89' lang='lat'><strong>1.</strong></span> <span class='ocrx_word' id='word_1_310' title='bbox 458 4585 634 4641; x_wconf 85' lang='lat' dir='ltr'><strong>Prov.</strong></span> <span class='ocrx_word' id='word_1_311' title='bbox 660 4585 744 4654; x_wconf 80' lang='lat'><strong>17,</strong></span> <span class='ocrx_word' id='word_1_312' title='bbox 767 4584 821 4640; x_wconf 78' lang='grc' dir='ltr'><strong>ὅ.</strong></span> <span class='ocrx_word' id='word_1_313' title='bbox 962 4585 1016 4641; x_wconf 82' lang='grc'><strong>2.</strong></span> <span class='ocrx_word' id='word_1_314' title='bbox 1051 4585 1098 4640; x_wconf 92' lang='grc' dir='ltr'><strong>Ι.</strong></span> <span class='ocrx_word' id='word_1_315' title='bbox 1240 4586 1294 4641; x_wconf 86' lang='grc'><strong>3.</strong></span> <span class='ocrx_word' id='word_1_316' title='bbox 1329 4586 1402 4642; x_wconf 93' lang='grc' dir='ltr'><strong>ῙΙ.</strong></span> 
     </span>
    </p>
   </div>
   <div class='ocr_carea' id='block_1_4' title="bbox 2611 615 2765 738">
    <p class='ocr_par' dir='ltr' id='par_1_4' title="bbox 2611 615 2765 738">
     <span class='ocr_line' id='line_1_37' title="bbox 2624 615 2764 671; baseline 0.007 -1"><span class='ocrx_word' id='word_1_317' title='bbox 2624 615 2764 671; x_wconf 80' lang='lat'>1148</span> 
     </span>
     <span class='ocr_line' id='line_1_38' title="bbox 2611 688 2765 738; baseline -0.013 0"><span class='ocrx_word' id='word_1_318' title='bbox 2611 688 2709 738; x_wconf 80' lang='lat' dir='ltr'><strong>Oct.</strong></span> <span class='ocrx_word' id='word_1_319' title='bbox 2735 692 2765 736; x_wconf 86' lang='lat'>8</span> 
     </span>
    </p>
   </div>
  </div>
 </body>
</html>
