3319 5242
779 440 865 507 86
1560 457 1858 506 πωᾼωι
1899 458 2231 507 unsa-ona
2275 459 2351 505 11.

577 605 715 692 1137
776 619 1006 667 nenses
1062 604 1129 666 et
1169 599 1455 666 homines
1499 604 1709 666 terrae
1754 598 1936 667 Beati
1979 598 2309 668 Benedicti
2354 606 2419 668 et
2463 620 2683 669 omnes
2727 601 3108 669 circumcirca

556 680 655 727 ⁰⁶²⁷
681 691 744 727 '¹¹‘
778 721 1106 783 manentes
1166 720 1387 783 contra
1438 721 1934 801 sacramentum,
1992 717 2160 803 quod
2202 717 2402 785 vobis*
2429 723 2494 786 et
2536 717 2817 785 Romano
2863 717 3109 805 imperio

781 839 847 900 et
889 832 1219 900 Casinensi
1263 830 1562 899 ecclesiae
1605 832 1910 917 fecerunt,
1956 831 2048 900 nil
2094 832 2322 901 melius
2352 834 2734 922 operentur?
2789 834 3111 901 Residuum

781 949 953 1016 enim
1016 948 1296 1016 locustae
1357 950 1632 1019 comedit
1693 951 1926 1017 brucus
1945 945 1980 1034 ¹,
2049 954 2124 1015 ut
2192 950 2285 1017 ait
2334 950 2665 1038 propheta.
2743 950 2909 1030 Quid
2961 949 3113 1017 enim

779 1064 1157 1131 Nortmanni
1210 1065 1479 1151 faciunt,
1541 1071 1605 1133 et
1657 1067 1919 1133 comites
1964 1065 2363 1152 Aquinenses
2416 1067 2637 1153 peiora
2677 1087 2809 1133 non
2849 1063 3112 1134 faciunt?

782 1181 886 1248 Illi
938 1185 1177 1248 terram
1236 1187 1575 1269 occupant,
1636 1182 1746 1249 isti
1800 1182 1962 1249 nihil
2020 1202 2100 1249 ex
2157 1182 2517 1249 civitatibus
2569 1182 2673 1250 vel
2717 1203 2798 1250 ex
2841 1204 2989 1250 rure
3032 1182 3116 1247 di-

780 1297 1071 1380 mittunt3
1116 1297 1215 1363 illi
1247 1298 1542 1366 occidunt
1570 1299 1801 1384 gladio,
1847 1300 1957 1365 isti
1999 1296 2226 1366 ablatis
2258 1299 2550 1366 omnibus
2577 1299 2748 1365 fame
2776 1300 3114 1380 trucidant3

779 1413 878 1479 illi
917 1415 987 1480 in
1031 1415 1465 1501 captivitatem
1512 1417 1770 1499 ducunt,
1814 1416 1924 1483 isti
1968 1414 2092 1482 sibi
2135 1414 2204 1481 in
2249 1417 2619 1482 servitutem
2662 1415 2978 1500 redigunt.
3042 1414 3121 1481 Et

780 1550 926 1596 cum
983 1531 1297 1617 queritur,
1356 1533 1497 1617 quis
1543 1533 1845 1599 adversus
1890 1532 2103 1598 hostes
2150 1531 2409 1598 dimicet
2423 1581 2442 1616 ,
2496 1531 2909 1599 inveniuntur
2952 1530 3119 1614 nulli,

780 1665 927 1713 cum
983 1646 1224 1713 scilicet
1266 1667 1484 1713 eorum
1529 1649 1939 1736 oppressione
1982 1648 2243 1732 retenti,
2304 1648 2387 1714 ad
2427 1648 2800 1714 mandatum
2842 1655 3123 1716 nostrum

781 1782 1109 1830 occanere
1152 1783 1413 1850 prorsus
1457 1766 1861 1832 inveniantur
1873 1776 1915 1832 ⁸.
1989 1764 2117 1832 Sed
2144 1782 2291 1830 cum
2318 1764 2598 1852 undique
2634 1766 2980 1850 angustiati
3007 1764 3124 1832 cla-

780 1899 1051 1964 mamuS,
1095 1899 1222 1945 non
1268 1885 1368 1947 est
1410 1882 1518 1967 qui
1564 1881 1802 1966 audiat,
1847 1903 1976 1948 non
2023 1887 2120 1948 est
2154 1881 2264 1966 qui
2291 1882 2694 1968 respondeat,
2738 1901 2869 1949 non
2901 1887 3002 1949 est
3028 1879 3127 1967 qui

782 1995 1068 2081 adiuvet,
1124 2015 1253 2062 non
1308 2002 1406 2064 est
1458 1998 1567 2083 qui
1622 1998 1869 2064 salvum
1911 1998 2134 2082 faciat,
2197 2017 2326 2063 non
2371 2003 2469 2064 est
2512 1999 2621 2082 qui
2662 2003 2981 2084 protegat.
3049 1997 3130 2064 Et

697 2124 700 2127 ’
783 2112 937 2199 quid
994 2111 1201 2178 dicam
1257 2113 1359 2180 vel
1405 2114 1556 2198 quid
1600 2113 1858 2200 loquar,
1918 2133 2063 2180 cum
2108 2114 2472 2199 pervenerit
2513 2113 2759 2198 gladius
2803 2134 3012 2199 usque
3056 2112 3131 2179 ad

783 2230 1061 2295 animam
1119 2235 1183 2296 et
1241 2230 1496 2314 sanguis
1554 2231 1837 2298 omnium
1893 2229 2369 2297 interfectorum
2425 2229 2503 2296 de
2561 2235 2734 2297 terra
2775 2229 3015 2298 clamet
3058 2228 3134 2296 ad

782 2346 1030 2413 Deum?
1099 2345 1320 2412 Omnis
1373 2366 1647 2432 namque
1701 2345 1974 2434 populus
2030 2345 2265 2412 diversi
2323 2365 2511 2412 sexus
2569 2350 2633 2414 et
2689 2346 2918 2413 aetatis
2971 2346 3137 2413 intra

782 2462 1036 2529 moenia
1101 2461 1387 2528 coenobii
1439 2462 1802 2529 casinensis
1859 2467 2272 2546 congregatus
2330 2461 2650 2546 consistit,
2721 2467 2787 2529 et
2842 2463 3137 2531 omnibus

783 2576 1131 2646 forinsecus
1178 2577 1519 2646 devastatis
1567 2598 1641 2646 ac
1683 2578 1752 2646 in
1795 2575 2201 2645 solitudinem
2229 2577 2524 2664 redactis,
2570 2577 2731 2645 nihil
2757 2578 2891 2647 iam
2920 2583 3138 2664 restat,

784 2695 940 2780 nisi,
1000 2695 1166 2780 quod
1209 2695 1384 2762 Deus
1443 2701 1717 2781 avertat,
1774 2695 1977 2782 ipsius
2036 2693 2335 2762 ecclesiae
2380 2694 2741 2763 casinensis
2797 2697 3138 2765 excidium.

785 2811 949 2878 Illud
993 2817 1236 2898 autem,
1283 2812 1450 2898 quod
1493 2812 1728 2880 habere
1770 2812 2090 2896 videmur,
2138 2811 2271 2878 solo
2317 2813 2573 2880 nomine
2616 2814 2876 2897 utimur,
2924 2820 3005 2881 ut
3047 2812 3147 2881 vel

789 2928 871 2995 ad
927 2928 1353 2996 defensionem
1374 3006 1379 3009 Α
1397 2929 1682 2996 coenobii
1728 2929 1829 2996 vel
1875 2929 1958 2995 ad
2003 2927 2281 3013 aliquam
2323 2927 2662 2995 utilitatem
2708 2929 3002 2998 eiusdem
3049 2949 3147 2997 ec-

787 3044 1016 3113 clesiae
1060 3045 1485 3131 quorumlibet
1530 3044 1759 3112 solatia
1802 3064 2149 3129 numquam
2189 3045 2606 3111 inveniamus.

965 3160 1313 3249 Praecipue
1357 3167 1570 3228 autem
1613 3161 1793 3247 mihi,
1846 3181 2033 3247 quem
2075 3164 2291 3227 vestra
2333 3160 2424 3228 ibi
2467 3159 2773 3248 praefecit
2813 3162 3151 3247 maiestu,

786 3298 917 3345 non
961 3278 1166 3345 solum
1210 3278 1387 3344 nulla
1430 3277 1659 3344 solatia
1703 3276 2063 3360 conferunt,
2117 3296 2340 3343 verum
2386 3277 2579 3344 etiam
2633 3277 2944 3364 quidquid
2992 3280 3152 3347 resi-

790 3393 987 3461 duum
1054 3398 1153 3460 est
1217 3393 1297 3460 ab
1363 3393 1650 3460 hostibus
1716 3392 2196 3479 inpretermisse
2265 3392 2673 3478 subtrahunt,
2753 3400 2818 3461 et
2886 3415 3156 3463 omnem

788 3513 1075 3575 nostram
1129 3509 1606 3596 dispositionem
1661 3509 1733 3575 in
1789 3513 1961 3575 terra
2015 3507 2199 3576 Beati
2250 3507 2578 3576 Benedicti
2634 3509 2763 3575 suis
2819 3510 3154 3580 violentiis

792 3625 1058 3711 calcant,
1106 3625 1261 3692 adeo
1306 3630 1380 3692 ut
1421 3644 1539 3691 nec
1581 3624 1881 3692 victualia
1923 3644 2040 3692 nec
2081 3624 2214 3691 ulla
2257 3624 2691 3712 quadrupedia
2731 3626 2802 3692 in
2845 3629 3157 3696 omnibus

791 3742 1025 3810 nostris
1038 3741 1063 3779 Ι*
1119 3745 1517 3826 remaneant,
1595 3760 1715 3807 nec
1779 3740 1981 3808 ullum
1995 3752 2039 3826 ⁰,
2108 3740 2215 3826 qui
2295 3741 2479 3808 nobis
2552 3742 2985 3829 compatiatur
3055 3743 3162 3813 vel

793 3863 1045 3926 nostros
1090 3857 1404 3942 singultus
1446 3855 1549 3924 vel
1593 3857 1864 3942 gemitus
1911 3857 2139 3941 doleat,
2185 3855 2401 3924 oculus
2444 3862 2661 3924 noster
2705 3859 3004 3946 aspiciat.

973 3973 1099 4041 Sed
1144 3975 1294 4061 quia
1336 3979 1511 4041 tanto
1555 3974 1959 4061 imperatori,
2018 3979 2193 4041 tanto
2241 3979 2506 4058 augusto
2549 3993 2756 4060 pauca
2798 3974 3163 4062 sufficiunt,

795 4112 875 4159 ex
919 4091 1060 4158 istis
1105 4091 1264 4175 iam,
1309 4090 1734 4178 triumphator
1774 4090 2010 4157 invicte
2025 4139 2044 4174 ,
2091 4110 2253 4175 quae
2292 4111 2411 4157 nos
2456 4111 2612 4177 prae
2655 4091 2895 4175 gemitu
2945 4098 3021 4161 et
3068 4095 3166 4162 af·

794 4207 1069 4275 flictione
1133 4207 1340 4274 cordis
1399 4207 1572 4293 loqui
1630 4226 1758 4273 non
1812 4226 2148 4293 possumus
2162 4256 2181 4291 ,
2252 4213 2317 4273 et
2368 4227 2449 4274 ex
2504 4207 2714 4275 verbis
2766 4205 2885 4274 filii
2943 4213 3167 4279 nostri

794 4324 1001 4409 Petri,
1061 4308 1246 4390 huius
1300 4322 1602 4411 epistolae
1658 4322 1985 4389 dictatoris
2045 4342 2119 4389 ac
2161 4321 2430 4389 Romani
2472 4324 2728 4411 imperii
2769 4344 2885 4411 per
2934 4328 3173 4395 omnia

943 4479 984 4513 a.
1014 4467 1083 4514 sie
1103 4466 1176 4512 ed.
1255 4466 1300 4512 b.
1332 4463 1703 4527 possessionibus
1723 4465 1798 4511 0⁶1
1816 4465 1978 4512 εἰιηίιίε
1999 4465 2225 4512 εει-ὶόἰικ
2241 4465 2432 4513 videm.
2515 4478 2556 4512 c.
2575 4464 2697 4513 ullus
2717 4465 2790 4512 ed.

814 4604 819 4611 ·
942 4572 991 4627 1.
1028 4569 1144 4629 1001
1180 4571 1230 4642 1,
1265 4570 1319 4628 4.
