3319 5242
822 406 958 473 494
1493 422 1793 470 ΜΒΑωι
1835 419 2209 471 musa-onan
2251 420 2359 468 365.
2394 421 2503 469 sss.

645 569 785 624 1152
997 564 1272 631 Audisse
1316 563 1629 631 credimus
1678 562 2116 630 excellentiam
2148 567 2447 646 vestram,
2494 562 2661 649 quod
2705 562 2894 630 felicis
2917 582 3103 628 memo-

653 642 784 690 Νη
822 681 956 748 riae
986 681 1276 747 dominus
1308 680 1624 764 quondam
1646 684 1881 763 noster‚
1912 680 2167 746 inclitus
2190 679 2617 745 Romanorum
2639 699 2753 746 rex
2777 678 3106 759 emundas),

823 816 938 862 nos
993 797 1077 862 ad
1129 796 1429 863 domnum
1486 817 1720 883 papam
1776 800 1839 863 et
1897 796 1976 862 ad
2021 795 2246 863 urbem
2289 794 2556 862 Romam
2600 815 2716 882 pro
2762 795 2935 862 rebus
2971 793 3109 876 regni

825 912 1082 996 agendis
1127 913 1583 1000 transmiserat.
1652 911 1764 979 Set
1809 918 1954 978 ante
1998 912 2271 978 reditum
2320 918 2626 995 nostrum,
2675 911 2915 979 domino
2940 915 3110 978 nostro

822 1026 1327 1096 walciodorense
1375 1024 1632 1096 abbate¹
1679 1028 1847 1094 viam
1892 1030 2225 1094 universae
2270 1029 2478 1094 carnis
2523 1029 2836 1112 ingresso,
2885 1032 3007 1094 orta
3041 1029 3113 1091 est

824 1144 1129 1212 dissensio
1184 1146 1350 1211 inter
1405 1145 1743 1212 monachos
1789 1143 2329 1212 walciodorenses
2387 1149 2450 1210 et
2493 1143 2921 1211 Hasterienses
2965 1125 3114 1228 super

825 1260 1126 1328 electione
1182 1261 1378 1327 futuri
1438 1261 1713 1342 abbatis3
1772 1282 1887 1347 pro
1948 1281 2073 1346 qua
2128 1261 2557 1327 controversia
2611 1258 2994 1327 terminanda
3031 1276 3116 1322 vos

823 1376 1060 1443 eisdem
1103 1377 1428 1444 monachis
1472 1377 1682 1444 locum
1726 1383 1791 1444 et
1835 1378 2003 1443 diem
2034 1375 2364 1462 prefixisse
2395 1376 2842 1445 intelleximus.
2897 1374 2979 1442 Et
2999 1393 3118 1460 quo-

822 1493 994 1560 niam
1039 1493 1340 1559 mandata
1383 1493 1597 1560 domni
1643 1514 1848 1580 papae
1896 1494 2099 1559 adhuc
2144 1494 2211 1558 in
2247 1493 2538 1560 manibus
2568 1492 2888 1576 habemus,
2931 1490 3120 1557 discre-

823 1609 1014 1675 tionis
1059 1615 1308 1676 vestrae
1350 1609 1616 1697 pedibus
1665 1610 1874 1676 animo
1923 1609 2223 1693 advoluti,
2270 1608 2725 1693 benignitatem
2756 1612 3012 1676 vestram
3047 1604 3122 1669 in·

822 1725 976 1792 time
1030 1745 1355 1809 rogamuS,
1410 1729 1484 1791 ut
1535 1746 1651 1812 pro
1711 1727 2064 1793 reverentia
2121 1724 2399 1791 eiusdem
2456 1725 2672 1791 domni
2727 1745 2927 1812 papae
2975 1739 3124 1805 agere

823 1861 968 1908 cum
998 1841 1089 1908 eis
1120 1840 1444 1926 differatis,
1492 1841 1690 1909 donec
1722 1879 1805 1887 —
1833 1843 2119 1908 ordinato
2151 1863 2266 1929 per
2296 1840 2746 1897 omninntenflfl
2778 1839 2890 1888 Dei
2923 1834 3123 1888 mim-i.

823 1958 1103 2025 cordiam
1157 1977 1320 2024 novo
1374 1978 1555 2042 rege,
1612 1978 1730 2045 pro
1787 1958 1964 2024 cuius
2020 1957 2300 2024 electiom

822 2074 953 2140 iam
997 2075 1163 2141 inter
1207 2094 1276 2140 se
1318 2073 1553 2141 habent
1599 2072 1913 2159 colloquia
1955 2078 2020 2141 et
2048 2095 2162 2140 nos
2194 2094 2300 2159 pro

826 2190 1043 2258 abesse
1086 2211 1215 2257 non
1243 2190 1621 2277 permittunt
1652 2226 1735 2235 —
1772 2189 1977 2256 eidem
2020 2209 2247 2256 causae
2290 2190 2300 2255 i

826 2308 995 2374 enim
1045 2308 1266 2374 matris
1311 2312 1563 2373 nostrae
1608 2304 2136 2373 walciodorensis
2182 2326 2518 2373 aecclefflae
2563 2330 2812 2372 iabores
2855 2330 3125 2387 negugme

824 2422 1122 2490 debemus
1179 2430 1290 2490 aut
1332 2422 1619 2489 volumus
1634 2472 1653 2506 ‚
1715 2422 1867 2508 quin
1925 2422 1983 2489 ei
2040 2424 2110 2489 in
2155 2423 2327 2489 omni
2373 2421 2748 2489 necessitate
2794 2440 2938 2504 sua,
2990 2415 3125 2485 salva
3159 2419 3171 2429 “

825 2538 1153 2624 dignitatis
1199 2543 1447 2606 vestrae
1505 2538 1863 2606 reverentia
1918 2542 1982 2604 et
2035 2543 2288 2604 sanctae
2332 2537 2633 2606 Metensis
2680 2537 3008 2605 aecclesiae
3043 2533 3126 2597 ho-

826 2676 999 2741 nore,
1047 2656 1403 2724 subservire
1447 2656 1656 2743 parati
1704 2657 1901 2722 simus
1914 2665 1954 2720 ·.

832 2910 1008 2983 366.
1048 2915 1363 2983 Wibaldus
1399 2916 1994 2981 Walciodorensibus
2038 2916 2265 2995 scribit,
2311 2936 2377 2978 se
2397 2926 2543 3000 post
2573 2914 2828 2979 electum
2856 2935 3041 2999 reqem
3065 2908 3130 2972 eis

1051 3032 1268 3120 affore.
1357 3033 1552 3098 Mittit
1591 3031 1870 3118 Euyem'i
1906 3029 2032 3096 III
2069 3031 2299 3097 bullam
2357 3053 2732 3117 suammnque
2778 3032 2868 3096 ad
2910 3025 3129 3114 Stepha-

1048 3172 1197 3212 num
1256 3151 1610 3235 episcopum
1667 3148 2000 3213 Meteon-sem
2054 3157 2114 3211 et
2168 3147 2256 3211 ad
2301 3144 2724 3211 Hasta-{emes
2780 3144 3129 3234 epistolarum

1052 3266 1352 3351 exempla.
2852 3258 2956 3341 (Μ.
2988 3253 3128 3329 342.)

649 3411 789 3465 1152
1003 3396 1229 3463 Frater
1273 3394 1649 3476 W(iba.ldus)
1696 3394 1817 3462 Dei
1862 3394 2068 3478 gratia
2110 3394 2208 3477 id,
2263 3394 2430 3479 quod
2477 3397 2574 3460 est
2615 3393 2684 3458 in
2725 3393 3018 3460 aecclesia
3053 3407 3129 3453 ca-

659 3484 791 3531 mb*
827 3512 1080 3597 tholica,
1125 3511 1369 3579 dilectis
1398 3512 1468 3577 in
1499 3510 1751 3578 Christo
1791 3510 2092 3577 fratribus
2136 3510 2267 3575 suis
2304 3510 2616 3577 universis
2644 3503 3127 3578 walciodorensis

832 3629 1167 3696 aecclesiae
1212 3626 1358 3693 filiis
1404 3627 1904 3694 benedictionem
1951 3631 2015 3693 et
2055 3626 2254 3692 vitam
2300 3647 2499 3712 usque
2544 3626 2609 3691 in
2657 3625 2952 3692 seculum.

1007 3744 1243 3811 Audito
1288 3764 1404 3832 per
1446 3744 1683 3810 famam
1729 3743 1905 3810 obitu
1936 3743 2265 3809 reverendi
2294 3744 2496 3829 patris
2527 3743 2727 3808 nostri
2740 3740 2786 3826 ²,
2832 3740 3128 3829 plurimum

830 3866 1092 3948 propter
1134 3859 1513 3947 multiplices
1560 3860 1899 3927 aecclesiae
1930 3865 2176 3926 vestrae
2220 3858 2488 3942 labores,
2536 3879 2690 3943 quos
2725 3860 2793 3925 in
2824 3876 3020 3925 rerum
3046 3871 3129 3917 110·

830 3979 1026 4045 vitate
1055 3979 1301 4044 futuros
1330 3977 1762 4060 formidamus,
1806 3977 2013 4043 animo
2043 3976 2223 4043 vobis
2254 3975 2715 4056 condoluimus;
2763 3980 2829 4041 et
2855 3972 3127 4061 precipue,

830 4113 971 4162 cum
1018 4095 1096 4162 de
1139 4093 1332 4161 verbo
1380 4092 1700 4160 electionis
1747 4087 2025 4159 vestrae⁸
2069 4092 2495 4159 intelleximus
2508 4141 2527 4175 ‚
2575 4112 2735 4177 quae
2779 4079 3129 4157 universitati

829 4217 1077 4279 vestrae
1120 4210 1362 4277 nullam
1407 4211 1661 4277 omnino
1707 4209 2045 4276 utilitatem
2092 4207 2315 4276 afferre
2359 4209 2593 4296 poterit
2633 4213 2699 4274 et
2727 4225 3021 4295 personae
3044 4217 3128 4266 no-

975 4367 1017 4400 Ι.
1060 4367 1215 4401 Sumus
1248 4371 1289 4401 c·

979 4442 1027 4494 1.
1050 4438 1411 4495 Theoderico.
1517 4440 1571 4494 2.
1596 4437 1925 4493 Theoderici
1950 4437 2169 4494 abbatis
2193 4436 2676 4494 walciodorensis.
2774 4438 2823 4492 3.
2852 4433 2934 4493 Cf.
2958 4448 3033 4502 ep.
3049 4424 3128 4483 368

833 4526 977 4584 infra
1011 4545 1066 4598 p.
1091 4529 1217 4583 496.
