3319 5242
839 466 1137 523 wmanm
1178 466 1553 517 nms‘rom
1595 467 1688 517 296
1704 491 1754 501 ·-
1769 468 1876 516 ess.
2401 454 2534 521 435

222 606 325 677 hoo
363 607 670 694 siquidem
715 628 965 676 omnem
1007 609 1505 694 indignationem
1550 616 1613 678 et
1654 608 1955 679 offensam
1997 618 2302 698 nostram,
2348 634 2538 699 quam
2615 619 2755 676 1150

218 724 364 792 iuste
404 746 745 810 merueras,
792 725 910 795 tibi
955 726 1295 794 clementer
1339 728 1743 811 remittimus,
1790 733 1977 813 atque
2024 730 2066 796 εἴ
2105 730 2537 803 vocationibus
2570 706 2609 742 θ’
2630 693 2756 754 ⁵⁰⁹¹*
2777 694 2808 743 ⁸

218 846 274 908 et
310 841 551 910 iudiciis
594 844 666 910 in
710 848 774 912 te
818 863 1009 930 super
1052 843 1172 910 hoc
1214 844 1629 930 promulgatis
1675 849 1772 912 te·
1818 844 2221 913 absolvimus.

219 1059 378 1136 297.
422 1069 742 1161 Com-adas
770 1066 879 1133 HI
909 1091 1023 1133 rex
1058 1068 1340 1134 Wibaldo
1374 1070 1702 1160 siqmfleat,
1749 1094 1814 1134 se
1845 1070 1919 1135 ob
1951 1071 2081 1134 eius
2111 1072 2539 1157 occupationes

416 1185 781 1271 leqationem
833 1184 1190 1250 Romanam
1233 1185 1582 1251 Basileensi
1635 1196 1694 1251 et
1739 1183 2185 1251 Constantiensi
2238 1189 2539 1274 episcopis

419 1301 715 1366 detulisse.
2216 1300 2324 1384 (Μ.
2359 1303 2539 1384 278.)

373 1432 753 1517 C(onradus)
799 1433 920 1501 Dei
961 1434 1168 1518 gratia
1194 1432 1619 1500 Romanorum
1661 1454 1775 1502 rex
1806 1433 2145 1519 W(ibaldo)
2177 1435 2539 1506 Corbeiensi
2645 1438 2786 1494 1150

208 1547 410 1617 abbati
455 1550 726 1634 gratiam
770 1570 952 1618 suam
996 1557 1061 1618 et
1103 1570 1287 1617 omne
1330 1549 1583 1617 bonum.
2556 1511 2742 1575 sm*
2757 1513 2872 1560 Nov.

370 1665 827 1754 Experimento
882 1667 1286 1752 cognovimus
1346 1671 1410 1734 et
1463 1667 1620 1735 certi
1675 1687 1921 1752 sumus,
1980 1669 2147 1753 quod
2200 1668 2421 1737 honori
2474 1675 2541 1737 et

203 1783 594 1869 provectibus
638 1785 871 1852 nostris
915 1784 1358 1872 promovendis
1402 1804 1650 1851 summa
1692 1782 2014 1852 fidelitatis
2060 1786 2414 1853 constantia
2438 1787 2538 1853 in-

201 1899 476 1968 defessus
523 1901 800 1969 assistas,
892 1901 1110 1986 Igitur,
1156 1902 1214 1967 si
1256 1921 1470 1967 rerum
1515 1902 1908 1988 oportunitas
1951 1902 2354 1989 postulasset,
2401 1901 2538 1971 offi-

200 2017 360 2083 cium
406 2018 742 2103 legationis
785 2024 1039 2085 nostrae
1089 2018 1170 2084 ad
1215 2018 1513 2085 domnum
1555 2038 1810 2105 papam,
1859 2020 2384 2104 quemadmodum
2429 2041 2539 2088 ex·-

194 2135 605 2221 pectavimus,
653 2135 1076 2203 assumsisses.
1145 2134 1456 2214 Quoniam
1502 2138 1712 2202 autem
1754 2155 1989 2219 magna
2030 2157 2243 2204 rerum
2272 2135 2540 2205 difficul-

193 2254 318 2317 tate
363 2258 431 2319 te
477 2252 898 2340 prepeditum·
922 2273 1060 2320 esse
1089 2253 1514 2337 cognovimus,
1561 2251 1762 2319 bonae
1789 2251 2100 2320 voluntati
2127 2259 2273 2321 tuae
2292 2246 2537 2338 'gratias

191 2366 518 2454 habentes,
564 2375 628 2436 et
673 2370 766 2437 ad.
798 2374 1008 2437 cetera
1049 2370 1304 2453 negotia
1333 2373 1554 2436 nostra
1581 2368 1962 2435 sinceritatis
1991 2374 2139 2437 tuae
2169 2370 2535 2457 obsequium

188 2484 370 2552 nobis
417 2487 967 2575 promptissimum
1011 2507 1148 2554 esse
1190 2506 1320 2553 non
1359 2485 1738 2571 dubitantes,
1786 2485 1928 2552 aliis
1958 2487 2368 2574 principibus,
2413 2485 2536 2555 Ba—

186 2599 433 2670 siliensi
479 2603 721 2671 scilicet
765 2599 1094 2692 episcopo¹
1139 2602 1238 2671 et*
1285 2601 1759 2670 constanciensi
1802 2599 2150 2691 episcopo²,
2202 2604 2536 2689 legationis

183 2724 443 2788 nostrae
488 2720 768 2788 laborem
814 2722 896 2788 ad
939 2722 1238 2789 domnum
1283 2740 1519 2807 papam
1563 2720 2013 2788 commisimus.

183 2938 365 3012 298.
406 2944 730 3011 Wibaldas
772 2944 1061 3033 Euqem’o
1100 2944 1212 3011 ΙΠ
1232 2968 1452 3032 papae
1493 2947 1731 3027 scribit,
1784 2969 1850 3010 se
1892 2946 2256 3032 leqationem
2298 2945 2536 3012 Roma-

409 3084 564 3127 nam
606 3073 1026 3149 suscepturum
1057 3061 1289 3149 fuisse,
1347 3064 1402 3126 si
1447 3085 1584 3126 eam
1630 3063 1917 3127 ecelesiae
1961 3062 2287 3126 Romanae
2327 3062 2538 3126 utilem

394 3176 555 3267 fore
577 3179 944 3243 credidisset.
991 3177 1128 3243 Has
1151 3179 1384 3243 litteras
1406 3178 1766 3266 afferentem
1789 3179 2188 3243 commendat.
2235 3174 2342 3257 (M.
2359 3176 2537 3259 280.)

360 3310 734 3377 Reverendo
780 3311 847 3376 in
878 3307 1129 3377 Christo
1173 3311 1344 3398 patri
1389 3331 1502 3378 suo
1549 3315 1614 3378 et
1658 3311 1911 3378 domino
1942 3309 2278 3394 E(ugenio)
2324 3311 2435 3376 uni
2474 3316 2540 3377 et
2646 3327 2787 3383 1150

168 3427 535 3496 universali
579 3447 782 3514 papae
816 3426 1012 3494 frater
1047 3424 1427 3509 W(ibaldus)
1455 3427 1579 3495 Dei
1626 3432 1692 3494 et
1732 3431 1946 3493 vestra
1987 3426 2195 3510 gratia
2237 3427 2324 3511 id,
2371 3427 2539 3513 quod
2564 3401 2747 3463 ⁸⁶9¹*—
2761 3401 2874 3450 ¹³⁰⁶·

168 3551 270 3612 est
317 3546 396 3612 in
459 3543 759 3610 aecclesia
812 3543 1150 3629 catholica,
1204 3543 1463 3611 filialem
1520 3542 1920 3611 dilectionem
1975 3547 2040 3611 et
2092 3541 2368 3610 debitam
2423 3564 2539 3631 per

165 3662 400 3728 omnia
447 3660 914 3727 subiectionem.

357 3777 513 3844 Non
555 3777 731 3861 latet,
777 3780 961 3864 pater
1003 3776 1357 3861 karissime,
1406 3776 1796 3844 celsitudinis
1825 3781 2072 3844 vestrae
2113 3776 2536 3863 prudentiam,

162 3895 369 3980 quod,
427 3914 507 3960 ex
540 3914 661 3979 quo
696 3893 1003 3977 gloriosus
1036 3899 1222 3978 atque
1250 3893 1505 3960 inclitus
1536 3893 1962 3961 Romanorum
1992 3914 2104 3960 rex
2136 3892 2536 3978 C(onradus),

157 4010 546 4080 sanctitatis
593 4015 839 4077 vestrae
883 4008 1079 4094 filius,
1129 4030 1168 4074 a
1209 4009 1755 4077 lherosolimitana
1798 4010 2200 4097 expeditione
2243 4010 2451 4093 rediit,
2498 4029 2537 4074 a

151 4127 379 4196 latere
432 4147 547 4193 suo
593 4126 852 4212 legatos
879 4125 1160 4193 efficaces
1206 4132 1271 4192 et
1311 4127 1657 4193 industrios
1699 4128 1781 4194 ad
1808 4132 2055 4194 vestrae
2083 4124 2536 4209 magnitudinis

154 4243 629 4312 excellentiam
665 4243 983 4310 destinare
1015 4244 1434 4330 proposuerit.
1494 4243 1600 4310 Ad
1631 4244 1796 4329 quod
1825 4247 2078 4309 strenue
2108 4240 2537 4328 peragendum

149 4382 313 4429 cum
378 4360 590 4427 etiam¹
625 4366 880 4428 nostrae
923 4359 1293 4447 parvitatis⁶
1336 4379 1609 4447 persona
1653 4365 1720 4427 et
1754 4359 2165 4427 denominata
2207 4362 2273 4425 et
2313 4361 2537 4424 vocata

311 4518 364 4552 n»
411 4504 464 4549 to
495 4503 679 4550 addidi.
803 4502 848 4551 b.
881 4505 929 4550 et
958 4520 1043 4550 om.
1066 4502 1169 4549 eod.
1292 4515 1333 4550 e.
1368 4503 1607 4564 pravitatis
1639 4519 1682 4550 ο.

311 4593 375 4647 1.
421 4588 685 4648 Ortliebo.
828 4591 881 4646 2.
918 4589 1250 4646 Hermanno.
