3319 5242
715 434 846 502 208
1384 453 1681 502 wmALm
1725 452 2099 502 nrm-roms.
2141 452 2247 499 131.
2285 453 2391 498 132.

538 601 678 657 1148
712 596 952 663 tatione
1005 594 1118 661 diu
1160 595 1401 682 perfrui
1443 615 1709 663 merear.
1782 593 2019 693 Verum
2064 601 2299 682 quanto
2343 596 2590 662 fervore
2637 601 2919 662 vestram
2959 615 3051 661 re-

716 712 964 799 quiram
1017 713 1433 799 presentiam,
1504 706 1853 829 adventani
1902 712 2284 797 desiderem,
2348 733 2478 779 non
2533 712 2721 780 credo
2781 718 3052 779 vestram

715 829 1007 913 ignorare
1051 830 1399 916 scientiam,
1448 831 1686 917 quippe
1732 830 1908 896 cuius
1956 836 2020 896 et
2064 834 2381 896 sustentor
2425 829 2661 897 auxilio
2692 834 2758 895 et
2786 828 3052 895 delector

714 946 993 1013 consilio.
1173 947 1272 1014 De
1328 969 1402 1014 eo
1457 953 1700 1030 autem,
1759 946 1927 1032 quod
1969 946 2129 1012 mihi
2174 946 2569 1030 iniunxistis,
2627 951 2700 1012 ut
2742 944 3056 1012 Godinum

715 1063 793 1130 de
834 1061 1090 1132 Barsiez
1139 1064 1509 1130 villicationi
1552 1064 1622 1129 in
1665 1062 1976 1146 Lemgum
2020 1064 2412 1150 imponerem
2426 1113 2445 1147 ,
2505 1066 2877 1149 preceptum
2924 1062 3055 1147 qui-

714 1180 859 1247 dem
901 1186 1184 1247 vestrum
1228 1182 1482 1248 rusticis
1530 1181 1921 1264 annuntiavi,
1970 1185 2068 1247 set
2112 1181 2372 1246 minime
2418 1180 2700 1247 obtinere
2740 1180 2948 1265 potui,
2992 1183 3059 1243 ut

713 1297 980 1365 eundem
1004 1296 1372 1380 G(odinum)
1402 1298 1776 1384 reciperent,
1808 1317 2007 1383 usque
2036 1297 2118 1363 ad
2154 1303 2402 1364 vestrae
2432 1297 2787 1383 presentiae
2819 1296 3059 1362 discus-

713 1414 972 1480 sionem.
1043 1414 1202 1480 Cum
1260 1433 1407 1481 vero
1451 1392 1797 1497 ⁸instarem,
1856 1419 1927 1480 ut
1981 1414 2176 1480 iussio
2230 1419 2444 1480 vestra
2486 1413 2895 1500 impleretur,
2954 1412 3060 1479 ad-

714 1536 1005 1596 vocatum
1048 1531 1370 1610 adierunt;
1419 1535 1483 1597 et
1527 1531 1619 1597 sic
1665 1530 1910 1614 omnia,
1955 1550 2085 1596 non
2128 1536 2342 1596 tamen
2389 1531 2526 1597 sine
2569 1550 2799 1613 magno
2847 1550 3061 1596 rerum

711 1652 1074 1713 nostrarum
1126 1646 1432 1734 dampno,
1491 1646 1690 1713 dilata
1734 1653 1883 1713 sunt
1926 1651 1991 1713 et
2036 1647 2423 1713 contentiose
2465 1645 2690 1713 relicta
2732 1667 2939 1733 usque
2985 1646 3059 1711 ad

711 1769 990 1830 vestram
1043 1764 1449 1849 presentiam.
1631 1764 1943 1851 Quicquid
1999 1767 2213 1830 tamen
2268 1763 2370 1829 vel
2425 1763 2661 1849 scripto
2718 1762 2823 1830 vel
2872 1764 3059 1830 verbo

712 1880 870 1945 mihi
925 1880 1405 1963 mandaveritis,
1464 1900 1578 1964 ego
1632 1881 1979 1967 adimplere
2025 1901 2142 1967 pro
2188 1900 2375 1966 posse
2421 1885 2486 1946 et
2527 1900 2712 1946 nosse
2758 1900 2906 1946 meo
2953 1900 3063 1966 pa·

711 2001 889 2063 ratus
935 2017 1094 2062 sum.
1163 1996 1262 2063 De
1306 2001 1512 2063 cetero
1560 1997 1636 2063 de
1672 1998 1993 2083 pasnagiis
2015 1992 2048 2081 ¹,
2095 2017 2212 2082 pro
2247 1997 2473 2082 quibus
2505 1995 2661 2061 mihi
2691 1997 3062 2082 scripsistis,

713 2118 785 2178 ut
827 2114 1144 2197 exigerem
1189 2118 1253 2180 et
1293 2119 1775 2199 comportarem,
1821 2132 2025 2200 pauca
2056 2112 2310 2198 quidem
2341 2117 2508 2195 sunt,
2555 2118 2651 2178 set
2682 2113 2912 2179 eadem
2942 2134 3065 2179 non

714 2228 918 2295 solum
963 2229 1185 2296 devote
1233 2236 1297 2297 et
1340 2230 1605 2297 sollicite
1651 2232 1907 2314 exigam
1951 2235 2049 2296 set
2094 2230 2288 2295 etiam
2332 2227 2600 2295 fideliter
2645 2230 3062 2313 congregabo.

713 2343 1169 2412 Paternitatem
1222 2352 1500 2413 vestram
1553 2347 1737 2414 nobis
1784 2353 1848 2414 et
1894 2346 2232 2414 aecclesiae
2275 2351 2530 2411 nostrae
2574 2344 2797 2412 utilem
2842 2345 3065 2417 multis

714 2462 896 2528 annis
940 2461 1113 2528 Deus
1158 2462 1538 2530 incolumem
1584 2484 1957 2531 conservare
2003 2464 2313 2546 dignetur.
2384 2462 2611 2543 Amen.

724 2673 895 2745 132.
936 2678 1015 2743 Η.
1051 2679 1385 2744 monachus
1418 2680 1799 2745 Stabulenst's
1842 2680 2123 2747 Wibaldo
2171 2683 2247 2746 de
2289 2703 2405 2744 sua
2453 2702 2602 2765 erqa
2649 2702 2788 2742 eum
2821 2681 3070 2765 pietate

938 2807 994 2861 et
1039 2798 1381 2861 obedientia
1426 2797 1771 2881 respondet.
2732 2792 2841 2873 (Μ.
2888 2793 3064 2875 111.)

536 2936 677 2990 1148
888 2927 1418 2995 Reverentissimo
1473 2929 1643 3015 patri
1702 2950 1816 2994 suo
1875 2934 1939 2995 et
1995 2929 2247 2995 domino
2304 2927 2647 3009 W(ibaldo)
2712 2927 3067 2995 venerabili

715 3043 1105 3112 Stabulensis
1153 3046 1490 3113 aecclesiae
1537 3045 1752 3112 abbati
1798 3046 2061 3129 exiguus
2091 3045 2194 3128 H„
2243 3044 2540 3130 quicquid
2585 3048 2762 3109 tanto
2807 3064 2886 3110 ac
2932 3050 3065 3110 tam

712 3161 941 3229 dilecto
986 3164 1155 3249 patri
1201 3163 1456 3229 humilis
1501 3161 1690 3229 debet
1733 3162 2076 3229 monachus
2124 3166 2189 3228 et
2232 3161 2494 3227 devotus
2539 3159 2726 3226 filius.

889 3276 1120 3361 Lectis,
1169 3278 1602 3345 amantissime
1643 3282 1848 3364 pater,
1896 3278 2248 3345 sanctitatis
2279 3283 2527 3344 vestrae
2556 3278 2816 3343 monitis
2828 3273 2874 3360 ¹,
2926 3279 3067 3364 qui-

712 3392 829 3460 bus
875 3414 1083 3460 meam
1127 3395 1523 3480 impericiam
1553 3395 1886 3478 instruere,
1933 3395 2240 3461 desidiam
2268 3394 2664 3477 redarguere,
2711 3393 3067 3460 stulticiam

711 3510 1169 3596 reprehendere
1215 3512 1507 3594 dignatus
1556 3512 1729 3594 estis,
1777 3510 1975 3577 multo
2021 3510 2299 3596 repletus
2344 3531 2486 3576 sum
2522 3510 2773 3593 gaudio,
2824 3510 3066 3596 quippe

713 3626 822 3710 qui
867 3626 1027 3691 nihil
1071 3648 1172 3692 me
1221 3648 1356 3693 esse
1402 3628 1623 3710 fateor,
1667 3628 1795 3693 nisi
1842 3628 2141 3713 quamdiu
2189 3648 2228 3693 a
2255 3633 2469 3693 vestra
2497 3626 2937 3710 magnitudine
2969 3627 3067 3694 di·-

710 3741 845 3825 ligi,
893 3743 1111 3825 foveri,
1159 3744 1500 3810 sustentari
1542 3764 1808 3810 mereor.
1889 3743 2048 3822 Quia
2092 3744 2289 3827 igitur
2332 3763 2562 3830 parvas
2607 3744 2804 3808 immo
2851 3743 3063 3808 nullas

713 3858 1050 3943 aliquando
1098 3861 1323 3926 vestris
1369 3860 1586 3926 multis
1633 3860 1950 3927 beneficiis
1989 3880 2471 3945 recompensare
2500 3865 2720 3946 potero
2751 3859 2948 3943 vices,
2997 3859 3064 3924 in

712 3975 829 4041 hoc
881 3974 1108 4041 saltem
1153 3996 1361 4042 meam
1406 3978 1573 4043 circa
1618 3984 1897 4044 vestram
1942 3977 2376 4043 celsitudinem
2421 3976 2838 4062 experiemini
2883 3976 3065 4042 beni-

710 4091 1085 4175 volentiam,
1133 4092 1299 4177 quod
1345 4094 1541 4177 vobis,
1598 4094 1905 4179 quamdiu
1943 4113 2261 4179 superero,
2310 4094 2465 4158 artis
2511 4113 2688 4158 meae
2735 4093 3060 4177 obsequio,

712 4209 833 4275 etsi
900 4209 1110 4274 minus
1179 4208 1496 4293 celeriter,
1562 4210 1786 4276 devote
1841 4215 2054 4276 tamen
2110 4216 2174 4276 et
2229 4209 2707 4292 infatigabiliter
2759 4209 3058 4276 serviam.

712 4324 907 4392 Aliud
953 4326 1123 4392 enim
1169 4326 1238 4392 in
1281 4346 1555 4412 persona
1597 4346 1742 4392 mea
1784 4326 2028 4409 nescio,
2081 4325 2247 4411 quod
2291 4331 2538 4393 vestrae
2581 4326 2834 4412 placeat
2877 4325 3061 4391 celsi-

713 4441 936 4507 tudini.
1007 4441 1104 4508 De
1162 4447 1368 4508 cetero
1426 4443 1606 4508 iuxta
1665 4442 2109 4508 admonitionis
2168 4448 2414 4508 vestrae
2459 4442 2883 4527 diligentiam,
2943 4440 3059 4506 otii

855 4575 906 4628 1.
942 4572 1151 4630 tributo
1188 4574 1416 4645 saginae
1451 4589 1743 4644 porcorum
1779 4573 2056 4645 imposito.
2199 4574 2249 4628 2.
2299 4589 2352 4628 v.
2390 4589 2480 4642 ep.
2506 4573 2610 4629 127
2647 4589 2816 4642 supra
2849 4588 2902 4641 p.
2930 4571 3056 4626 205.
