3319 5242
750 455 884 521 210
1422 475 1719 522 wmAnm
1762 474 2135 523 antemna:
2182 475 2288 521 1³4.
2326 474 2431 521 ιω.

566 618 706 674 1148
750 614 996 683 dilectis
1039 615 1342 683 fratribus
1372 615 1875 702 Corbeiensibus,
1921 618 2016 683 ire
2057 618 2134 684 de
2165 617 2397 685 virtute
2424 616 2494 683 in
2523 615 2847 700 virtutem,
2898 614 3083 682 donec

547 706 588 739 θ’
615 691 715 740 ⁰⁰t'
749 731 1009 798 videant
1051 731 1259 798 Deum
1305 732 1564 799 deorum
1610 734 1679 799 in
1725 732 1915 820 Syon.

928 846 1106 914 Sicut
1156 850 1224 914 in
1282 849 1657 916 detrimento
1728 851 1936 934 gregis
2002 850 2205 916 sancti
2269 848 2710 932 religiosorum
2777 846 3091 913 mentibus

747 964 958 1047 gravis
1003 965 1205 1031 oritur
1249 966 1589 1032 mestitudo
1603 1016 1622 1049 ,
1678 966 1770 1032 sic
1813 967 1883 1031 in
1927 965 2364 1033 recollectione
2409 963 2843 1050 dispersorum
2886 961 3097 1028 leticia

746 1085 1082 1163 generatur
1127 1086 1191 1147 et
1233 1082 1583 1165 gratiarum
1628 1082 1812 1148 actio.
1882 1080 2108 1148 Frater
2136 1082 2332 1165 igitur
2361 1079 2747 1161 H(einricus)
2780 1078 3093 1164 quondam

744 1195 868 1262 loci
911 1196 1096 1263 huius
1144 1196 1337 1264 abbas
1351 1248 1370 1282 ,
1425 1198 1611 1265 modo
1657 1219 1807 1265 vero
1853 1198 2084 1264 iudicio
2130 1197 2392 1264 Domini
2436 1196 2802 1283 depressae,
2861 1194 2944 1261 ad
2987 1214 3091 1260 vos

745 1313 954 1380 redire
1013 1314 1377 1380 desiderans
1392 1364 1411 1398 ,
1480 1319 1702 1380 nostra
1754 1315 2204 1381 intercessione
2241 1313 2442 1400 xapud
2498 1333 2610 1378 vos
2669 1310 3091 1377 commendari

742 1427 1018 1514 flagitat,
1076 1435 1148 1496 ut
1206 1436 1270 1497 et
1323 1430 1449 1518 ipsi
1495 1430 1775 1497 fraterna
1819 1431 2255 1518 compassione
2298 1433 2555 1495 nostrae
2599 1427 2955 1493 dilectionis
2998 1446 3093 1491 re-

744 1552 965 1632 spectu
1012 1567 1158 1613 eum
1203 1547 1526 1632 recipiatis
1573 1553 1638 1613 et
1671 1547 1888 1613 domni
1930 1547 2174 1613 abbatis
2208 1544 2522 1628 affectum,
2567 1543 2825 1630 pietatis
2856 1543 3093 1609 media-

744 1665 933 1745 tores,
981 1661 1076 1727 illi
1114 1662 1480 1728 concilietis.
1556 1661 1624 1729 Si
1657 1683 1847 1750 quem
1877 1684 2027 1729 vero
2058 1668 2344 1729 vestrum
2371 1662 2640 1727 fortasse
2670 1679 2788 1724 sua
2815 1652 3095 1744 qualibet

744 1776 932 1863 culpa
975 1778 1045 1843 in
1091 1778 1301 1865 aliquo
1348 1779 1846 1864 contristaverit,
1907 1784 1971 1844 et
2021 1779 2161 1865 ipse
2217 1797 2334 1864 pro
2390 1796 2576 1864 posse
2631 1775 2981 1841 satisfaciet
3035 1779 3098 1841 et

743 1897 957 1958 vestra
1001 1895 1254 1979 caritas,
1303 1895 1437 1961 eius
1485 1916 1676 1981 quam
1721 1916 1946 1982 passus
1995 1899 2089 1960 est
2134 1893 2482 1960 calamitati
2526 1892 2940 1978 compatiens,
2992 1891 3095 1977 pie

744 2009 1046 2075 remittet.
1095 2008 1366 2078 Valeant
1389 2012 1602 2097 itaque
1628 2012 1797 2099 apud
1818 2010 2234 2077 fraternitatis
2259 2014 2507 2076 vestrae
2537 2009 2942 2076 dilectionem
2963 2010 3097 2096 pie-

745 2124 897 2191 tatis
930 2130 993 2191 et
1023 2126 1311 2194 iusticias
1352 2148 1592 2215 preceS,
1638 2132 1730 2211 ut,
1779 2127 1944 2213 quod
1975 2147 2090 2213 per
2118 2146 2234 2191 nos
2267 2127 2551 2213 optinere
2579 2127 2828 2211 nititur,
2875 2125 3096 2193 effectu

744 2240 1100 2309 desiderato
1149 2248 1586 2330 consequatur.
1657 2243 1832 2310 Deus
1877 2243 2054 2330 pacis
2102 2240 2450 2309 sanctificet
2494 2262 2607 2308 vos
2651 2263 2770 2329 per
2816 2243 3049 2309 omnia.

753 2496 925 2568 135.
967 2501 1330 2566 Fridericus
1388 2504 1579 2568 abbas
1637 2501 1705 2568 S.
1747 2500 2112 2567 Godebardi
2161 2500 2704 2567 Hildeslzeimemis
2748 2503 3100 2569 Wibaldum

964 2630 1164 2705 royac,
1212 2631 1281 2683 ut
1324 2617 1620 2684 Heinrioo
1652 2617 1700 2683 I
1732 2616 1961 2683 deiecto
2011 2618 2220 2683 abbati
2257 2617 2608 2683 Corbeiensi
2648 2619 3098 2684 reconcilietur.

968 2735 1166 2798 Addit
1187 2735 1263 2800 de
1289 2736 1579 2801 abbatum
1603 2746 1900 2801 conventu
1926 2745 1983 2798 et
2005 2735 2081 2798 de
2103 2734 2285 2799 rebus
2309 2732 2735 2800 Fuldensibus.
2785 2731 2895 2813 (M.
2925 2734 3103 2810 117.)

566 2873 707 2929 1148
921 2865 1194 2932 Domino
1253 2888 1366 2933 suo
1419 2867 1765 2934 venerabili
1810 2866 2177 2933 Corbeiensi
2223 2865 2437 2932 abbati
2468 2864 2804 2949 W(ibaldo)
2850 2865 3105 2948 F(ride-

585 2947 701 2994 N⁰⁷‘
742 2981 935 3064 ricus)
982 2981 1167 3048 Beati
1223 2981 1583 3050 Godehardi
1599 2980 1616 3009 ¹
1661 2982 2112 3068 qualiscunque
2168 2980 2486 3065 servulus,
2543 2981 2711 3068 quod
2767 3002 2912 3069 spes
2972 3002 3106 3049 non

743 3099 1129 3166 confimdens
1175 3101 1492 3185 promittit
1534 3099 1745 3166 Deum
1789 3097 2216 3181 diligentibus,

920 3214 1022 3281 Ex
1069 3235 1191 3300 quo
1237 3193 1540 3282 noticiam
1574 3214 1792 3298 vestri,
1838 3214 2018 3281 brevi
2045 3214 2195 3282 licet
2223 3214 2528 3301 temporis
2560 3212 2848 3297 articulo,
2894 3233 3107 3301 nuper

744 3332 988 3418 accepi,
1045 3331 1139 3396 ita
1183 3332 1361 3397 vobis
1407 3332 1780 3399 cordetenus
1838 3329 2085 3413 adhesi,
2141 3334 2246 3413 ut,
2306 3330 2363 3395 si
2417 3328 2557 3396 fieri
2611 3333 2856 3416 posset,
2911 3327 3109 3396 lateri

742 3451 952 3513 vestro
1023 3446 1294 3512 famulus
1359 3448 1669 3513 indivisus
1730 3445 2030 3512 adherere
2086 3444 2329 3512 vellem.
2415 3444 2527 3513 Set
2581 3445 2701 3513 hoc
2756 3447 2906 3531 quia
2962 3445 3113 3513 fieri

742 3583 927 3649 posse
964 3583 1089 3634 non
1121 3563 1324 3648 video,
1370 3563 1600 3629 litteris
1632 3567 1696 3629 et
1725 3562 2046 3648 presentia
2075 3582 2320 3647 quoque
2350 3561 2684 3648 corporali,
2731 3582 2878 3628 cum
2905 3563 3113 3629 fuerit

744 3684 1146 3765 oportunum,
1193 3699 1306 3744 vos
1351 3679 1742 3764 frequentius
1775 3677 2066 3744 visitabo.
2205 3676 2500 3744 Ceterum
2531 3678 2609 3744 de
2640 3678 2869 3745 domno
2900 3678 3113 3746 Hein-

741 3794 872 3858 rico
920 3795 1247 3878 exabbate,
1304 3815 1490 3880 quem
1533 3795 1602 3860 in
1648 3800 1961 3861 conventu
2004 3799 2215 3860 vestro
2261 3799 2554 3860 causatus
2602 3794 2754 3861 estis
2799 3794 3113 3861 scandalo

743 3908 921 3974 vobis
968 3931 1105 3976 esse
1133 3931 1250 3997 pro
1280 3931 1466 3998 posse
1500 3931 1633 3994 suo,
1681 3911 2004 3993 noveritiS,
2052 3911 2219 3995 quia,
2265 3915 2602 3996 postquam
2635 3930 2673 3975 a
2701 3910 2882 3976 vobis
2912 3911 3113 3992 redii,

744 4024 1039 4091 continuo
1094 4047 1209 4112 per
1261 4028 1655 4114 prepositum
1698 4022 2343 4110 Richenbergensem²
2389 4024 2835 4107 G(erhardum)
2851 4021 2894 4109 ⁸,
2956 4046 3115 4093 eum

745 4160 867 4224 quo
923 4145 1073 4207 tunc
1127 4143 1522 4228 morabatur,
1577 4163 1695 4230 pro
1750 4144 1869 4209 hac
1924 4163 2117 4209 causa
2170 4163 2316 4209 eum
2372 4142 2700 4226 obiurgavi
2746 4147 2812 4208 et
2854 4143 3113 4209 monui.

744 4255 857 4322 Ille
901 4278 1072 4343 vero,
1124 4280 1252 4325 non
1299 4260 1552 4345 quidem
1596 4280 1714 4346 per
1759 4259 1971 4325 omnia
2016 4280 2083 4326 se
2128 4259 2197 4325 in
2240 4258 2359 4324 hac
2406 4277 2599 4324 causa
2640 4258 2992 4344 insontem,
3041 4265 3119 4325 ut

888 4397 939 4451 1.
988 4397 1498 4454 Hildesheimensis.
1628 4400 1681 4453 2.
1729 4396 2081 4469 Richenberg
2116 4402 2202 4453 est
2234 4412 2407 4466 prope
2445 4396 2770 4454 Goslariam.
2896 4397 2957 4452 3.
3001 4397 3118 4454 fnit

744 4483 1064 4540 Gerhardus
1113 4492 1171 4542 et
1205 4485 1707 4556 Richenbergensis
1744 4492 1800 4542 et
1836 4485 2327 4555 Stederburgensis
2360 4485 2723 4555 praepositus.
2780 4485 2852 4541 V.
2887 4487 3115 4543 Amul.

744 4571 1100 4646 Stederburg.
1138 4576 1307 4642 (Mon.
1331 4574 1427 4631 SS.
1453 4576 1610 4631 XVI.
1633 4575 1741 4630 204
1763 4580 1892 4646 sq.).
