3319 5242
377 589 517 643 1150
537 606 606 637 ox.
630 614 678 623 —

377 661 508 715 1151
536 664 598 709 iu.

377 2478 516 2532 1150
538 2493 605 2525 ex.
631 2503 678 2511 -

378 2549 513 2603 1151
537 2552 597 2597 in.

708 424 842 491 446
1375 441 1672 488 wmALm
1714 439 2086 489 nms'ronu.
2127 438 2234 484 sis.
2270 438 2376 484 81⁷.

709 584 929 661 cedere
973 583 1278 649 volumus.
1360 581 1536 660 Quod
1585 586 1794 648 autem
1838 580 2016 646 laicis
2061 580 2381 663 negotium
2433 579 2553 646 hoc
2597 599 2716 665 per
2760 598 2875 645 nos
2916 597 3033 643 non

710 701 1011 783 innotuit,
1063 698 1226 765 ratio
1270 698 1571 784 temporis
1619 697 1940 785 poposcit,
1999 716 2077 763 ne
2121 695 2453 763 temerarie
2498 694 2686 761 solito
2733 692 3036 762 confiden-

709 818 838 883 tius
881 817 949 882 in
994 820 1209 883 nostra
1250 835 1473 881 manus
1515 815 1852 898 inicerent,
1908 833 1988 880 ue
2043 811 2191 879 fidei
2248 818 2312 878 et
2355 812 2749 879 constantiae
2796 816 3037 876 nostrae

710 933 779 998 in
823 932 1029 1018 aliquo
1074 931 1434 998 detrahere·
1482 935 1759 1018 possent,
1803 951 1885 998 ne
1929 933 2088 998 itum
2118 928 2219 997 vel
2262 929 2539 996 reditum
2568 933 2854 994 vestrum
2884 926 2949 992 in
2979 945 3040 991 se

711 1049 1049 1115 consistere
1092 1048 1469 1115 iactitarent.
1540 1047 1870 1114 Orationes
1913 1052 2129 1114 autem
2174 1045 2254 1113 ad
2282 1045 2490 1112 Deum
2536 1065 2653 1131 pro
2698 1045 2949 1127 magnis
2986 1047 3044 1107 et

710 1166 1019 1251 continuis
1063 1164 1375 1251 pressuris
1420 1164 1654 1230 nostris
1671 1214 1689 1248 ,
1747 1169 1812 1231 et
1864 1169 1935 1229 ut
1987 1163 2168 1229 nobis
2226 1181 2444 1247 pacem
2502 1160 2734 1227 mentis
2793 1166 2862 1227 et
2915 1179 3043 1225 cor·

709 1282 879 1369 poris
925 1301 1067 1348 cum
1113 1281 1342 1367 spiritu
1385 1279 1632 1347 consilii
1675 1285 1739 1346 et
1766 1280 2155 1346 fortitudinis
2183 1278 2443 1362 tribuat,
2488 1278 2883 1343 incessanter
2912 1275 3044 1340 fun-

710 1398 934 1464 dimus.
1040 1397 1113 1464 In
1166 1417 1322 1484 pace
1379 1397 1548 1463 enim
1602 1401 1815 1462 vestra
1880 1402 2096 1464 nostra
2164 1394 2469 1461 consistit.
2576 1391 2759 1458 Unde
2820 1392 3047 1458 iterum

709 1515 1059 1599 iterumque
1102 1513 1531 1580 universitatis
1574 1518 1827 1580 nostrae
1874 1513 2034 1598 petit
2075 1512 2287 1594 facies,
2330 1514 2424 1594 ut,
2470 1509 2742 1575 fratrum
2771 1505 3046 1573 filiorum

709 1635 775 1697 et
801 1631 1147 1697 amicorum
1175 1634 1526 1695 vestrorum
1554 1648 1882 1713 memoreS,
1915 1629 2213 1697 ecclesiae
2247 1625 2607 1694 Stabulensi
2648 1625 2779 1695 iam
2810 1624 3045 1691 labenti

710 1750 774 1813 et
815 1766 1164 1833 pauperum
1208 1746 1385 1812 vobis
1421 1745 1896 1812 commissorum
1925 1744 2313 1811 multimodis
2341 1741 2863 1810 tribulationibus
2908 1739 3047 1806 sub-

710 1863 1007 1945 veniatis,
1054 1868 1118 1928 et
1158 1862 1226 1927 in
1269 1861 1490 1928 ultimo
1535 1861 1927 1927 necessitatis
1975 1860 2236 1928 articulo
2294 1861 2427 1927 iam
2481 1879 2646 1945 pene
2689 1857 3048 1924 constitutis

710 1978 956 2046 consilii
1000 1983 1064 2045 et
1107 1977 1326 2045 auxilii
1369 1997 1624 2044 manum
1668 1997 1799 2044 non
1842 1977 2245 2045 subtrahatis.

715 2208 758 2280 3
773 2210 808 2280 l
823 2209 890 2278 7.
931 2210 1235 2277 Henricus
1287 2210 1622 2275 monachus
1669 2209 2049 2275 Stabaedmis
2093 2209 2441 2274 Wibaldum
2482 2217 2814 2294 precatur,
2875 2217 2947 2268 ut
2988 2206 3047 2267 in

931 2329 1195 2414 reqendo
1240 2328 1607 2391 monasterio
1659 2324 2010 2391 Stabulensi
2043 2334 2408 2411 perseveret.
2646 2386 2657 2392 ,
2723 2318 2834 2399 (Μ.
2870 2318 3047 2399 300.)

885 2458 1411 2525 Reverentissimo
1466 2458 1532 2523 in
1588 2456 1837 2523 Christo
1894 2456 2062 2542 patri
2118 2475 2229 2521 suo
2288 2461 2352 2521 et
2404 2454 2657 2520 domino
2702 2451 3047 2535 wibaldo)

710 2576 1052 2644 venerabili
1098 2573 1452 2642 Stabulensi
1498 2571 1711 2639 abbati
1755 2572 2136 2656 H(enricus),
2184 2570 2480 2657 quicquid
2523 2570 2693 2657 patri
2737 2567 2929 2635 filius.

886 2690 1085 2775 Licet,
1129 2697 1309 2778 pater
1355 2689 1803 2773 amantissime,
1852 2688 2229 2775 multiplices
2276 2687 2564 2774 querelae
2601 2692 2665 2753 et
2695 2686 3049 2752 cotidianae

709 2809 1073 2876 vexationes
1116 2827 1464 2894 pauperum
1508 2810 1868 2871 nostrorum
1910 2805 2004 2871 ita
2046 2826 2154 2872 cor
2199 2812 2262 2871 et
2306 2805 2583 2871 animam
2626 2825 2831 2871 meam
2878 2824 3049 2870 ama-

710 2925 1089 2992 ritudinibus
1145 2923 1553 3009 repleverint,
1611 2926 1685 2986 ut
1739 2922 1847 2986 vix
1904 2921 2030 2987 alia
2083 2921 2305 3006 verba,
2365 2941 2553 3006 quam
2606 2942 2684 2987 ve
2740 2925 2804 2987 et
2852 2943 2928 2987 ve
2987 2921 3049 2985 in

710 3047 920 3108 mente
963 3040 1249 3123 habeam,
1293 3047 1506 3106 tamen
1548 3038 1804 3125 pietatis
1845 3042 2091 3104 vestrae
2138 3038 2483 3103 sinceritati
2527 3056 2731 3124 pauca
2776 3037 3048 3103 scribere

710 3159 956 3241 curavi,
1009 3177 1136 3223 non
1181 3176 1302 3242 quo
1350 3156 1762 3222 eruditionem
1805 3158 2080 3219 vestram
2127 3158 2236 3219 aut
2282 3154 2561 3219 animum
2606 3173 2859 3239 semper
2903 3172 3048 3239 pro-

709 3274 946 3358 vidum,
993 3293 1240 3359 semper
1285 3272 1413 3338 alta
1456 3272 1829 3358 sapientem,
1875 3271 2186 3336 instruere
2229 3269 2573 3353 intendam,
2620 3274 2718 3335 set
2759 3273 2836 3335 ut
2866 3268 3047 3333 solita

712 3389 1114 3475 simplicitate
1143 3387 1399 3455 filialem
1428 3388 1821 3454 devotionem
1854 3387 2020 3472 patri
2050 3385 2385 3452 karissimo
2416 3405 2665 3471 semper
2696 3385 3041 3451 exhibeam.

710 3504 1187 3572 Pretermittens
1232 3505 1443 3590 itaque
1488 3504 1769 3571 omnium
1814 3503 2210 3588 questionum
2254 3502 2715 3589 propositiones
2763 3505 2829 3567 et
2865 3520 3042 3584 argu·

713 3625 1066 3687 mentorum
1117 3620 1573 3704 conclusiones,
1621 3641 1779 3706 quae
1827 3620 1905 3685 de
1951 3624 2078 3685 scio
2124 3624 2189 3685 et
2230 3623 2435 3685 neseio
2482 3621 2802 3685 contracte
2848 3623 2993 3682 sunt
3009 3612 3041 3698 ¹,

712 3741 1016 3822 quantum
1069 3735 1433 3821 capacitatis
1491 3756 1627 3802 mee
1682 3735 2031 3819 intelligere
2090 3740 2300 3820 potest
2353 3733 2616 3799 tarditas
2630 3782 2650 3816 ,
2708 3754 2839 3799 non
2897 3732 3041 3799 ordo

710 3853 943 3940 poscit,
1002 3872 1128 3917 non
1171 3852 1388 3936 regula
1431 3852 1652 3935 docet,
1695 3872 1825 3918 non
1868 3851 2223 3918 obedientia
2265 3849 2564 3937 precipit,
2621 3869 2751 3915 nou
2795 3850 2897 3914 ius
2944 3853 3044 3914 aut

708 3970 814 4037 lex
860 3968 1266 4051 demonstrat,
1312 3974 1384 4034 ut
1425 3973 1606 4055 pater
1649 3966 1812 4034 filios
1858 3967 2217 4035 obedientes
2257 3965 2523 4049 abdicet,
2567 3971 2640 4031 ut
2667 3972 2878 4032 mater
2908 3965 3044 4031 filiis

709 4092 993 4173 tempore
1037 4084 1429 4152 necessitatis
1471 4084 1667 4150 ubera
1711 4084 2056 4166 subtrahat,
2102 4088 2173 4148 ut
2217 4083 2415 4149 bonus
2458 4085 2677 4169 pastor
2723 4103 2874 4148 oves
2906 4101 3044 4148 con-

711 4208 999 4287 gregatas
1066 4201 1287 4268 alienis
1351 4200 1515 4267 male
1572 4200 1966 4287 dissipandas
2021 4198 2351 4284 relinquat.
2454 4197 2670 4282 Neque
2728 4198 2900 4264 enim
2955 4202 3046 4263 est

710 4324 931 4392 contra
973 4318 1238 4386 salutem
1286 4318 1635 4385 animarum
1682 4315 1814 4383 sive
1852 4320 2070 4383 contra
2099 4314 2495 4381 dilectionem
2526 4313 2648 4380 Dei
2678 4319 2742 4379 et
2772 4312 3044 4399 proximi

854 4475 896 4508 a.
939 4459 1207 4508 ‹lethi-ahere
1239 4478 1276 4507 c.

854 4549 904 4601 1.
942 4548 1011 4603 V.
1048 4563 1173 4616 epp.
1200 4548 1304 4603 313
1329 4551 1386 4603 et
1409 4547 1514 4602 315
1549 4561 1716 4613 supra
1750 4560 1803 4612 p.
1832 4545 1936 4599 442
1962 4550 2019 4600 et
2042 4545 2165 4599 444.
