3319 5242
739 414 873 478 510
1412 429 1711 476 erALm
1754 428 2129 477 nms'roLAn
2170 428 2261 475 379
2279 429 2448 476 -as1.

565 576 702 630 1152
738 571 972 638 veritas
1017 575 1252 658 pateat,
1301 575 1365 638 et
1398 591 1471 638 eo
1506 571 1631 638 fine
1663 572 1886 657 cuique
1916 591 2035 638 sua
2062 571 2315 637 iusticia
2340 569 2677 654 tribuatur,
2721 575 2797 636 ut
2826 569 3074 656 spiritus

581 652 689 708 Ap*
740 688 950 754 salvus
994 686 1123 754 fiat.
1192 686 1625 754 Predictorum
1656 689 1914 754 nomina
1953 688 2168 754 subter
2195 686 2571 752 notavimus.
2722 685 3079 752 Malefacto-

739 787 872 870 res:
925 802 1225 887 Elgerus,
1271 803 1583 888 leerus,
1629 803 2010 889 Bernardus,
2058 803 2297 891 Poppo,
2343 802 2722 886 Fridericus,
2768 801 3077 884 Wikerus,

739 919 1080 1004 Arnoldus,
1125 919 1484 1005 Eilvardus,
1530 920 1862 987 Robertus.
2044 920 2262 987 Testes
2307 919 2709 986 invocantur:
2770 918 2967 985 abbas
3010 917 3081 986 de

740 1033 973 1119 Insula,
1009 1034 1348 1103 wernerus
1383 1037 1762 1124 prepositae,
1807 1037 1997 1102 Anno
2027 1036 2405 1123 prepositus,
2449 1033 2763 1102 Robertus
2795 1035 3082 1116 decanus,

740 1149 1138 1218 Godeboldus
1182 1153 1488 1237 magister
1530 1152 1874 1235 scolarum,
1932 1153 2276 1220 Nithardus
2321 1152 2515 1220 abbas
2561 1153 2640 1219 de
2683 1149 3080 1218 Buresvelde.

741 1267 1132 1335 Tradicionis
1176 1270 1414 1337 notati:
1460 1268 1666 1356 Epp0,
1710 1268 2061 1336 Reimarus.

747 1540 922 1612 380.
965 1546 1282 1610 Arnoldus
1309 1544 1388 1610 II
1422 1544 1916 1633 archiepiscopus
1961 1546 2333 1611 Coloniensis
2376 1544 2728 1610 Wibaldwn
2773 1557 2977 1630 royat,
3021 1555 3085 1608 ut

963 1663 1080 1726 sibi
1123 1662 1365 1737 scribat,
1412 1664 1630 1750 quibus
1677 1664 1888 1728 diebus
1932 1663 2114 1726 liceat
2157 1661 2452 1726 moniales
2494 1661 2705 1724 velari.
2764 1657 2876 1739 (M.
2912 1660 3083 1736 356.)

559 1810 696 1894 1152
916 1799 1287 1882 A(rnoldus)
1333 1800 1454 1869 Dei
1498 1804 1705 1886 gratia
1749 1803 1804 1869 si
1850 1803 2001 1889 quid
2056 1807 2152 1869 est
2205 1808 2458 1868 sanctae
2505 1799 2903 1867 Coloniensis
2951 1820 3084 1867 aee·

537 1897 576 1930 ⁰⁸
603 1883 707 1929 Μ’
741 1917 968 1983 clesiae
1021 1918 1275 1984 humilis
1311 1893 1623 1985 ¹minister
1677 1919 1905 1986 domno
1964 1917 2296 2001 wibaldo)
2357 1918 2575 1984 eadem
2632 1917 2847 2001 gratia
2903 1937 3085 1984 vene-

739 2033 926 2100 rabili
972 2033 1333 2101 Corbeiensi
1382 2035 1594 2102 abbati
1639 2035 1908 2102 salutem
1956 2039 2021 2101 et
2064 2034 2448 2120 obsequium.

919 2149 992 2215 In
1046 2154 1267 2216 octava
1319 2156 1715 2237 pentecostes
1736 2146 1751 2177 ¹
1795 2150 2302 2217 sanctimoniales
2361 2149 2571 2216 velare
2627 2148 3081 2236 disposuimus3

742 2271 839 2332 set
883 2265 1139 2352 quidam
1186 2266 1268 2333 ad
1310 2286 1425 2332 nos
1471 2267 1847 2351 referebant,
1900 2267 2018 2334 hoc
2061 2287 2189 2332 non
2232 2266 2421 2333 licere
2464 2266 2591 2332 nisi
2634 2265 2702 2329 in
2750 2265 3084 2352 epiphania

741 2377 1034 2448 Domini²
1091 2386 1154 2448 et
1208 2382 1275 2447 in
1333 2382 1563 2449 natali·
1624 2378 2085 2470 apostolorum⁸
2144 2387 2208 2449 et
2275 2381 2548 2448 secunda
2612 2381 2775 2447 feria
2839 2401 3079 2467 pascae.

743 2497 1077 2580 Quocirca,
1136 2518 1261 2564 non
1319 2498 1506 2585 plene
1564 2519 1905 2583 memores,
1966 2498 2117 2584 quid
2162 2519 2352 2585 super
2396 2498 2515 2563 hoc
2562 2497 2599 2563 a
2643 2497 2879 2562 domno
2926 2516 3083 2583 papa

743 2613 911 2681 docti
955 2614 1171 2697 simus,
1219 2614 1620 2701 prudentiam
1665 2620 1961 2700 vestram,
2009 2636 2168 2700 quae
2198 2614 2363 2681 sacri
2406 2614 2563 2680 iuris
2609 2612 2914 2679 articulos
2958 2612 3085 2700 ple-

740 2732 884 2796 nius
931 2731 1244 2815 agnoscit,
1291 2731 1718 2815 consulentes,
1763 2752 2090 2816 rogamuS,
2139 2732 2433 2817 quatinus
2481 2750 2670 2816 super
2713 2729 2837 2796 hoc
2882 2735 3085 2795 vestra

743 2847 1011 2913 eruditio
1053 2847 1288 2933 scripto
1332 2868 1445 2915 nos
1476 2848 1822 2915 certificare
1854 2848 2165 2931 dignetur,
2214 2867 2293 2913 an
2326 2847 2393 2912 in
2426 2844 2723 2932 predictis
2756 2846 3083 2912 dumtaxat

743 2962 1314 3050 sollempnitatibus
1348 3000 1430 3009 —
1466 2984 1546 3029 an
1577 2964 1645 3029 in
1676 2964 1895 3030 diebus
1926 2968 2173 3030 tantum
2205 2962 2556 3058 dominicis,
2589 2962 2755 3046 quod
2789 2961 2829 3027 a
2860 2962 3079 3028 domno

744 3100 913 3166 papa
958 3080 1272 3167 accepisse
1317 3080 1605 3147 videmur
1652 3116 1735 3124 —
1782 3079 1972 3147 liceat
2014 3079 2211 3145 velari
2257 3076 2785 3145 sanctimoniales.

751 3343 846 3415 38
863 3344 927 3413 l.
968 3347 1282 3414 Wibaldus
1325 3348 1606 3412 Arnoldo
1635 3346 1716 3412 Π
1747 3347 2209 3434 archiepiscopo
2260 3346 2607 3411 Coloniensi
2636 3345 2713 3409 de
2744 3345 2965 3411 diebus
2992 3370 3080 3410 oe·

966 3464 1298 3529 landarum
1351 3463 1721 3528 monialium·
1768 3464 2062 3527 rescribit.
2164 3459 2363 3527 Addit
2426 3463 2504 3525 de
2559 3459 2875 3526 Friden‘ci
2930 3464 3081 3548 reyis

967 3603 1117 3666 crya
1164 3604 1302 3645 eum
1346 3579 1779 3645 benevolentia.
1872 3577 1975 3642 De
2021 3578 2264 3642 castello
2323 3588 2673 3662 expuynato
2714 3579 3077 3663 gratulatur.

971 3696 1268 3762 Abbatem
1312 3696 1735 3760 Prumiensem
1780 3704 1839 3758 et
1879 3692 2211 3758 monachos
2255 3694 2617 3758 Mamenses
2669 3695 3075 3771 commenda&

966 3835 1149 3900 seque
1196 3811 1516 3877 Coloniam
1558 3821 1877 3875 vernarum
1925 3833 2069 3889 esse,
2116 3810 2442 3897 siqnificat.
2764 3805 2878 3887 (M.
2914 3809 3075 3884 357.)

571 3965 710 4018 1152
920 3952 1282 4019 Reverendo
1328 3952 1393 4017 in
1427 3950 1677 4017 Christo
1707 3950 1875 4037 patri
1922 3968 2034 4015 suo
2081 3954 2145 4015 et
2180 3948 2433 4014 domino
2463 3948 2802 4029 A(rnoldo)
2837 3957 3075 4016 sanctae
3126 3964 3133 3975 ‘
3240 3964 3241 3973 ¹

591 4037 696 4084 Μ’
745 4068 1137 4136 coloniensis
1185 4067 1524 4135 aecclesiae
1568 4066 1913 4134 venerabili
1958 4065 2425 4151 archiepiscopo
2471 4066 2670 4131 frater
2708 4064 3070 4146 Wfibaldussl

745 4186 865 4252 Dei
909 4186 1115 4270 gratia
1157 4185 1243 4267 id,
1291 4183 1457 4270 quod
1503 4189 1601 4250 est
1643 4184 1711 4249 in
1758 4182 2059 4250 aecclesia
2101 4180 2427 4265 catholica,
2474 4182 2736 4264 exiguas
2774 4185 3067 4249 orationes

747 4306 811 4367 et
857 4302 1148 4368 devotum
1194 4300 1538 4368 servitium.

893 4457 935 4490 a.
975 4443 1120 4491 natal*
1153 4461 1193 4489 ο.

894 4533 940 4584 1.
975 4531 1045 4583 25
1081 4529 1206 4583 Mai.
1235 4529 1390 4583 1152.
1531 4530 1584 4583 2.
1622 4528 1738 4584 Ian.
1764 4529 1816 4584 6.
1959 4530 2010 4584 3.
2051 4526 2188 4584 luni.
2217 4527 2303 4585 29.
