3319 5242
519 853 659 909 1155

486 927 616 975 Mart.
637 928 696 975 19

726 439 859 507 572
1393 456 1693 505 wmALm
1735 455 2110 505 anemonas.
2148 456 2258 505 4⁸⁷.
2293 457 2401 505 sss.

728 598 908 671 437.
949 601 1270 667 Adrianus
1311 599 1418 666 IV
1441 624 1625 689 papa
1668 600 1950 667 wibaldo
2009 602 2295 684 mandat,
2349 613 2422 667 ut
2461 600 2955 690 Baras-dinqme
3001 615 3052 669 et

947 718 1215 782 Rotense
1242 719 1616 782 monasteria
1645 716 2047 783 Fridevieol
2076 719 2212 805 reyo'
2250 719 2645 783 commendet.
2748 716 2859 799 (Μ.
2890 719 3056 799 427.)

906 848 1226 915 Adrianus
1285 850 1616 936 episcopus
1673 870 1891 917 servus
1945 870 2269 918 servorum
2313 849 2436 917 Dei
2481 849 2709 917 dilecto
2752 849 2884 917 filio
2927 850 3063 918 Sta-

731 965 976 1034 bulensi
1022 965 1233 1035 abbati
1278 965 1544 1032 salutem
1591 970 1656 1033 et
1701 965 2110 1053 apostolicam
2156 965 2674 1033 benedictionem.

905 1079 1087 1149 Licet
1131 1082 1412 1149 omnium
1456 1081 1903 1149 aecclesiarum
1946 1082 2129 1149 nobis
2173 1101 2326 1148 cura
2370 1087 2436 1149 et
2463 1081 2821 1149 sollicitudo
2866 1083 3069 1150 immi-

728 1204 895 1283 neat,
939 1198 1088 1265 licet
1132 1219 1238 1266 eas
1283 1198 1724 1266 universaliter
1755 1198 2092 1266 debeamus
2135 1197 2490 1283 defendere,
2532 1196 2836 1282 religiosa
2861 1204 3071 1267 tamen

666 1355 668 1357 »
727 1310 865 1381 loca
907 1335 1022 1382 nos
1068 1315 1360 1382 convenit
1403 1315 1705 1381 attentius
1759 1315 2119 1399 confovere,
2177 1320 2244 1382 et
2293 1315 2576 1399 gratiora
2630 1316 2723 1381 eis
2779 1315 3074 1383 exhibere

536 3799 675 3855 1155
724 3797 727 3800 ’

504 3873 612 3921 Μαί.
631 3874 693 3921 28

727 1432 1048 1518 obsequia,
1095 1432 1234 1518 qui,
1279 1432 1541 1519 propria
1584 1431 2040 1518 relinquentes,
2098 1430 2168 1497 in
2213 1431 2397 1498 domo
2442 1429 2704 1498 Domini
2751 1430 3075 1516 elegerunt

728 1548 957 1615 abiecti
1000 1553 1065 1614 et
1108 1547 1521 1635 despicabiles
1565 1567 1893 1615 remanere
1934 1547 2140 1632 magis
2186 1566 2375 1634 quam
2417 1546 2705 1615 habitare
2748 1548 2823 1614 in
2868 1548 3075 1615 taber-

728 1664 970 1731 naculis
1015 1669 1415 1751 peccatorum
1436 1660 1469 1730 ¹.
1562 1663 1635 1730 In
1689 1664 2056 1751 episcopatu
2098 1663 2408 1749 siquidem
2451 1663 2720 1731 Aretino
2765 1665 3075 1750 quaedam

727 1780 1112 1848 monasteria
1168 1800 1305 1847 esse
1361 1786 1736 1864 noscuntur,
1792 1774 2357 1864 Berardingorum⁸
2401 1779 2696 1848 videlicet
2753 1786 2848 1869 et·
2877 1781 3075 1849 sancti

727 1896 905 1965 Petri
933 1896 1011 1964 de
1031 1895 1213 1981 Rota,
1243 1896 1311 1962 in
1342 1897 1569 1983 quibus
1590 1897 1873 1981 religiosi
1892 1897 2015 1963 viri
2035 1897 2264 1963 fratres
2287 1894 2808 1965 Camaldm
2827 1897 3075 1965 assidue

729 2008 984 2080 student
1024 2011 1298 2079 Domino
1353 2013 1671 2081 deservire
1684 2064 1704 2098 ,
1766 2013 1906 2099 qui,
1956 2011 2139 2080 licet·
2190 2012 2320 2079 sint
2372 2013 2560 2080 rebus
2615 2012 3074 2101 temporalibus

729 2150 1061 2219 paupereS,
1107 2129 1401 2195 thesauro
1446 2134 1657 2196 tamen
1703 2124 2121 2196 indeficienti⁸
2149 2127 2493 2216 locupletes
2524 2149 2664 2197 esse
2709 2131 3070 2198 creduntur.

727 2245 850 2313 Pro
896 2246 1053 2333 ipsis
1082 2247 1297 2332 itaque
1326 2244 1726 2313 dilectionem
1753 2249 1902 2312 tuae
1930 2245 2347 2311 fraternitatis
2377 2246 2680 2312 attentius
2718 2267 3072 2331 exoramus,

729 2361 1092 2450 apostolicis
1121 2362 1352 2429 litteris
1385 2361 1748 2429 discretioni
1777 2366 1925 2429 tuae
1953 2362 2347 2446 mandantes,
2384 2362 2679 2447 quatinus
2710 2383 2832 2449 pro
2866 2384 3073 2430 amore

726 2479 869 2564 Dei,
915 2499 1032 2566 pro
1080 2478 1249 2546 beati
1278 2477 1452 2546 Petri
1497 2484 1563 2545 et
1603 2483 1825 2545 nostra
1865 2479 2239 2564 reverentia,
2285 2479 2379 2544 ita
2420 2478 2737 2546 industria
2764 2485 2885 2547 tua
2914 2480 3076 2568 apud

727 2596 1126 2665 carissimum
1179 2592 1380 2662 filium
1435 2599 1726 2662 nostrum
1769 2593 2211 2679 F(ridericum)
2264 2594 2578 2663 illustrem
2624 2602 2820 2683 atque
2864 2597 3074 2665 catho-

725 2714 918 2780 licum
974 2711 1401 2780 Romanorum
1456 2732 1672 2797 regem
1726 2710 1988 2778 efficiat:
2057 2717 2130 2778 ut
2194 2712 2464 2799 predicti
2518 2713 2748 2779 fi-atres
2818 2733 3075 2780 suarum

726 2850 939 2897 rerum
985 2829 1062 2897 ab
1107 2829 1228 2914 his,
1275 2830 1382 2915 qui
1428 2833 1577 2895 sunt
1618 2829 1687 2893 in
1733 2828 2033 2912 exercitu,
2077 2848 2205 2895 non
2247 2828 2496 2915 possint
2524 2849 2555 2895 s
2649 2829 2680 2914 j
2731 2849 2841 2897 ere
2877 2831 3074 2898 iactu·

726 2967 896 3028 ram‚
878 2970 895 2986 ·
945 2951 1043 3014 set
1085 2947 1319 3033 potius,
1365 2965 1509 3012 cum
1543 2944 1714 3032 apud
1744 2944 2338 3011 christianissimum
2367 2946 2573 3033 princi
2753 2945 2836 3013 de
2866 2945 3072 3032 aliquo

728 3063 1052 3150 querelam
1095 3062 1497 3149 protulerint,
1544 3060 1897 3148 plenariam
1941 3061 2021 3128 ab
2063 3061 2205 3148 ipso
2250 3061 2506 3129 valeant
2547 3061 2871 3129 iusticiam
2914 3062 3073 3131 obti-

725 3200 894 3248 nere.
964 3179 1133 3247 Data
1173 3178 1411 3246 Romae
1457 3178 1626 3265 apud
1675 3176 1975 3245 Sanctum
2019 3175 2280 3312 Petrum
2329 3180 2410 3245 14
2455 3178 2596 3288 Kal.
2625 3171 3060 3340 Api-1223}

727 3416 907 3489 438.
950 3423 1268 3487 Adrianus
1320 3420 1426 3486 IV
1478 3443 1658 3509 papa
1714 3422 1996 3486 Amoldo
2053 3420 2130 3486 II
2186 3419 2647 3507 archiepiscopo
2707 3419 3070 3502 Coloniensi,

952 3536 1333 3601 Herimanno
1394 3539 1679 3625 episcopo
1740 3538 2212 3618 constantiensi,
2287 3535 2569 3602 Wibaldo
2635 3539 3072 3602 monasteriam

954 3652 1021 3718 S.
1053 3653 1291 3716 Antimi
1334 3654 1732 3718 commendat.
2751 3649 2862 3731 (M.
2895 3651 3070 3732 428.)

906 3783 1224 3850 Adrianus
1256 3784 1586 3871 episcopus
1617 3805 1835 3851 servus
1866 3804 2190 3851 servorum
2216 3782 2340 3850 Dei
2369 3781 2833 3868 venerabilibus
2861 3784 3072 3851 fratri·

727 3902 846 3969 bus
883 3899 1242 3968 Coloniensi
1276 3895 1781 3989 archiepiscopo‘
1805 3905 1868 3968 et
1890 3899 2355 3967 Constantiensi
2390 3895 2718 3987 episcopo‘
2753 3904 2819 3966 et
2848 3899 3071 3968 dilecto

726 4018 857 4085 filio
906 4017 1119 4086 abbati
1164 4017 1241 4084 de
1288 4015 1625 4084 Stabulaus
1672 4016 1938 4084 salutem
1989 4021 2053 4084 et
2097 4016 2506 4103 apostolicam
2548 4014 3070 4082 benedictionem,

907 4134 1066 4200 Tam
1109 4134 1374 4200 rationis
1421 4153 1611 4219 quam
1666 4134 1961 4219 equitatis
2023 4133 2174 4198 ordo
2233 4130 2591 4219 expostulat
2636 4135 2700 4197 et
2745 4139 3071 4220 susceptae

732 4250 1321 4318 amministrationis
1368 4248 1643 4316 officium
1688 4270 1801 4316 vos
1845 4249 2106 4332 invitat,
2160 4253 2232 4314 ut
2273 4247 2400 4335 piis
2444 4266 2519 4314 ac
2560 4246 2880 4332 religiosis
2922 4248 3070 4315 locis

871 4408 925 4535 ἶ.
956 4393 1066 4535 1ng
1085 4411 1172 4548 ἑὲ,
1200 4478 1283 4534 11.
1411 4479 1462 4533 2.
1511 4477 1629 4533 sive
1675 4476 1748 4534 de
1792 4475 2178 4534 Fonte-bono.
2305 4477 2355 4532 3.
2394 4476 2527 4532 Luc.
2553 4475 2640 4546 12,
2665 4476 2756 4533 33.
2882 4479 2940 4535 4.
2973 4477 3066 4533 Ar·

729 4566 898 4625 noldo
932 4566 1005 4623 11.
1146 4567 1197 4623 5.
1237 4566 1591 4623 Herimanno.
