3319 5242
745 433 872 501 104
1439 451 1738 499 wmALm
1779 450 2152 499 amsi-oum.
2193 451 2268 498 π.
2301 451 2378 498 2⁷.

404 596 542 652 1146
576 614 644 681 px·
665 621 717 633 -
917 593 1076 660 Cum
1108 592 1359 679 quidem
1388 593 1581 678 Deus,
1627 613 1758 660 non
1783 594 2116 660 immemor
2145 590 2588 660 beneficiorum
2616 613 2876 660 suorum
2921 614 3077 680 quae

404 668 541 723 1147
576 685 637 717 ω’
740 730 780 776 a
824 709 1071 777 saeculo
1118 715 1285 795 sunt,
1336 709 1650 795 delegavit
1696 710 1993 777 ecclesiae
2036 715 2291 777 nostrae
2335 710 2658 776 dominum
2703 715 2767 776 et
2808 714 3077 797 patrem,

600 830 606 838 ‘
738 826 915 913 prius
964 825 1217 911 quidem
1261 832 1561 911 vestrum,
1607 845 1777 893 nunc
1821 832 2032 893 autem
2078 832 2142 893 et
2183 832 2463 893 vestrum
2509 830 2574 892 et
2613 831 2924 910 nostrum,
2972 827 3078 911 qui

736 943 923 1008 unius
967 943 1168 1029 patris
1212 941 1327 1009 filii
1372 964 1620 1027 sumus,
1680 942 1928 1009 vinculo
1973 944 2192 1028 utique
2235 963 2572 1026 germanae
2617 943 2903 1008 caritatis
2946 963 3076 1009 me-

739 1058 951 1126 diante
995 1059 1129 1126 Deo
1181 1060 1310 1125 iam
1365 1080 1494 1125 non
1551 1059 1913 1144 ignobiliter
1957 1059 2245 1125 connecti
2289 1059 2643 1145 incipimus·
2735 1058 2807 1124 In
2853 1060 3076 1144 primis

739 1196 886 1259 ergo
932 1180 1178 1242 vestrae
1233 1175 1555 1242 dilectioni
1603 1195 1793 1261 quam
1836 1175 2147 1241 maximas
2195 1180 2260 1242 et
2303 1194 2493 1260 quam
2539 1173 2794 1241 devotas
2842 1175 3078 1257 gratia—

737 1311 879 1358 rum
925 1292 1199 1358 actiones
1240 1297 1461 1358 nostra
1490 1291 1762 1359 exsolvit
1790 1291 2068 1375 ecclesia,
2116 1291 2265 1377 quia
2292 1291 2486 1367 talem
2517 1309 2591 1356 ac
2619 1295 2834 1356 tantae
2865 1296 3078 1356 aucto-

734 1407 943 1474 ritatis
988 1409 1195 1474 virum
1210 1458 1229 1491 ,
1288 1409 1464 1474 cuius
1518 1408 1834 1474 industria
1886 1409 2048 1475 sicut
2104 1409 2172 1474 in
2225 1408 2402 1474 curia
2443 1407 2610 1491 regis
2656 1406 2922 1472 celebris
2965 1407 3077 1473 ha-

736 1523 919 1589 betur
963 1524 1055 1590 sic
1097 1524 1166 1590 in
1195 1523 1479 1590 Romana
1523 1523 1787 1590 ecclesia
1827 1545 1955 1590 non
1991 1525 2337 1609 ignoratur,
2385 1523 2534 1608 quia
2562 1524 2748 1606 hunc,
2792 1524 3076 1609 inquam,

734 1640 943 1705 virum
999 1645 1254 1706 nostrae
1298 1640 1684 1724 indigentiae
1728 1642 2153 1708 necessarium
2196 1660 2323 1706 non
2367 1640 2596 1706 invidit
2638 1639 2819 1706 nobis
2863 1645 3078 1706 vestra

733 1755 1129 1837 fraternitam
1184 1776 1311 1821 non
1355 1761 1602 1823 tantum
1648 1757 1729 1822 ad
1772 1777 2070 1844 praesens
2115 1755 2534 1840 gratulamur,
2582 1756 2695 1822 sed
2735 1756 2969 1822 iterum
3014 1763 3078 1824 et

737 1872 990 1957 saepius
1008 1922 1026 1955 ,
1076 1891 1197 1957 quo
1246 1872 1485 1956 gratius
1532 1878 1628 1939 est
1671 1873 1853 1939 nobis
1901 1872 2066 1958 quod
2110 1872 2345 1938 factum
2391 1878 2517 1956 est,
2564 1877 2743 1939 tanto
2788 1871 3075 1938 devotius

736 1992 984 2053 vestrae
1025 1987 1497 2056 benevolentiae
1541 1988 2016 2072 gratulabimur.
2086 1988 2222 2054 Hoc
2266 2008 2512 2074 quoque
2555 2008 2683 2054 non
2725 1988 2935 2054 minus
2967 1988 3077 2055 ob-

735 2104 886 2169 nixe
940 2123 1271 2189 precamur
1284 2154 1303 2189 ,
1370 2109 1444 2171 ut
1496 2104 1682 2172 huius
1736 2105 1899 2171 tanti
1953 2104 2156 2191 patris
2215 2104 2562 2171 absentiam
2620 2104 3078 2190 aequanimiter

736 2217 1051 2286 sufferatis
1095 2241 1361 2306 eumque
1375 2231 1396 2256 ·
1442 2220 1742 2288 ecclesiae
1785 2226 2069 2304 nostrae,
2124 2225 2313 2307 prout
2355 2225 2604 2306 tempus
2648 2225 2882 2305 monet,
2928 2241 3077 2308 pro-

736 2335 979 2422 spicere
1024 2337 1500 2421 congaudeatis3
1548 2337 1861 2423 siquidem
1910 2342 1972 2403 et
2015 2335 2133 2403 hoc
2175 2337 2458 2402 futurum
2487 2356 2616 2402 non
2646 2335 3076 2423 desperamus,

735 2456 808 2516 ut
851 2453 1178 2537 utriusque
1225 2453 1558 2537 ecclesiae,
1618 2458 1872 2520 nostrae
1918 2452 2159 2519 scilicet
2203 2457 2268 2518 et
2309 2457 2586 2538 vestrae,
2633 2453 2950 2539 profectus
2996 2453 3078 2521 ab

736 2567 1057 2634 alterutris
1104 2568 1448 2655 aequaliter
1492 2569 1881 2636 desideretur
1926 2574 2010 2653 et,
2057 2569 2207 2654 quia
2249 2567 2473 2635 horum
2518 2569 2784 2637 duorum
2812 2589 3082 2654 gregum

735 2705 898 2749 unus
931 2689 1027 2750 est
1052 2691 1290 2771 pastor,
1339 2707 1412 2753 eo
1441 2687 1763 2753 mediante
1806 2687 1874 2752 in
1913 2705 2110 2752 unum
2150 2686 2604 2772 consocientur,
2648 2691 2713 2753 et
2739 2687 2860 2754 hoc
2888 2687 3081 2755 modo

737 2798 1045 2867 efficiatur
1088 2822 1284 2870 unum
1329 2802 1492 2869 ovile
1537 2806 1602 2868 et
1645 2821 1807 2868 unus
1852 2807 2088 2888 pastor.
2162 2800 2398 2869 Valete.

739 3118 782 3189 2
795 3118 862 3189 7.
916 3122 1308 3190 Stabulemes
1340 3124 1800 3190 Corbeiemibus
1840 3124 2227 3210 respondent.
2298 3121 2648 3189 Wibaldum
2689 3123 2973 3188 abbatem
3000 3125 3085 3189 03⁸

913 3262 1258 3305 concessum
1303 3236 1783 3327 commendaqzcb.
2792 3235 2901 3317 (Μ.
2942 3239 3081 3321 11.)

399 3382 538 3439 1146
571 3399 640 3468 ‚⁶¹·
662 3409 712 3418 -
913 3379 1474 3445 Reverendissimis
1529 3379 1597 3444 in
1643 3378 1895 3444 Christo
1950 3378 2237 3464 patribus
2293 3377 2423 3444 suis
2483 3383 2547 3445 et
2600 3378 2870 3445 dominis
2902 3378 3085 3446 Wal-

398 3454 536 3510 1147
567 3470 632 3504 ω’
736 3495 915 3561 thero
945 3493 1308 3560 Corbeiensi
1337 3493 1683 3561 venerabili
1728 3494 1944 3580 priori,
1991 3493 2332 3560 Adelberto
2375 3495 2733 3580 praeposito
2779 3494 3085 3581 omnique

737 3610 1020 3677 eiusdem
1066 3608 1365 3676 ecclesiae
1410 3614 1627 3675 sancto
1674 3610 2011 3676 conventui
2051 3611 2248 3676 frater
2291 3608 2648 3691 R(obertus)
2682 3604 3083 3679 Stabulensis

737 3725 1038 3793 ecclesiae
1084 3724 1374 3807 decanus,
1431 3723 1648 3790 Simon
1694 3726 2090 3811 praepositus
2135 3725 2514 3810 humilisque
2560 3725 2778 3791 eodem
2822 3727 2891 3792 in
2936 3726 3084 3795 loco

735 3861 890 3926 grex
936 3840 1187 3906 Christo
1242 3840 1520 3907 militans
1534 3890 1553 3925 ,
1613 3843 1808 3907 totius
1865 3840 2213 3908 devotionis
2272 3846 2336 3908 et
2378 3841 2734 3908 orationum
2774 3845 3087 3928 promtis-

734 3959 965 4025 simum
1008 3976 1256 4022 munus.

913 4072 1209 4159 Acceptis
1255 4076 1320 4138 et
1360 4072 1654 4159 perlectis
1701 4072 1952 4156 litteris,
2001 4093 2155 4157 quas
2186 4073 2489 4163 parvitati
2518 4077 2770 4138 nostrae
2799 4092 2916 4158 per
2945 4074 3087 4141 fia-

735 4193 864 4255 tres
910 4194 1160 4255 nostros
1205 4192 1419 4255 vestra
1461 4188 1818 4255 transmisit
1858 4189 2084 4274 pietas,
2131 4187 2445 4276 spirituali
2476 4188 2702 4273 gaudio
2735 4188 3090 4258 admodum

736 4305 938 4389 gavisi
994 4325 1238 4389 sumus,
1295 4305 1363 4371 in
1414 4305 1531 4373 hoc
1576 4305 2006 4391 potissimum,
2065 4305 2230 4390 quod
2273 4305 2620 4389 margarita
2662 4303 2775 4370 illa
2819 4305 3090 4374 coelesti

735 4441 994 4486 munere
1037 4422 1412 4507 peroptima,
1462 4440 1622 4507 quae
1668 4420 1744 4486 de
1789 4421 2099 4487 thesauris
2148 4421 2444 4488 ecclesiae
2486 4424 2740 4488 nostrae
2769 4420 3087 4518 hactenus

879 4593 920 4629 a..
960 4593 1151 4645 cumque
1181 4581 1255 4632 ed.
1374 4581 1420 4632 b.
1458 4597 1502 4629 ο.
1532 4597 1673 4643 supra
1699 4597 1749 4640 ρ.
1772 4581 1861 4630 103
1892 4599 1937 4628 ιι.
1960 4598 2005 4629 ο.
