3319 5242
1033 467 1332 517 wmanm
1373 466 1706 517 armona
1749 466 1857 516 ωε.
2490 449 2622 518 591

279 611 347 675 et
372 606 664 674 lectionis
694 606 1123 676 dissuetudine
1152 606 1439 677 sufficere
1470 609 1553 675 ad
1578 607 2104 696 respondendum,
2150 607 2448 696 precipue
2478 628 2624 675 cum
2660 613 2800 669 1157

277 724 650 810 temptantis
696 725 907 791 animo
953 725 1461 810 interrogaveris,
1506 744 1635 792 non
1678 745 2026 813 possemus.

461 838 574 908 Set
620 839 741 907 hoc
782 840 902 909 tibi
947 841 1028 907 ad
1069 861 1331 929 presens
1371 860 1747 928 responsum
1792 842 1908 925 sit,
1966 840 2132 927 quod
2179 844 2243 907 et
2286 841 2624 908 auctoritas

278 959 347 1023 et
388 955 551 1023 ratio
584 956 812 1024 docuit
856 961 922 1024 et
952 958 1296 1044 antiquitas
1333 957 1601 1042 longeva
1629 957 2005 1025 observavit.
2064 955 2335 1043 Moyses,
2381 958 2509 1044 qui,
2554 957 2625 1023 in

273 1070 532 1139 heremo
579 1072 833 1157 degens,
879 1093 1024 1140 cum
1067 1074 1314 1159 fugeret
1339 1094 1557 1158 regem
1584 1073 1885 1161 Aegypti,
1931 1073 2178 1157 virgam
2204 1073 2447 1157 habuit,
2493 1073 2624 1141 dux

273 1188 522 1275 primus
567 1193 633 1256 et
674 1189 930 1276 previus
974 1190 1425 1258 monachorum
1466 1191 1607 1257 fuit.
1675 1189 1783 1257 Ad
1824 1190 2035 1277 ipsum
2074 1188 2384 1256 Dominus
2429 1189 2621 1256 dixit:

278 1302 458 1385 Quid
499 1318 663 1371 tenea
707 1309 778 1372 in
820 1309 1057 1374 manu?
1111 1306 1204 1374 At
1229 1306 1337 1373 ille
1365 1306 1720 1394 respondit:
1766 1307 2026 1395 Virqam
2044 1301 2078 1372 ¹.
2139 1305 2340 1385 Quam
2367 1305 2625 1373 iubente

272 1418 550 1487 Domino
595 1440 740 1487 cum
785 1422 852 1488 in
897 1428 1134 1491 terram
1177 1422 1577 1512 proiecisset,
1622 1408 1902 1491 mirabili
1946 1427 2010 1490 et
2051 1422 2323 1510 mystica
2365 1441 2624 1489 conver-

275 1535 455 1603 sione
500 1541 564 1603 et
605 1537 675 1604 in
720 1544 1080 1626 serpentem
1123 1544 1189 1607 et
1230 1539 1300 1606 in
1344 1559 1414 1607 se
1456 1539 1667 1626 ipsam
1709 1543 1954 1607 mutata
1991 1544 2104 1607 est.
2165 1538 2384 1606 Aaron
2413 1532 2623 1625 ponti-

272 1649 466 1719 ficum
519 1654 818 1741 princeps
862 1656 1107 1740 virgam
1158 1655 1410 1740 habuit,
1468 1676 1629 1741 quae
1674 1656 1742 1722 in
1784 1655 2215 1723 testimonium
2257 1654 2541 1722 mandati
2585 1654 2624 1720 a

271 1767 414 1835 Deo
472 1770 806 1837 sacerdotii
864 1772 963 1838 sui
1018 1770 1233 1839 floruit
1287 1777 1351 1839 et
1404 1772 1645 1839 fructus
1704 1772 1920 1840 edidit.
2009 1772 2113 1840 Ex
2169 1771 2394 1858 quibus
2446 1790 2624 1838 sacre

272 1885 627 1972 scripturae
671 1887 1149 1955 auctoritatibus
1196 1887 1497 1956 aecclesia
1540 1894 1763 1955 sancta
1805 1889 2034 1976 spiritu
2062 1888 2184 1957 Dei
2214 1887 2402 1976 plena
2428 1888 2624 1954 ratio-
2705 1951 2714 1961 ,

270 2000 572 2070 nabiliter
616 2003 914 2089 instituit,
959 2009 1033 2071 ut
1059 2005 1277 2073 Aaron
1315 2010 1381 2072 et
1407 2004 1614 2091 Moysi
1644 2024 2058 2089 successores,
2107 2005 2184 2073 de
2213 2004 2440 2092 quibus
2469 2005 2624 2071 scri-

269 2122 459 2206 ptum
504 2123 629 2186 est:
674 2122 930 2208 Moyses
976 2134 1033 2188 et
1060 2122 1289 2190 Aaron
1330 2126 1401 2188 in
1444 2123 1869 2189 sacerdotibus
1900 2125 2032 2188 eiua
2044 2116 2088 2203 ²,
2139 2121 2420 2208 episcopi
2449 2120 2626 2188 vide-

268 2233 426 2302 licet
468 2239 532 2301 et
563 2235 821 2304 abbates
850 2238 1325 2321 monachorum,
1371 2238 1653 2305 misticas
1684 2237 1897 2322 virgas
1942 2237 2010 2303 in
2054 2236 2338 2321 regimen
2366 2256 2626 2303 suorum

269 2370 536 2435 gregum
592 2352 950 2440 acciperent
1005 2359 1069 2421 et
1122 2359 1474 2439 gestarent,
1536 2359 1600 2421 et
1658 2353 1698 2420 a
1751 2352 2141 2441 temporibus
2195 2352 2625 2440 apostolorum

268 2488 474 2554 usque
530 2468 612 2535 ad
664 2468 821 2536 haec
878 2474 1171 2558 tempora
1235 2469 1379 2558 plus
1438 2491 1629 2556 quam
1687 2470 1869 2536 annis
1923 2468 2102 2553 mille
2160 2469 2494 2553 diligenter
2550 2489 2624 2537 ac

269 2590 635 2653 reverenter
679 2585 1055 2655 observavit.
1142 2585 1216 2655 Si
1262 2607 1432 2673 ergo,
1477 2591 1551 2654 ut
1592 2591 1667 2654 tu
1709 2586 1955 2671 scribis,
2001 2585 2277 2655 clerici
2320 2586 2623 2674 princi-

270 2701 568 2790 paliter
614 2703 900 2771 debent
940 2704 1344 2792 episcopis
1376 2704 1728 2788 subesse,
1773 2722 2160 2790 consequens
2191 2708 2306 2788 est,
2352 2708 2425 2770 ut
2454 2702 2624 2770 solus

269 2817 645 2886 clericorum
698 2819 995 2907 princeps
1051 2821 1218 2890 inter
1274 2820 1566 2906 clericos,
1623 2825 1927 2908 tauquam
1982 2825 2202 2907 pastor
2258 2820 2424 2887 inter
2476 2840 2624 2887 oves

270 2935 600 3023 proprias,
653 2936 900 3020 virgam
957 2936 1182 3006 debeat
1235 2942 1502 3021 gestare.
1594 2935 1760 3003 Nam
1815 2957 1962 3005 oves
2015 2936 2258 3003 minare
2301 2940 2625 3022 pastorem

270 3072 405 3119 non
447 3051 706 3137 debent,
760 3057 857 3120 set
898 3057 1117 3141 pastor
1162 3073 1309 3122 oves
1354 3053 1542 3121 modo
1586 3053 1872 3141 precedit
1915 3053 2101 3120 modo
2147 3052 2461 3138 sequitur,
2508 3052 2624 3119 ali·

271 3167 525 3255 quando
568 3168 751 3254 virga
799 3189 989 3256 quam
1031 3190 1224 3237 manu
1266 3171 1432 3254 gerit
1485 3169 1784 3254 retrahit,
1846 3169 2181 3255 aliquando
2225 3168 2510 3257 repellit,
2551 3173 2625 3236 ut

270 3303 494 3352 vocem
538 3285 673 3353 eius
716 3285 978 3354 audiant
1021 3291 1087 3354 et
1127 3307 1255 3354 non
1300 3291 1644 3373 sequantur
1690 3285 1983 3353 alienum.
2107 3285 2441 3353 Caeterum
2468 3285 2624 3353 haec

269 3405 388 3476 tua
439 3402 725 3488 quaestio
782 3403 915 3470 sive
972 3403 1367 3489 quaestiones
1380 3453 1401 3488 ,
1456 3403 1524 3469 in
1576 3402 1836 3470 modum
1882 3401 2077 3489 ydrae
2119 3402 2188 3468 in
2233 3422 2350 3469 sua
2393 3402 2625 3470 damna

268 3516 514 3585 fertiles
572 3523 636 3585 et
678 3537 803 3584 uno
848 3519 1055 3606 capite
1101 3523 1425 3616 amputato
1470 3520 1539 3586 in
1583 3518 1785 3586 multa
1828 3523 2247 3586 recrescentes
2260 3568 2280 3603 ,
2338 3519 2377 3585 a
2418 3519 2622 3605 nobis,

270 3639 348 3701 ut
391 3634 630 3701 dictum
674 3638 790 3720 est,
835 3635 955 3702 hoc
997 3641 1281 3723 tempore
1313 3656 1430 3723 per
1457 3641 1686 3703 cuncta
1713 3634 2172 3702 occurrentium
2203 3634 2623 3703 obiectionum

269 3749 477 3819 latera
518 3750 838 3838 pervideri
883 3756 948 3819 et
989 3752 1367 3839 pertractari
1409 3772 1538 3819 non
1570 3756 1867 3840 possunt3
1911 3757 2014 3819 set
2041 3771 2122 3819 ne
2152 3751 2413 3820 verbum
2442 3758 2622 3819 tuum

273 3866 359 3934 ad
399 3871 466 3934 te
498 3886 766 3934 vacuum
808 3872 1250 3952 reverteretur,
1295 3868 1451 3936 haec
1493 3868 1612 3936 tibi
1655 3888 1861 3956 pauca
1905 3868 1983 3936 de
2026 3867 2315 3956 pluribus
2358 3869 2622 3935 innuere

269 3984 652 4052 curavimus.
833 3983 971 4051 Hoc
1024 3983 1218 4051 etiam
1271 3983 1547 4053 breviter
1592 3984 1991 4052 adiciendum
2036 3990 2162 4069 est,
2220 3983 2388 4070 quod
2431 3983 2622 4050 archa

267 4098 430 4185 Noe,
475 4120 637 4186 quae
678 4100 748 4167 in
794 4098 1031 4169 diluvio
1073 4099 1292 4167 divina
1333 4100 1724 4185 gubernante
1767 4099 2167 4189 providentia
2205 4103 2344 4168 octo
2375 4100 2618 4166 animas

269 4215 573 4303 salvavit,
630 4216 670 4284 a
711 4222 893 4304 parte
936 4216 1222 4284 inferiori
1264 4215 1425 4302 lata,
1482 4218 1773 4306 superius
1817 4218 1886 4283 in
1930 4215 2141 4284 cubito
2186 4220 2622 4282 consummata

271 4337 401 4416 θοις
444 4331 567 4401 hoc
608 4331 1002 4417 significante
1033 4330 1278 4419 Spiritu
1321 4339 1559 4419 sancto,
1607 4332 1795 4420 quod,
1842 4331 1951 4417 qui
1994 4330 2191 4398 latam
2219 4331 2410 4416 viam,
2457 4351 2619 4417 quae

269 4447 354 4518 ad
404 4454 674 4517 mortem
717 4448 920 4534 ducit,
977 4449 1276 4517 deserunt
1320 4454 1384 4518 et
1425 4470 1542 4537 per
1586 4452 1922 4535 angustam
1965 4451 2155 4535 atque
2198 4452 2404 4515 artam
2447 4448 2619 4515 viam

415 4581 465 4637 1.
499 4579 832 4651 amam.
975 4582 1029 4637 2.
1065 4556 1345 4652 paleae.
