3319 5242
974 443 1271 491 wmALm
1314 404 1644 491 srrsrona
1689 440 1795 489 ιω.
2419 421 2551 490 239

238 583 533 667 extitisse3
596 604 780 651 omne
832 583 1084 652 feodum
1139 584 1240 653 vel
1293 584 1666 653 beneficium
1717 584 1985 652 liberum
2041 581 2143 651 vel
2195 582 2551 652 absolutum
2583 588 2735 707 1⁸{146

236 701 376 786 fore,
429 700 544 767 ubi
587 721 793 768 mares
839 723 965 769 non
1010 702 1412 769 succederent
1455 702 1773 789 patribus3
1833 701 2157 769 servitium
2204 701 2373 785 regis
2416 706 2550 767 tam
2626 676 2699 709 ον’
2726 663 2751 707 ¹

234 818 290 883 in
328 817 730 904 expeditione
773 838 961 904 quam
1004 819 1072 885 in
1117 819 1293 885 curia
1338 818 1625 886 adeunda
1670 824 1735 885 et
1777 818 1845 884 in
1878 816 2178 903 hospiciis
2205 834 2550 903 procuran-

232 932 313 999 dis
368 933 747 1016 exuberare3
804 934 1065 1001 fratrem
1121 934 1301 1001 illum
1346 934 1744 1018 Heinricum,
1800 933 1877 1001 de
1932 953 2054 1019 quo
2107 953 2275 1000 nunc
2318 933 2548 1018 agitur,

232 1049 517 1116 iudicium
546 1050 668 1117 Dei
713 1055 776 1117 et
817 1071 969 1117 suae
1014 1050 1420 1137 depositionis
1454 1051 1836 1119 sentenciam
1868 1050 2188 1136 pacienter
2217 1049 2548 1133 sustinere,

229 1165 422 1252 ipsum
474 1187 720 1252 quoque
762 1167 1192 1235 desideranter
1238 1168 1423 1251 electi
1468 1167 1809 1234 adventum
1852 1171 2231 1253 expectare„
2270 1165 2548 1250 gauden-

228 1287 367 1366 tem,
434 1282 603 1367 quod
650 1282 860 1350 nullus
906 1304 1150 1367 eorum,
1209 1285 1315 1369 qui
1361 1284 1420 1350 ei
1465 1282 1783 1350 adversati
1824 1283 2102 1366 fuerant,
2157 1282 2544 1363 succederet3

229 1396 606 1466 Stabulensis
649 1400 1017 1467 monasterii
1059 1399 1372 1467 defectum
1411 1400 1488 1467 de
1517 1398 1907 1486 plenitudine
1937 1397 2331 1466 corbeiensis
2361 1417 2548 1484 posse

225 1514 590 1582 submoveri.
731 1515 935 1583 Locus
979 1516 1236 1603 quidam
1279 1516 1555 1583 invidiae
1598 1515 1949 1599 videbatur,
1992 1519 2239 1601 patrem
2284 1534 2358 1581 ac
2400 1534 2548 1602 pro-

225 1631 488 1698 visorem
539 1632 735 1699 tantis
791 1638 856 1699 et
906 1638 1040 1700 tam
1096 1634 1436 1720 insperatis
1492 1633 1675 1700 bonis
1721 1631 1882 1699 velle
1926 1630 2234 1715 fraudari,
2292 1650 2437 1697 cum
2480 1631 2549 1696 in

221 1747 513 1815 facultate
558 1747 946 1816 Stabulensis
1004 1749 1344 1817 aecclesiae
1396 1748 1557 1815 nihil
1614 1747 1785 1815 aliud
1838 1747 1965 1813 nisi
2016 1746 2195 1814 labor
2252 1751 2318 1813 et
2372 1746 2549 1813 dolor

219 1862 568 1932 haberetur.
635 1864 1034 1932 Incmdibilia
1074 1870 1290 1933 tamen
1332 1866 1487 1932 haec
1515 1864 1910 1947 videbantur,
1957 1867 2145 1948 atque
2172 1863 2314 1930 ideo
2344 1862 2547 1947 nobis,

220 1979 338 2046 iam
377 1980 465 2047 ad
511 2001 693 2047 suum
737 1981 1115 2068 colloquium
1156 1983 1486 2066 revocatis,
1533 1982 1863 2049 consilium
1897 1980 2206 2048 subeundi
2236 1981 2549 2047 sarcinam

217 2096 584 2182 prelationis
628 2098 745 2165 sub
787 2098 905 2164 tali
934 2099 1365 2166 moderatione
1409 2098 1748 2166 dederunt:
1794 2099 1852 2165 si
1886 2097 2199 2182 videlicet,
2247 2096 2548 2183 quemad-

219 2213 470 2280 modum
516 2220 916 2301 acceperant,
960 2236 1175 2281 rerum
1219 2220 1422 2282 status
1469 2215 1639 2301 apud
1684 2214 2090 2282 Corbeienses
2136 2214 2542 2281 inveniretur.

383 2328 660 2396 Multmn
701 2331 914 2417 itaque
958 2330 1371 2398 renitentibus
1417 2331 1661 2415 legatis,
1708 2352 1903 2398 unum
1949 2330 2026 2397 de
2073 2327 2547 2397 Stabulensibus

213 2445 568 2531 monachis,
624 2447 886 2514 fiatrem
937 2447 1175 2514 scilicet
1219 2446 1615 2531 Heinricum,
1672 2448 1881 2514 virum
1922 2448 2139 2532 utique
2185 2444 2549 2513 excellentis

213 2560 451 2645 ingenii
497 2567 563 2631 et
602 2563 974 2651 prudentiae
1019 2583 1094 2631 ac
1138 2563 1443 2648 singulari
1487 2565 1844 2632 constantia
1881 2563 2220 2651 preditum,
2267 2583 2411 2630 cum
2444 2561 2550 2628 lit-

209 2682 490 2745 terarum
536 2686 897 2747 nostrarum
941 2682 1340 2748 attestatione
1385 2681 1716 2748 Corbeiam
1762 2681 2127 2765 direximus,
2183 2680 2292 2765 qui
2335 2678 2551 2746 subtili

207 2792 619 2881 inquisitione
673 2796 1007 2881 diligenter
1056 2797 1468 2881 investigaret
1523 2798 1601 2863 de
1655 2802 1789 2864 toto
1846 2796 2165 2865 electionis
2212 2795 2430 2863 ordine
2488 2799 2552 2864 et

207 2911 506 2979 universa
558 2933 773 2979 rerum
818 2912 1212 2981 Corbeiensis
1265 2912 1511 2981 cenobii
1568 2912 1889 2999 qualitate.
2041 2913 2311 2980 Veniens
2357 2912 2552 2995 igitur

204 3023 562 3112 corbeiam,
610 3035 938 3116 susceptus
985 3035 1083 3096 est
1124 3030 1203 3098 ab
1249 3029 1538 3096 omnibus
1584 3028 1858 3096 officiose
1904 3034 1967 3096 et
2003 3049 2148 3122 cum
2174 3027 2424 3112 gaudio,
2472 3046 2549 3092 ex
2582 3043 2698 3091 mov.

205 3160 273 3207 eo
329 3149 555 3211 tamen
609 3145 741 3213 solo
799 3145 1151 3214 dolentibus
1164 3194 1184 3230 ,
1244 3146 1410 3231 quod
1468 3146 1774 3213 adventus
1828 3151 2044 3213 noster
2098 3144 2309 3229 aliquo
2362 3142 2548 3209 modo

200 3260 598 3327 tardabatur.
680 3261 891 3348 Atque
962 3282 1105 3329 cum
1161 3262 1229 3328 in
1285 3263 1602 3329 communi
1656 3264 1926 3329 fratrum
1980 3266 2161 3328 coetu
2216 3264 2381 3327 esset
2438 3259 2548 3325 ad—

201 3375 438 3443 missus
452 3426 475 3461 ,
532 3376 773 3444 nullam
816 3379 1058 3446 invenit
1107 3379 1177 3445 in
1222 3383 1357 3446 tota
1402 3378 1724 3446 electionis
1769 3379 2014 3445 actione
2061 3376 2546 3457 dissonantiam;

202 3499 314 3575 set,
363 3491 629 3559 excluso
674 3495 1001 3582 precipitis
1049 3515 1122 3562 ac
1151 3495 1474 3562 temerarii
1502 3495 1681 3563 verbi
1708 3494 1810 3562 vel
1841 3500 2016 3561 actus
2040 3494 2223 3577 vicio,
2269 3493 2551 3559 omnium

198 3612 446 3694 pariter
505 3616 656 3677 vota
697 3611 1174 3678 concordabant.
1245 3610 1663 3679 Observatum
1709 3616 1806 3678 est
1848 3631 2097 3677 summa
2139 3608 2413 3692 cautela,
2469 3629 2551 3675 ne

198 3723 622 3811 intelligeret,
679 3726 859 3793 illum
915 3727 1236 3806 domnum⁴
1259 3726 1625 3794 Heinricum
1681 3728 1810 3794 iam
1860 3728 2053 3794 fuisse
2097 3726 2362 3794 Romam
2404 3745 2551 3812 pro-

197 3840 438 3909 fectum
492 3843 575 3928 ad
617 3843 1034 3930 reparandam
1078 3863 1334 3912 causam
1378 3863 1558 3911 suam
1615 3848 1682 3910 et
1735 3844 1817 3909 ad
1872 3843 2279 3931 repetendam
2293 3852 2314 3878 ⁸
2360 3841 2551 3909 abba-

195 3957 384 4041 tiam3
450 3961 605 4044 quia
648 3960 776 4027 iam
820 3981 901 4027 ex
944 3960 1169 4044 legatis
1214 3982 1329 4046 pro
1376 3965 1547 4028 certo
1592 3965 2059 4047 compererant,
2113 3960 2279 4045 quod
2323 3958 2405 4024 ad
2448 3978 2550 4025 res

196 4074 389 4141 etiam
463 4080 639 4142 tutas
693 4095 821 4142 non
874 4075 1098 4143 libenti
1152 4077 1361 4143 animo
1419 4078 1835 4161 migraremus
1890 4097 2007 4144 nec
2061 4082 2377 4143 certamen
2431 4094 2548 4160 pro

194 4189 409 4277 aliqua
457 4190 813 4278 prelatione
859 4192 1199 4260 obtinenda
1242 4193 1452 4260 subire
1498 4193 1816 4261 vellemus.
1960 4191 2280 4260 Remissus
2327 4194 2424 4256 est
2468 4190 2550 4256 ad

194 4324 303 4374 nos
375 4307 714 4396 predictus
780 4308 978 4375 frater
1042 4315 1256 4377 noster
1321 4329 1466 4376 cum
1532 4309 1761 4377 litteris
1819 4308 2186 4391 aecclesiae,
2255 4326 2414 4392 quae
2470 4306 2548 4373 de

197 4425 488 4491 omnium
540 4423 848 4491 desiderio
894 4430 959 4491 et
1001 4426 1357 4492 coniventia
1399 4426 1565 4493 circa
1609 4430 1891 4493 nostram
1934 4442 2269 4510 personam
2299 4422 2547 4511 plenius

331 4582 379 4616 a.
422 4567 717 4628 rep...ndi
748 4586 786 4614 c.
