3319 5242
549 959 687 1014 1152

549 1034 691 1083 Ῑηιθ

557 3161 697 3217 1152

560 3236 700 3284 find)

720 428 854 493 488
1391 443 1691 491 wmALm
1732 442 2108 491 anamma
2147 439 2254 488 35⁷.
2291 439 2401 488 sss.

728 584 904 659 357.
943 585 1268 675 Euqenim
1311 586 1437 653 III
1470 610 1657 675 papa
1719 586 2029 653 Uolo-ioum
2087 586 2442 673 episcopum
2499 581 3069 652 Halberstademem

944 704 1243 788 hortatur,
1292 728 1369 770 ne
1408 706 1780 769 monestede
1815 703 2166 770 Corbeiensi
2192 703 2465 767 decimas
2496 703 2803 790 quasdam
2836 701 3070 791 ‹mser-vi

943 822 1121 887 sinat.
2747 815 2862 898 (M.
2897 816 3070 899 334.)

903 951 1109 1020 Idem
1163 971 1368 1040 papa
1421 951 1746 1019 Uolrico
1802 949 2466 1018 Halverstadensi
2524 950 2925 1038 episcopo.

905 1068 1197 1156 Suscepti
1240 1068 1566 1153 regiminis
1609 1089 1727 1135 nos
1772 1068 2060 1134 hortatur
2106 1066 2467 1150 auctoritas,
2514 1071 2587 1133 ut
2623 1066 3077 1135 eeclesiastica-

723 1208 867 1255 rum
913 1207 1125 1255 rerum
1171 1185 1529 1253 defensores
1576 1186 1774 1251 simus
1817 1183 2300 1271 promptissimi,
2349 1187 2413 1250 et
2444 1181 2593 1267 illis,
2642 1184 2753 1269 qui
2785 1183 2939 1269 ipsa
2982 1204 3077 1250 co-

723 1309 956 1372 nantur
1011 1303 1318 1389 diripere,
1372 1321 1488 1367 nos
1544 1320 1799 1367 murum
1845 1300 2232 1367 tutissimum
2278 1319 2687 1386 opponamus.
2780 1281 3081 1367 Pervenit

725 1421 807 1487 ad
853 1441 1036 1487 aures
1082 1423 1354 1502 nostras,
1402 1418 1570 1504 quod
1594 1417 1870 1503 ,quidam
1916 1416 2319 1503 parrochiani
2361 1416 2459 1482 tui
2501 1422 2725 1483 contra
2758 1415 3080 1483 iusticiam

725 1537 1102 1605 Corbeiense
1160 1535 1462 1602 infestent
1514 1521 1885 1600 coenobium
1940 1553 2132 1620 super
2187 1532 2446 1600 decimis
2504 1533 2574 1598 in
2629 1530 2969 1617 Gruninga
3022 1537 3082 1599 et

725 1675 916 1742 super
961 1652 1221 1721 decimis
1266 1657 1474 1719 terrae
1519 1650 1971 1732 dominicatae3
2018 1669 2175 1736 quas
2205 1648 2528 1736 predictae
2573 1646 2920 1716 aecclesiae
2949 1651 3081 1716 vio-

723 1770 928 1840 lenter
996 1769 1290 1836 auserunt
1344 1772 1408 1835 et
1460 1767 1695 1834 iniuste
1750 1766 2025 1833 retinere
2078 1769 2470 1852 presumunt.
2572 1764 2735 1843 Quia
2790 1787 2946 1850 ergo
3005 1766 3083 1833 ad

725 1885 1043 1976 pastorale
1091 1889 1334 1972 spectat
1368 1881 1663 1967 officium,
1709 1878 2052 1970 pravorum
2080 1882 2406 1948 hominum
2437 1901 2729 1948 excessus
2761 1883 3081 1967 corrigere

729 2010 794 2072 et
847 2004 931 2069 ad
988 2000 1382 2069 rectitudinis
1415 2004 1669 2073 ,statum
1713 1995 1891 2066 freho
1936 1998 2226 2065 iusticiae
2269 1998 2627 2082 cohercere,
2684 2001 3081 2085 presentium

724 2120 845 2188 tibi
892 2118 1264 2186 auctoritate
1305 2116 1703 2201 mandamus,
1749 2117 2044 2202 quatinus
2089 2115 2406 2202 predictos
2450 2113 2905 2202 parrochianos
2938 2121 3080 2182 tuos

727 2237 1013 2305 districte
1069 2254 1498 2318 commoneas,
1555 2236 1629 2298 ut
1686 2232 1725 2299 a
1780 2236 1959 2298 tanta
2014 2233 2490 2320 presumptione
2536 2231 2849 2299 desistant
2893 2237 2958 2299 et
3000 2233 3081 2300 de

727 2359 974 2422 caetero
1023 2352 1114 2420 eis
1159 2372 1349 2438 super
1378 2350 1551 2436 ipsas
1582 2348 1856 2416 decimas
1885 2347 2129 2415 nullam
2156 2348 2515 2416 molestiam
2541 2348 2837 2415 inferant.
2890 2349 3081 2428 ‘Quod

729 2471 786 2539 si
829 2471 1036 2538 facere
1072 2469 1236 2536 forte
1265 2465 1779 2552 contempserint,
1823 2465 2191 2532 canonicam
2221 2466 2299 2533 de
2328 2465 2485 2553 ipsis
2516 2464 2834 2533 iusticiam
2861 2466 3078 2534 facias,

728 2586 900 2657 Data
945 2585 1203 2672 Signiae
1246 2585 1289 2653 5
1337 2583 1484 2651 Idus
1528 2581 1827 2650 Ianuarii.

735 2914 913 2989 358.
952 2915 1277 3004 Euqenius
1316 2914 1441 2980 III
1464 2937 1650 3002 papa
1697 2911 1990 2979 Heium-ico
2035 2913 2241 2980 Leom'
2281 2912 2633 2979 Wihaldum
2677 2915 3080 2979 commendat.

2754 3027 2866 3110 (M.
2900 3030 3078 3112 335.)

911 3147 1121 3215 Idem
1175 3165 1384 3233 papa
1435 3144 1819 3212 Heinrico
1874 3143 2193 3211 illustri
2245 3144 2423 3211 duci
2479 3142 2899 3212 Saxoniae.

913 3264 1083 3331 Inter
1126 3264 1430 3351 precipua
1471 3263 1639 3329 facta
1666 3262 1950 3328 virorum
1993 3264 2320 3349 potentum
2353 3260 2549 3328 nichil
2583 3267 2697 3346 est,
2745 3262 2917 3348 quod
2943 3262 3078 3330 Deo

736 3386 953 3449 nostro
1000 3400 1107 3447 eos
1150 3379 1246 3446 ita
1285 3378 1512 3445 reddat
1555 3383 1866 3466 acceptos,
1911 3398 2101 3464 quam
2144 3377 2202 3445 si
2245 3377 2563 3447 aecclesiis
2595 3384 2660 3445 et
2687 3398 2907 3445 earum
2935 3400 3080 3466 pre-

737 3497 884 3564 latis
929 3497 1231 3563 honorem
1262 3494 1543 3563 debitum
1574 3499 1639 3562 et
1666 3495 2087 3562 reverentiam
2115 3495 2477 3562 curaverint
2504 3494 2817 3563 exhibere.
2877 3495 3077 3581 Unde,

739 3612 889 3700 quia
930 3616 1199 3700 paterna
1240 3616 1305 3678 te
1348 3611 1623 3678 karitate
1668 3610 1987 3695 diligimus
2030 3625 2094 3678 et
2123 3612 2201 3678 de
2228 3617 2376 3678 tuae
2402 3611 2738 3699 probitatis
2767 3613 3077 3680 industria

736 3729 1002 3797 meliora
1036 3748 1386 3816 speramus,
1432 3727 1731 3795 dilectum
1757 3726 1960 3794 filium
1987 3732 2274 3795 nostrum
2302 3727 2712 3812 W(ibaldum)
2742 3728 3076 3797 Corbeien-

738 3867 873 3915 sem
920 3846 1232 3930 abbatem,
1278 3845 1385 3931 qui
1428 3864 1545 3931 pro
1590 3865 1742 3912 suae
1785 3845 2131 3912 honestatis
2173 3845 2512 3931 prudentia
2552 3846 2957 3913 honorandus
2985 3847 3075 3913 di-

737 3964 1040 4048 noscitur,
1089 3961 1447 4029 strenuitati
1490 3966 1638 4029 tuae
1684 3962 1985 4028 attentius
2031 3962 2559 4047 commendamuS,
2602 3982 2717 4049 per
2759 3963 3076 4051 presentia

738 4081 977 4169 scripta
1040 4078 1438 4146 nobilitatem
1493 4083 1672 4145 tuam
1724 4083 2021 4164 rogantes
2080 4083 2146 4145 et
2201 4078 2602 4146 exhortantes
2660 4080 2728 4146 in
2782 4079 3072 4161 Domino,

739 4198 1033 4285 quatinus
1089 4196 1170 4264 ad
1222 4196 1651 4282 recuperanda
1707 4199 1771 4261 et
1820 4195 2247 4262 conservanda
2291 4197 2625 4264 aecclesiae
2666 4196 2873 4283 ipsius
2917 4197 3075 4264 bona

736 4334 853 4402 pro
909 4314 1143 4381 nostris
1199 4313 1489 4400 precibus
1532 4310 1737 4380 fidelis
1784 4317 1847 4380 et
1891 4313 2153 4380 devotus
2196 4313 2522 4380 coadiutor
2565 4312 2821 4381 existas.
2914 4313 3073 4379 Data

739 4430 996 4523 Signiae
1037 4431 1080 4497 5
1123 4429 1271 4496 Idus
1314 4429 1609 4496 Ianuarii.

1700 4614 2117 4628 m
