3319 5242
745 433 876 500 398
1411 450 1709 499 wmsnm
1748 448 2127 499 amsi-onan.
2160 448 2268 497 sse.
2301 449 2409 497 270.

552 599 694 655 1150
743 591 975 659 litteris
1017 592 1360 678 intimasti,
1405 591 1799 660 reconciliari
1842 613 1969 660 non
2012 590 2230 677 debet,
2278 590 2576 678 quoniam
2618 610 2738 659 nec
2780 589 3068 658 violentia

533 673 630 720 ¹³¹¹·
652 673 715 720 ⁹⁴
745 726 865 776 nec
915 727 1111 795 pravo
1168 709 1374 775 studio
1430 708 1713 794 contigit.
1903 707 2231 775 Bremensi
2298 728 2546 795 quoque
2610 706 3067 795 archiepiscopo

745 826 928 892 iuxta
967 826 1344 913 peticionem
1385 830 1564 892 tuam
1604 825 1846 913 pariter
1874 825 2274 912 scripsimus;
2321 829 2388 891 et
2412 825 2483 891 in
2512 824 2801 909 caeteris,
2845 824 2917 890 in
2948 823 3071 910 qni-

746 941 865 1008 bus
910 941 1251 1009 secundum
1278 942 1485 1010 Deum
1513 961 1869 1029 possumus,
1913 961 2133 1028 preces
2166 946 2309 1008 tuas
2352 940 2622 1009 libenter
2667 941 3069 1008 admittimus.

748 1056 1103 1125 Coloniensi
1146 1063 1357 1126 autem
1400 1058 1870 1147 archiepiscopo
1920 1058 2147 1126 iccirco
2192 1062 2410 1126 nostra
2453 1059 2692 1147 scripta
2732 1077 2866 1123 non
2909 1057 3072 1123 misi-

746 1193 908 1260 mus,
954 1176 1123 1261 quia,
1167 1175 1423 1243 veniens
1454 1175 1534 1241 ad
1562 1193 1700 1260 nos,
1735 1174 2192 1261 plenitudinem
2229 1174 2328 1242 sui
2357 1172 2549 1241 officii
2575 1173 2840 1241 minime
2868 1193 3074 1261 repor-

744 1290 924 1357 tavit.
994 1291 1129 1358 Tua
1168 1291 1384 1377 itaque
1426 1292 1709 1376 interest,
1753 1290 2088 1359 karissime
2129 1289 2252 1377 fili,
2298 1296 2370 1357 ut
2411 1289 2492 1358 de
2533 1291 2772 1358 honore
2818 1309 2897 1358 ac
2939 1309 3074 1378 pro-

743 1406 912 1473 fectu
958 1407 1294 1475 aecclesiae
1322 1406 1444 1475 Dei
1489 1413 1553 1475 et
1593 1407 1795 1493 regni,
1843 1408 2007 1475 sicut
2044 1409 2203 1476 bene
2248 1408 2493 1496 cepisti,
2541 1408 2634 1474 ita
2665 1406 2895 1475 effectu
2939 1426 3074 1494 pro-

743 1528 1043 1608 sequente
1084 1524 1406 1609 invigiles,
1465 1525 1758 1610 quatinus
1816 1529 1880 1591 et
1932 1524 2102 1593 beati
2145 1523 2320 1592 Petri
2373 1523 2645 1608 gratiam
2690 1529 2755 1591 et
2795 1528 3074 1591 nostram

744 1641 1045 1708 merearis
1089 1639 1579 1708 benivolentiam
1623 1639 2015 1728 ampliorem.
2088 1639 2256 1708 Data
2296 1639 2463 1708 Albe
2507 1641 2550 1709 8
2595 1639 2736 1707 Kal.
2769 1639 2938 1707 Iulii.

751 1957 927 2029 270.
966 1960 1289 2049 Euqencm
1315 1960 1427 2029 ΠΙ
1436 1985 1614 2050 papa
1642 1962 1938 2030 Heinrico
1971 1965 2256 2051 episcopo
2289 1962 2603 2029 Mindon-vi
2633 1964 2864 2045 scribit,
2903 1962 3078 2029 eccle-

966 2080 1098 2144 siae
1149 2078 1580 2145 Kaminatemi
1630 2081 2048 2168 expiationem
2111 2102 2238 2144 non
2301 2101 2457 2166 opus
2524 2102 2651 2159 egsse
2660 2128 2681 2161 ,
2755 2080 3078 2168 ablataque

967 2195 1131 2261 bona
1171 2197 1410 2261 restitui
1452 2207 1644 2283 coyat-
2759 2192 2872 2272 (Μ.
2907 2192 3076 2276 254.)

532 2344 671 2400 1150
922 2332 1244 2420 Eugenius
1302 2336 1633 2424 episcopus
1691 2356 1910 2405 servus
1965 2353 2289 2402 servorum
2333 2334 2455 2402 Dei
2499 2334 2851 2418 H(einrico)
2898 2357 3078 2404 vene-

486 2431 526 2464 0·
540 2418 637 2465 ¹²¹²·
655 2419 715 2465 ²⁴
744 2450 932 2518 rabili
983 2452 1169 2519 fratri
1221 2451 1537 2520 Mindensi
1591 2453 1884 2540 episcopo
1952 2451 2221 2519 salutem
2286 2456 2353 2520 et
2419 2451 2832 2539 apostolicam
2898 2453 3079 2521 bene-

746 2567 1103 2637 dictionem.

924 2685 1219 2753 Pervenit
1241 2685 1322 2752 ad
1342 2705 1525 2753 aures
1546 2690 1816 2771 nostras,
1840 2685 2007 2772 quod
2026 2685 2540 2754 Kaminatensem
2563 2684 2939 2755 aecclesiam
2969 2707 3077 2775 pro

749 2821 843 2888 eo,
876 2802 1041 2889 quod
1073 2802 1329 2889 ‘quidam
1357 2802 1721 2887 monachus,
1752 2801 1903 2868 dum
1931 2802 2266 2870 resarciret
2292 2802 2494 2890 ipsius
2524 2802 2869 2871 aecclesiae
2899 2810 3078 2887 tecta,

748 2937 898 2985 casu
941 2919 1248 2986 corruerit
1289 2923 1353 2986 et
1394 2920 1487 2986 ita
1529 2920 1666 2987 sine
1712 2919 2035 3004 sanguinis
2082 2917 2382 2987 effusione
2427 2919 2683 3005 obierit,
2735 2941 2857 3007 per
2899 2919 3079 2987 unius

746 3034 879 3102 fere
924 3036 1073 3102 anni
1118 3036 1400 3124 spacium
1435 3057 1474 3103 a
1502 3036 1735 3103 divinis
1780 3035 2004 3103 feceris
2034 3056 2280 3103 cessare
2309 3034 2555 3122 officiis,
2600 3042 2664 3104 et
2692 3057 2839 3104 eam
2867 3058 3079 3106 recon-

747 3151 964 3220 ciliare
1008 3152 1325 3240 disponas.
1395 3151 1508 3221 Set
1549 3153 1608 3219 si
1649 3173 1754 3220 res
1799 3173 1868 3220 se
1909 3153 2004 3219 ita
2041 3151 2249 3237 habet,
2296 3152 2463 3240 quod
2491 3173 2609 3221 nec
2637 3153 2945 3222 violentia
2970 3173 3079 3222 nec

747 3288 943 3355 pravo
987 3270 1194 3337 studio
1239 3269 1533 3355 contigit,
1591 3268 1770 3336 nulla
1810 3268 2056 3337 ratione
2099 3269 2383 3337 videmus
2397 3319 2418 3356 ,
2464 3271 2633 3356 quod
2677 3270 2903 3339 eadem
2948 3291 3079 3339 wo-

748 3384 971 3453 clesia·
1015 3390 1275 3473 propter
1317 3384 1437 3453 hoc
1477 3385 1942 3453 reconcilianda
1983 3387 2070 3453 sit
2096 3385 2197 3454 vel
2227 3406 2266 3453 a
2294 3386 2522 3454 divinis
2566 3387 2793 3455 debeat
2836 3408 3078 3457 cessare

749 3499 989 3569 officiis.
1167 3501 1464 3571 Preterea
1499 3503 1884 3570 fraternitati
1913 3508 2058 3570 tuae
2087 3503 2479 3588 mandamus,
2525 3505 2824 3591 quatinus
2857 3505 3077 3573 Thide-

747 3618 950 3685 ricum
1007 3617 1086 3685 de
1135 3617 1450 3704 Riclinge,
1505 3618 1935 3688 Reimbertum
1993 3638 2237 3706 quoque
2292 3624 2357 3687 et
2411 3619 2815 3689 Thidericum
2883 3622 3077 3710 ipsius

747 3732 932 3818 filios,
978 3733 1087 3820 qui
1128 3735 1352 3821 predia
1393 3735 1594 3825 ipsius
1639 3736 1977 3805 aecclesiae
2020 3741 2240 3804 contra
2266 3735 2583 3804 iusticiam
2624 3738 2938 3807 invasisse
2981 3736 3075 3806 et*

748 3849 967 3918 illicite
996 3849 1274 3919 detinere
1303 3858 1696 3939 presumunt,
1729 3853 2013 3921 districte
2043 3872 2461 3938 commoneas,
2504 3857 2598 3938 ut,
2627 3855 2684 3921 si
2711 3854 2835 3922 hoc
2864 3874 3075 3923 verum

751 3986 888 4035 esse
942 3967 1323 4054 constiterit,
1381 3969 1632 4038 easdem
1686 3969 2115 4057 possessiones
2171 3968 2509 4038 aecclesiae
2563 3969 2690 4058 ipsi
2743 3972 3077 4040 restituant

750 4089 816 4152 et
858 4083 936 4151 ab
981 4083 1381 4153 infestatione
1433 4087 1635 4174 ipsius
1690 4085 1814 4154 loci
1867 4085 2121 4153 omnino
2176 4085 2550 4154 abstineant.
2629 4085 2870 4166 Quodsi
2911 4106 3074 4155 com·

748 4200 1081 4268 monitioni
1121 4205 1269 4269 tuae
1311 4202 1565 4271 obedire
1606 4203 2118 4289 contempserint,
2163 4202 2531 4271 canonicam
2573 4202 2653 4271 de
2694 4203 2856 4291 ipsis
2898 4203 3074 4272 insti-

689 4351 700 4358 -
749 4316 915 4385 ciam
956 4317 1170 4386 facias.

892 4472 935 4507 a.
976 4459 1100 4521 qnod
1129 4459 1289 4508 eadem
1319 4459 1540 4508 aecclesia
1568 4460 1637 4507 δίε
1668 4461 1874 4524 lagu-tur
1904 4462 1950 4507 ι’.
1982 4462 2089 4509 eod.
2208 4461 2256 4508 b.
2286 4463 2335 4508 et
2363 4477 2450 4509 οι.
2470 4463 2578 4510 cod.
