3319 5242
920 481 1218 531 wmALnr
1258 480 1632 530 uersi-omn
1676 480 1782 528 ess.
1816 479 1924 528 m.
2454 462 2587 529 413

251 625 385 688 tum
428 641 542 689 vos
589 641 726 690 esse
769 620 944 708 volo,
991 624 1283 710 quatinus
1330 624 1498 711 apud
1542 624 1867 691 dominum
1908 643 2142 709 meum,
2188 622 2364 691 cuius
2408 642 2587 713 mauf
2622 627 2762 685 1150

251 737 397 805 dato
442 758 764 825 nunquam
794 759 922 807 nou
953 740 1403 827 optemperavi,
1447 761 1552 808 me
1579 739 1850 809 fideliter
1879 746 2245 808 excusatum
2272 740 2586 823 habeatis;
2631 702 2759 762 sm

251 855 401 941 quia
441 875 554 923 vos
599 855 901 942 legationi
943 856 1092 923 huic
1135 856 1306 924 solus
1352 855 1673 943 sufficitis,
1729 877 1845 926 nec
1889 877 2004 943 ego
2049 857 2222 924 aliud
2265 857 2590 926 vobiscum

249 990 535 1059 agerem,
589 972 716 1041 nisi
770 973 936 1041 sicut
988 975 1253 1042 nuncius
1310 995 1710 1063 apparerem,
1767 974 1962 1042 nichil
2006 994 2228 1060 agens,
2284 974 2476 1041 nichil
2521 975 2589 1041 in

247 1089 573 1176 presentia
597 1095 810 1159 vestra
850 1090 1111 1178 loquens
1156 1097 1240 1177 et,
1286 1092 1342 1159 si
1373 1092 1681 1178 loquerer,
1727 1092 2112 1180 imperitiam
2141 1112 2351 1159 meam
2380 1095 2588 1157 osten-

247 1203 488 1292 dendo,
544 1190 726 1307 quasi
779 1228 964 1276 sorex
1020 1228 1161 1277 meo
1215 1208 1448 1276 indicio
1501 1209 1796 1297 perirem.
1900 1207 1970 1276 si
2022 1228 2172 1276 vero
2233 1207 2588 1293 quindecim

246 1320 384 1391 dies
429 1327 582 1412 post
616 1323 851 1393 festum
892 1324 1064 1393 beati
1090 1324 1362 1410 Remigii
1378 1320 1396 1353 ¹
1437 1346 1539 1393 me
1585 1331 1918 1414 expectare
1945 1325 2191 1407 velletis
2237 1330 2302 1392 et
2343 1344 2456 1409 ego
2484 1344 2588 1391 me

245 1437 508 1508 interim
540 1441 839 1530 expedire
868 1447 934 1509 et
959 1461 1300 1530 preparare
1329 1441 1626 1528 valerem,
1673 1443 1996 1510 dominum
2024 1462 2234 1509 meum
2264 1442 2587 1509 vobiscum

245 1555 524 1641 adirem
590 1562 658 1628 et
721 1558 1018 1647 quioquid
1067 1558 1349 1627 facturus
1406 1579 1638 1645 essem,
1708 1558 1886 1627 salva
1938 1559 2146 1645 gratia
2199 1559 2334 1627 eius
2388 1556 2583 1626 fieret.

248 1883 430 1958 286.
467 1889 784 1956 Wtbaldm
811 1891 1090 1957 Amoldo
1125 1892 1492 1957 cancellario
1520 1892 1867 1979 respondet,
1912 1915 1978 1958 se
2005 1893 2142 1980 reqi
2170 1892 2247 1958 de
2274 1892 2591 1958 subeunda

468 2007 772 2094 leyatione
816 2008 1216 2074 obediturum.
1283 2008 1426 2074 Vult
1466 2031 1606 2074 eum
1647 2008 1746 2074 vel
1784 2008 1953 2074 ultra
1993 2009 2157 2074 diem
2189 2008 2278 2075 15
2313 2006 2593 2074 Octobris

473 2133 844 2210 exspectare.
2267 2120 2375 2205 (M.
2411 2123 2589 2207 265.)

427 2253 775 2323 Karissimo
831 2255 1085 2323 domino
1141 2260 1207 2325 et
1261 2256 1461 2324 amico
1515 2276 1627 2324 suo
1674 2254 2008 2339 A(ruoldo)
2051 2255 2397 2324 venerabili
2441 2275 2588 2323 cau·
2626 2268 2768 2324 1150

242 2370 503 2441 cellario
547 2371 743 2440 frater
785 2370 1165 2456 W(ibaldus)
1208 2372 1330 2441 Dei
1374 2373 1582 2459 gratia
1622 2374 1711 2460 id,
1758 2374 1924 2460 quod
1968 2379 2096 2458 est,
2153 2393 2222 2441 se
2271 2373 2480 2460 ipsum
2525 2377 2591 2440 et
2633 2342 2759 2403 ⁸⁰⁹¹*

243 2508 367 2556 sua
409 2508 639 2556 omma.

424 2604 654 2692 Verba,
709 2626 869 2692 quae
912 2606 1256 2695 scripsistis
1301 2607 1482 2677 uobis
1527 2608 1607 2676 de
1651 2606 2018 2677 difficultate
2063 2607 2438 2693 egressionis
2483 2627 2589 2675 ve·

242 2728 419 2792 strae
473 2728 538 2791 et
589 2724 1052 2811 preparationis
1108 2726 1191 2792 ad
1242 2725 1363 2792 iter
1413 2724 1766 2793 Romanum
1779 2777 1798 2811 ,
1854 2730 2072 2793 nostra
2125 2725 2345 2813 procul
2401 2724 2588 2792 dubio

240 2845 425 2923 sunt3
475 2846 540 2908 et
582 2861 703 2927 que
746 2840 1021 2909 conditio
1064 2842 1246 2910 nobis
1292 2842 1376 2909 sit
1413 2842 1483 2908 in
1513 2842 1793 2910 ecelesiis
1823 2842 2079 2927 nostris,
2126 2848 2236 2909 aut
2279 2863 2398 2929 que
2442 2862 2589 2929 pos-

241 2956 518 3025 sibilitas
563 2957 682 3024 hoc
724 2962 1008 3044 tempore
1049 2957 1444 3044 relinquendi
1488 2959 1717 3026 fratres
1761 2964 2042 3044 nostros,
2094 2979 2207 3025 vos
2252 2959 2319 3025 in
2362 2959 2589 3026 vestris

237 3074 548 3142 fratribus
593 3073 1026 3158 consideratis,
1071 3093 1214 3141 cum
1243 3074 1567 3141 videamus
1612 3077 1742 3142 iam
1787 3096 1900 3163 pre
1930 3074 2127 3143 oculis
2156 3074 2588 3142 imminentem

238 3190 548 3259 fratribus
591 3191 856 3276 nostris,
913 3212 1043 3259 non
1086 3191 1294 3259 dicam
1336 3191 1677 3260 karitatem
1722 3212 2036 3277 annonae,
2083 3198 2181 3260 set
2224 3191 2449 3259 duram
2491 3192 2588 3257 in-

239 3308 462 3396 opiam
504 3307 822 3376 maximae
867 3306 1239 3375 sterilitatis.
1315 3306 1495 3375 Licet
1536 3309 1732 3394 igitur
1776 3310 2043 3397 impium
2085 3308 2267 3377 nobis
2313 3328 2450 3377 esse
2493 3308 2587 3375 vi-

237 3424 471 3493 deatur
526 3424 883 3512 relinquere
924 3424 1154 3492 fratres
1198 3429 1447 3492 nostros
1493 3426 1609 3492 sub
1654 3424 1933 3513 periculo
1978 3425 2163 3493 famis
2210 3432 2275 3493 et
2314 3425 2587 3514 inopiae,

240 3562 324 3610 ex
374 3540 576 3608 altera
617 3546 831 3610 tamen
874 3546 1056 3629 parte
1101 3541 1327 3609 durum
1360 3541 1541 3610 nobis
1572 3562 1709 3610 esse
1738 3542 2044 3628 videmus,
2090 3543 2253 3610 iram
2284 3543 2589 3631 principis

234 3659 567 3726 incurrere
620 3663 702 3744 et,
749 3679 877 3725 una
917 3659 1054 3726 vice
1097 3659 1467 3726 mandatum
1511 3659 1645 3727 eius
1692 3678 1773 3727 ex
1816 3680 2063 3728 summa
2105 3679 2434 3728 causarum
2479 3680 2588 3728 ue·

236 3775 539 3844 cessitate
581 3776 1021 3863 pretereundo,
1069 3795 1251 3843 omne
1297 3777 1642 3862 servitium,
1692 3796 1813 3862 quo
1860 3777 1919 3843 ei
1965 3782 2029 3845 et
2066 3797 2261 3863 regno
2290 3797 2588 3863 umquam

237 3892 641 3977 servivimus,
688 3891 895 3960 subito
927 3892 1209 3979 perdere.
1276 3891 1624 3977 Angustiae
1655 3893 1910 3979 quidem
1940 3899 2088 3962 sunt
2114 3894 2390 3981 undique
2404 3889 2447 3979 ¹,
2495 3899 2591 3960 set

233 4007 472 4082 melius
519 4013 616 4076 est
657 4009 839 4076 nobis
884 4008 1003 4076 hoc
1045 4014 1347 4096 tempore,
1392 4015 1465 4076 ut
1507 4030 1609 4076 res
1654 4015 1904 4078 nostras
1951 4013 2067 4079 sub
2104 4012 2461 4079 discrimine
2489 4031 2588 4077 re-

232 4122 625 4211 linquamus,
673 4146 862 4211 quam
892 4111 1195 4194 offensam
1238 4127 1477 4194 domini
1520 4127 1724 4193 nostri
1766 4128 1935 4212 regis
1979 4149 2104 4195 non
2149 4126 2586 4195 satisfaciendo

233 4241 558 4310 voluntati
602 4243 736 4310 eius
780 4244 1206 4328 incurramus,
1261 4248 1325 4311 et
1369 4244 1638 4328 gratiam
1681 4244 1904 4332 ipsius,
1949 4265 2067 4331 pro
2112 4263 2237 4330 qua
2279 4242 2589 4310 servanda

233 4359 378 4426 iam
419 4380 538 4447 per
579 4359 813 4427 multos
860 4381 1057 4428 annos
1099 4359 1545 4447 laboravimus,
1590 4381 1707 4449 pro
1744 4360 1958 4446 aliqua
1988 4359 2373 4445 negligentia
2399 4360 2584 4426 modo

234 4475 605 4566 perdamus,
652 4480 718 4545 et
759 4496 862 4545 res
905 4477 1172 4565 imperio
1201 4476 1304 4545 vel
1345 4477 1719 4567 imperantis
1763 4477 1988 4546 honori
2027 4481 2367 4567 oportunus
2397 4481 2586 4565 atque

389 4608 441 4665 1.
479 4608 600 4667 oct.
631 4609 714 4665 15.
857 4610 907 4666 2.
947 4610 1090 4667 Dan.
1119 4610 1203 4681 13,
1229 4611 1317 4667 22.
