3319 5242
845 442 1448 493 cunonoomnns
1493 442 1933 493 oonnmnsrs
2470 425 2552 493 61

262 581 577 651 adulterina
603 583 770 652 olavi
799 585 1143 654 armarium
1172 590 1571 673 aperuerunt,
1600 586 1985 673 preciosiora
2010 605 2128 652 sua
2153 604 2282 651 non
2308 603 2559 671 repere-

261 706 400 765 runt.
484 700 645 768 Hine
703 722 851 787 ergo
907 703 1174 769 nimium
1230 703 1440 768 animo
1495 702 1904 773 exacerbatae
1953 702 2257 789 populum
2299 721 2559 785 congre-

260 816 464 899 gabant
500 818 826 902 sig-norum
870 820 1367 906 concrepatione.
1436 817 1722 904 Quinque
1767 822 1980 885 autem
2021 823 2268 885 tantum
2311 817 2435 883 viri
2479 836 2557 883 ex

258 933 513 1001 omnibus
561 955 786 1003 venere
830 955 904 1002 ao
946 956 1108 1022 pene
1151 935 1354 1002 tocius
1397 934 1569 1001 illius
1605 935 1731 1001 vici
1760 935 2011 1002 femine.
2078 933 2378 1002 Diversas
2410 952 2558 1017 ergo

248 2489 508 2510 .....
561 2444 792 2511 mando
860 2444 1218 2531 querelosas
1276 2466 1461 2513 voees
1529 2446 1719 2513 edens
1776 2446 2148 2513 causabatur
2200 2444 2565 2528 multifarie,

250 2553 485 2627 Corbeie
498 2559 527 2596 ¹³
574 2581 642 2628 se
688 2566 753 2628 et
794 2581 1010 2629 omnes
1056 2581 1200 2628 oum
1245 2561 1508 2630 ecelesia
1549 2561 1767 2629 multis
1812 2561 2155 2646 thesauris,
2213 2582 2335 2648 qno
2379 2561 2566 2628 modo

248 2675 374 2759 equi
413 2676 518 2744 vel
568 2677 815 2745 venalia
857 2678 1210 2768 comparari
1254 2679 1474 2763 solent,
1521 2679 1614 2745 sio
1658 2679 1967 2745 subactos.
2039 2678 2150 2745 Set
2177 2699 2258 2745 ne
2288 2677 2445 2765 pred
2480 2728 2497 2743 .
2548 2727 2564 2743 .

251 2836 1517 2861 ....................
1556 2796 1612 2861 is
1656 2796 2031 2881 ieiuniisque
2077 2814 2151 2862 ao
2193 2794 2484 2881 precibus
2531 2814 2571 2860 a

250 2902 500 2975 Domino
535 2914 602 2977 et
631 2910 866 2977 sanctis
896 2911 1032 2978 eius
1060 2911 1516 2979 instantissime
1545 2912 1973 2998 deposcerent,
2010 2911 2328 2979 exorabat.
2396 2909 2569 2977 Haeo

252 3028 441 3091 autem
496 3025 606 3093 hio
659 3026 807 3094 inde
861 3027 1139 3095 inserere
1184 3074 2460 3093 ....................
2508 3026 2567 3092 ri

254 3139 522 3221 qualibus
570 3147 976 3228 quaterentur
1018 3144 1088 3208 in
1133 3143 1231 3209 his
1275 3142 1568 3210 infaustis
1612 3143 1830 3210 diebus
1874 3144 2095 3209 nostri.

2598 588 2736 645 1147

405 3258 597 3325 Anno
642 3258 1019 3339 ommim
1061 3259 1536 3342 incamationm
1580 3258 1648 3326 M
1685 3305 2430 3326 ............
2437 3212 2497 3322 “.
2545 3305 2562 3323 .
2603 3278 2743 3335 1148

253 3387 300 3435 a.
331 3369 485 3440 Non.
527 3372 636 3441 Ma
681 3423 1095 3442 .......
1143 3397 1219 3442 us
1265 3396 1295 3442 s
1343 3423 2023 3442 ...........
2053 3411 2090 3441 -.
2141 3423 2158 3439 .
2208 3422 2224 3440 .
2271 3374 2409 3462 ipse
2453 3390 2569 3461 per

252 3481 334 3552 W.
377 3508 412 3556 o
468 3539 485 3557 .
542 3539 2087 3558 ........................
2135 3511 2257 3577 qne
2311 3511 2424 3577 per
2480 3493 2567 3558 30

252 3620 392 3686 pene
433 3606 607 3672 viros
652 3585 954 3675 tr'edeoim
996 3608 1217 3676 diebus
1260 3608 1370 3674 vix
1401 3607 1762 3691 eradicavit,
1810 3612 1874 3673 et
1901 3607 1983 3673 ad
2012 3607 2338 3674 eeclesiam
2367 3608 2568 3674 saneti

254 3714 369 3786 Viti
409 3723 878 3792 resarciandam
922 3729 1232 3810 oportuna
1275 3724 1623 3811 primordia
1668 3723 1892 3790 sternit
1923 3744 2038 3810 per
2068 3722 2477 3790 Godefridum
2504 3727 2569 3790 et

255 3833 690 3906 Anschelmum
732 3859 877 3906 oum
922 3840 1060 3906 auri
1094 3859 1328 3924 maroa,
1375 3859 1532 3926 quos
1560 3840 1768 3926 pridie
1798 3860 1837 3905 a
1867 3839 2199 3907 Stabulaus
2229 3840 2297 3906 in
2326 3841 2392 3906 id
2406 3851 2448 3924 ⁶,
2477 3839 2569 3907 ibi

253 3954 478 4035 positus
520 3976 685 4044 pene
728 3975 843 4043 pro
889 3956 1083 4023 simili
1127 3954 1419 4024 edificiali
1464 3976 1672 4043 opere,
1717 3956 1882 4032 istuc
1923 3955 2293 4023 transmisit.

417 4186 478 4253 A
504 4187 805 4272 magistro
835 4186 1162 4255 Isenboldo
1192 4188 1270 4254 de
1300 4188 1503 4255 saneti
1530 4186 1712 4253 Pauli
1742 4187 2011 4274 apostoli
2038 4187 2221 4255 titulo
2267 4192 2331 4255 et
2374 4186 2569 4254 eoele-

260 4298 344 4366 aia
369 4300 877 4371 Halverstadensi
917 4305 1291 4372 transmissa
1335 4309 1433 4372 est
1476 4303 1592 4372 heo
1634 4304 1914 4371 subiecta
1957 4302 2226 4391 epistola
2265 4303 2566 4389 Elvingo:

391 4465 433 4498 a.
462 4452 623 4502 Borthe
655 4471 732 4515 ορ.
757 4458 995 4502 Paruimu-
1118 4454 1164 4502 b.
1196 4454 1327 4503 θοι-11.
1361 4473 1400 4502 c.
1524 4467 1563 4502 ο.
1594 4457 1794 4517 sequitur
1824 4457 1977 4502 utura.

391 4549 441 4603 1.
473 4549 703 4621 ludius,
737 4550 940 4607 sororis
974 4550 1220 4608 Heinrioi
1252 4551 1280 4606 Ι
1315 4550 1444 4608 abb.
1480 4549 1843 4608 corbeiensis.

2608 4194 2634 4248 1
2645 4192 2748 4248 146

2607 4263 2746 4320 1147
