3319 5242
890 480 1187 528 wmanm
1228 479 1599 528 anemonas
1642 478 1749 526 sss.
1782 478 1889 527 ³94.
2428 461 2558 529 525

222 620 602 709 proiecerat,
656 621 723 688 in
765 620 945 688 illam
988 621 1357 689 aecclesiam
1409 620 1889 705 malignantium
1933 626 2257 707 tamquam
2300 620 2370 688 in
2415 642 2557 689 sen·
2595 625 2736 683 1152

222 739 424 805 tinam
480 737 801 822 recollegit
856 742 948 821 et,
1021 738 1316 824 quicquid
1372 737 1644 825 improbi
1700 744 1765 804 et
1817 737 1965 805 irati
2027 743 2090 806 et
2146 759 2284 807 sese
2340 738 2560 807 ulcisci

223 854 548 941 cupientes
592 853 942 939 confingere
986 854 1055 920 in
1097 853 1336 921 famam
1381 854 1626 921 abbatis
1671 858 2030 939 potuerunt,
2077 855 2453 941 conscripsit
2495 861 2562 922 et

222 970 543 1056 dispersit.
606 968 879 1038 Pedibus
920 970 1133 1056 itaque
1159 974 1407 1037 vestrae
1439 968 1827 1037 celsitudinis
1865 970 2071 1037 animo
2108 970 2388 1037 advoluti
2416 990 2563 1037 cum

229 1875 408 1948 394.
446 1879 760 1948 wibaldus
793 1885 870 1947 A.
907 1883 1116 1948 abbati
1153 1884 1230 1949 de
1262 1883 1489 1964 Monte,
1534 1882 1703 1970 quod
1739 1880 2050 1970 Stfridum
2085 1884 2364 1949 abbatem
2401 1880 2560 1947 Hul-

450 1996 897 2062 leslzeimensem
941 1999 1196 2085 benique
1235 1998 1552 2085 receperit,
1593 1999 1834 2083 yratias
1879 2000 2024 2085 aqit.
2248 1994 2356 2078 (M.
2382 1997 2560 2079 369.)

402 2126 765 2196 Reverendo
808 2129 878 2196 in
923 2127 1169 2197 Christo
1214 2129 1383 2215 patri
1428 2132 1493 2195 et
1536 2128 1791 2195 domino
1835 2128 1915 2196 A.
1959 2129 2302 2196 venerabili
2348 2129 2562 2197 abbati
2602 2142 2739 2198 1152

222 2243 304 2311 de
349 2242 563 2311 Monte
603 2245 800 2312 frater
829 2243 1203 2327 W(ibaldus)
1248 2245 1370 2311 Dei
1412 2244 1620 2328 gratia
1663 2244 1749 2328 id,
1798 2244 1963 2329 quod
2007 2250 2105 2312 est
2146 2246 2216 2312 in
2261 2245 2564 2313 aecclesia

225 2359 553 2445 catholica,
599 2360 867 2439 salutem
910 2362 978 2428 in
1006 2361 1276 2428 Domino
1323 2365 1387 2428 et
1428 2360 1747 2428 fraternae
1791 2359 2082 2428 karitatis
2127 2360 2559 2429 indissolubile

223 2475 567 2544 vinculum.

405 2591 785 2680 Multiplices
839 2593 1188 2677 gratiarum
1242 2591 1517 2661 actiones
1572 2597 1820 2661 vestrae
1875 2593 1944 2659 in
1989 2591 2239 2667 Christo
2296 2592 2561 2662 dilectae

221 2710 607 2776 fraternitati
650 2708 980 2792 debemus,
1025 2729 1141 2795 pro
1190 2729 1263 2776 eo
1309 2709 1475 2795 quod
1518 2709 1927 2777 karissimum
1969 2710 2229 2777 fratrem
2273 2715 2560 2777 nostrum

224 2832 293 2893 et
334 2826 404 2893 in
446 2826 718 2893 Domino
762 2825 1066 2909 collegam
1112 2824 1433 2911 Sifridum,
1477 2825 1899 2893 venerabilem
1947 2825 2235 2893 abbatem
2280 2826 2358 2892 de
2404 2825 2560 2893 Hul-

220 2941 466 3009 leshem
480 2992 499 3027 ,
553 2942 909 3008 venientem
967 2941 1047 3008 ad
1102 2960 1212 3008 vos
1258 2940 1327 3007 in
1382 2941 1894 3008 tribulationibus
1952 2947 2016 3009 et
2075 2942 2380 3027 angustiis
2427 2944 2559 3010 suis

223 3058 495 3142 benigne
539 3058 926 3145 suscepistis,
974 3062 1037 3125 et
1079 3057 1173 3144 pii
1202 3056 1611 3124 consolatoris
1648 3057 1959 3143 affectum,
2005 3063 2310 3145 quantum
2352 3059 2422 3125 in
2451 3079 2560 3125 vo-

223 3174 326 3242 bis
370 3173 520 3258 fnit,
577 3175 637 3241 ei
682 3174 1083 3259 exhibuistis,
1138 3180 1204 3241 et
1245 3173 1720 3258 contumeliam,
1779 3194 1939 3260 quae
1983 3175 2189 3241 ordini
2232 3180 2448 3241 nostro
2491 3175 2561 3242 in

222 3311 497 3378 persona
541 3290 675 3358 eius
718 3291 998 3376 irrogata
1041 3295 1157 3375 est,
1204 3290 1415 3357 debita
1460 3290 1895 3376 compassione
1939 3290 2246 3358 doluistis.
2315 3291 2403 3358 Et
2445 3311 2561 3358 nos

225 3427 376 3492 ergo
422 3412 847 3494 contemptam
900 3408 1087 3499 ineo
1141 3406 1453 3474 iustitiam
1495 3405 1839 3492 plurimum
1883 3406 2162 3474 dolemus
2175 3457 2194 3492 ‚
2250 3412 2388 3474 tum
2442 3427 2560 3494 pro

224 3523 422 3591 totius
466 3523 798 3591 monastici
843 3524 1080 3591 ordinis
1124 3522 1401 3608 generali
1444 3522 1790 3589 abiectione
1833 3528 1970 3591 tum
2013 3543 2130 3610 pro
2165 3521 2559 3591 Corbeiensis

226 3638 587 3723 aecclesiae,
632 3640 809 3707 cuins
852 3640 989 3726 ipse
1031 3638 1199 3706 filius
1245 3645 1342 3706 est
1379 3644 1443 3705 et
1483 3639 1826 3724 professus,
1873 3638 2133 3726 speciali
2175 3639 2557 3708 confusione.

224 3754 411 3824 Hanc
453 3760 660 3823 autem
706 3755 1070 3823 violentiam
1110 3776 1417 3841 personae
1474 3755 1607 3823 eius
1649 3755 1994 3840 irrogatam
2039 3757 2107 3823 in
2152 3757 2408 3824 auribus
2452 3777 2560 3825 ve-

224 3878 399 3940 strae
443 3872 794 3939 sanctitatis
840 3876 906 3939 et
949 3871 1229 3939 omnium
1270 3872 1558 3956 fratrum,
1603 3871 2054 3940 venerabilium
2091 3872 2330 3940 scilicet
2373 3873 2559 3940 coab-

221 3988 447 4056 batum
490 3994 849 4056 nostrorum
893 4007 1009 4054 nec
1051 4007 1179 4054 non
1221 3989 1677 4072 universorum,
1733 3989 1841 4074 qui
1884 3990 1952 4055 in
1997 3993 2215 4055 saneta
2256 3987 2559 4072 religione

223 4104 609 4188 consistunt,
669 4124 811 4172 cum
854 4102 1244 4171 lamentabili
1289 4109 1354 4172 et
1397 4102 1734 4172 affectuosa
1777 4106 2168 4192 querimonia
2209 4103 2557 4191 proclamar-

221 4241 398 4288 mus:
447 4220 614 4306 quod
657 4220 794 4288 sine
837 4219 1181 4303 vocatione,
1227 4220 1364 4288 sine
1397 4220 1649 4306 iudicio,
1696 4222 1833 4289 sine
1863 4221 2200 4305 audientia,
2245 4201 2381 4287 sine
2409 4240 2556 4307 pro-

221 4338 354 4425 prii
398 4336 525 4404 oris
571 4337 991 4420 confessione,
1047 4336 1351 4420 dignitate
1395 4342 1460 4404 et
1513 4338 1700 4406 rebus
1746 4338 2033 4412 abbatiae
2077 4356 2228 4404 suae
2269 4337 2557 4424 privatus

222 4458 345 4538 est,
391 4473 592 4539 neque
635 4473 752 4540 per
794 4457 1076 4520 nostram
1109 4439 1631 4540 supplicationem
1659 4459 1769 4520 aut
1797 4453 2190 4522 Corbeiensis
2222 4452 2557 4526 aecclesiae

220 4590 340 4639 seu
384 4568 645 4637 alicuius
690 4569 929 4650 ordinis
959 4574 1068 4637 aut
1096 4570 1421 4657 dignitatis
1450 4570 1961 4641 intercessionem
2003 4570 2294 4659 posthoc
2320 4570 2556 4640 factum
