3319 5242
984 470 1282 518 wmALm
1323 469 1653 518 amsa-om
1697 468 1802 516 ιω.
2440 450 2568 516 241

260 615 691 678 sacramentum
746 611 1048 696 adiurati,
1106 613 1423 697 venimus,
1481 612 1622 698 plus
1682 616 1940 695 cogente
1986 609 2107 676 Dei
2160 609 2572 677 ordinationis
2608 612 2803 733 01024‘131

258 726 491 793 articulo
548 749 709 813 quae
763 729 831 793 in
888 749 996 795 ore
1048 749 1377 796 servorum
1433 748 1692 795 suorum
1751 732 2079 809 sonuerat,
2136 746 2326 811 quam
2371 726 2573 813 inpel-
2707 721 2718 732 ’

254 841 397 909 lente
438 844 650 928 regiae
694 844 1043 911 maiestatis
1075 850 1141 912 et
1169 845 1441 912 offensae
1470 844 1824 911 formidine.
1893 842 2283 930 Consumpta
2313 847 2411 909 est
2440 843 2574 909 dies

252 954 377 1024 illa¹
402 960 467 1025 in
513 960 840 1046 utriusque
882 962 1085 1048 partis
1132 961 1630 1046 allegationibus.
1701 959 1787 1026 Et
1832 959 2246 1045 querebamus
2288 960 2356 1025 in
2391 959 2574 1026 domo

252 1077 407 1159 regia
458 1076 905 1143 intercessores
920 1127 940 1161 ,
997 1077 1105 1162 qui
1163 1082 1349 1144 antea
1401 1098 1515 1163 pro
1561 1076 1778 1143 multis
1828 1076 2019 1142 etiam
2065 1076 2380 1142 damnatis
2427 1096 2576 1162 sepe

230 2704 403 2788 poris
461 2725 588 2772 nec
645 2706 948 2792 epistolae
994 2706 1270 2773 brevitas
1316 2707 1520 2794 possit
1564 2708 2132 2795 comprehendere?
2201 2707 2274 2774 In
2322 2728 2427 2774 eas
2473 2727 2585 2772 an-

227 2821 475 2902 gustias
528 2822 801 2906 quadam
834 2842 1047 2888 rerum
1078 2825 1450 2890 necessitate
1497 2824 1738 2890 detrusi
1784 2838 2021 2909 summ,
2068 2829 2159 2908 ut„
2204 2823 2259 2890 si
2289 2823 2585 2890 receden-

231 2935 378 3002 dum
437 2939 641 3022 foret,
703 2938 1003 3006 offensam
1059 2944 1123 3005 et
1175 2939 1677 3023 indignationem
1729 2940 1970 3024 regiam
2015 2942 2475 3007 incurreremus
2522 2944 2585 3005 et

228 3051 684 3121 corbeiensem
744 3055 1111 3121 aecclesiam
1157 3055 1273 3122 sub
1317 3076 1585 3139 magnae
1632 3057 2014 3124 confusionis
2062 3063 2126 3122 et
2167 3057 2387 3122 ruinae
2434 3056 2587 3121 arti-

227 3167 365 3235 culo
414 3170 942 3256 relinqueremus.
1015 3170 1278 3238 Turbati
1325 3192 1472 3255 ergo
1520 3178 1583 3239 et
1626 3174 1849 3259 inopes
1894 3174 2047 3239 facti
2089 3174 2284 3239 totius
2320 3171 2587 3255 consilii,

226 3303 369 3351 cum
427 3288 723 3353 maxima
774 3288 1176 3354 lacrimarum
1232 3293 1295 3355 et
1339 3288 1729 3372 singultuum
1774 3289 2233 3377 interruptione
2279 3286 2589 3355 defensio-

224 3420 371 3468 nem
429 3423 669 3469 causae
725 3409 979 3471 nostrae
1034 3405 1402 3490 reliquimus
1419 3455 1438 3489 ‚
1500 3405 1718 3471 domni
1760 3406 1928 3489 regis
1975 3406 2235 3473 arbitrio
2282 3406 2374 3471 rei
2419 3425 2590 3470 sum-

225 3536 400 3585 mam
452 3525 526 3587 et
570 3521 912 3586 terminum
954 3521 1440 3604 committentes,
1488 3542 1565 3587 ea
1608 3525 1822 3587 tamen
1866 3522 2301 3609 providentiae
2346 3522 2591 3587 ratione

224 3637 657 3720 considerata,
706 3643 776 3703 ut
820 3641 970 3702 tunc
1013 3637 1190 3721 regia
1235 3636 1648 3703 mansuetudo
1697 3644 2025 3721 cogeretur
2060 3659 2098 3704 a
2128 3639 2452 3726 proposito
2484 3638 2592 3704 de-

221 3750 494 3837 clinare,
549 3772 693 3819 cum
738 3773 852 3818 nos
900 3758 963 3819 et
1006 3752 1307 3820 honorem
1351 3760 1640 3821 nostrum
1688 3774 1760 3820 ac
1804 3755 2040 3820 famam
2086 3776 2236 3821 suae
2281 3754 2429 3821 fidei
2461 3760 2592 3820 tra-

224 3867 640 3935 didissemus.
714 3868 948 3935 Verum
992 3870 1149 3956 ipse,
1198 3872 1264 3936 in
1310 3871 1410 3937 sui
1455 3871 1756 3957 promissi
1801 3871 2146 3937 stabilitate
2180 3890 2591 3958 perseverans

222 3991 285 4050 et
327 3992 676 4072 tamquam
724 3986 802 4051 de
849 4007 998 4053 suae
1045 3986 1385 4054 voluntatis
1427 4007 1727 4073 processu
1759 3988 1985 4074 adepto
2017 3987 2435 4075 triumphans,
2482 4006 2591 4052 vo-

221 4102 381 4169 catis
434 4102 930 4169 Corbeiensibus
976 4104 1283 4189 nobisque
1325 4104 1713 4189 tacentibuS‚
1760 4125 1876 4170 nos
1921 4125 2096 4171 more
2143 4103 2431 4171 sollemni
2475 4124 2592 4190 pu·
2625 4115 2735 4165 Dec.
2767 4116 2826 4163 12

222 4216 386 4285 blice
451 4219 545 4285 de
590 4217 845 4285 abbatia
889 4218 1251 4286 Corbeiensi
1295 4217 1675 4286 investivit².
1748 4220 2070 4287 Induimus
2114 4222 2350 4289 ibidem
2397 4241 2592 4306 quan-

221 4332 369 4400 dam
416 4333 734 4401 firmioris
780 4335 976 4401 animi
1021 4337 1459 4420 constantiam,
1508 4357 1843 4423 personam
1878 4339 2054 4423 prius
2086 4342 2150 4404 et
2177 4358 2314 4404 rem
2344 4356 2592 4404 omnem

365 4494 417 4547 1.
466 4491 615 4547 Dec.
644 4492 728 4547 11.
870 4495 924 4548 2.
962 4492 1283 4549 Wibaldum
1308 4493 1400 4548 die
1426 4496 1493 4548 12
1530 4493 1856 4549 Decembris
1884 4494 2019 4548 1146
2045 4494 2101 4548 in
2125 4495 2261 4550 villa
2282 4494 2589 4550 Weinheim

220 4576 571 4636 investitum
607 4596 748 4649 esse,
784 4581 960 4651 liquet
994 4599 1063 4637 ex
1100 4584 1259 4639 Notis
1296 4582 1717 4640 stabulensibus
1753 4600 1921 4652 supra
1954 4600 2008 4653 p.
2036 4584 2122 4639 75.

303 4677 481 4731 luri.
521 4680 809 4725 Bibliotheca
839 4682 873 4725 1.
2101 4684 2166 4738 16
