3319 5242
730 408 859 475 328
1395 423 1695 471 wmALm
1736 421 2111 470 nmsromm
2151 420 2260 469 eos.
2295 421 2403 469 noo.

518 572 698 630 1149?
728 564 1097 635 transitoria
1140 564 1394 634 solliciti
1440 572 1609 652 sunt,
1656 570 1722 633 et
1764 569 2148 650 congregant
2190 569 2264 632 ut
2306 564 2675 653 dispergant
2719 569 2786 633 et
2827 563 3055 652 disper-

729 691 888 771 gunt
913 689 988 750 ut
1017 689 1414 768 congregent.
1472 681 1720 750 Ludum
1752 682 1923 770 pilae
1950 683 2229 749 maxime
2256 682 2608 768 imitantur,
2643 683 2756 751 ubi
2784 682 3059 749 ludentes

731 806 796 869 et
851 821 994 868 cum
1051 801 1350 868 aviditate
1407 803 1667 867 sumunt
1711 804 1775 867 et
1818 820 1962 866 cum
2006 798 2329 867 celeritate
2371 799 2674 882 reiciunt3
2732 800 2828 866 ita
2868 818 3061 885 neque

727 918 795 984 in
840 917 1145 1004 capiendo
1189 937 1392 1004 neque
1435 918 1504 983 in
1547 916 1927 983 remittendo
1968 916 2228 983 modum
2256 915 2507 983 habent.
2576 916 2858 995 Quorum
2885 915 3062 983 disci-

728 1034 1001 1123 plinam,
1062 1034 1118 1100 si
1171 1054 1288 1100 nos
1345 1033 1588 1118 diligis,
1646 1033 1799 1100 licet
1853 1034 1933 1100 ab
1986 1032 2272 1120 inprobis
2329 1032 2716 1101 secularibus
2760 1033 3062 1116 laudem,

729 1156 1030 1237 tanquam
1073 1171 1385 1218 venenum
1432 1155 1496 1216 et
1537 1153 1810 1216 mortem
1856 1150 2103 1218 animae
2149 1149 2474 1218 devitabis.
2620 1149 2912 1217 Misimus
2955 1149 3064 1215 tibi

728 1288 844 1356 pro
891 1268 1296 1335 monimentis
1342 1266 1650 1333 librorum
1694 1271 2050 1333 vestrorum
2095 1265 2431 1351 Origenem
2472 1267 2542 1333 111
2586 1267 2835 1334 cantica
2878 1266 3068 1333 canti-

729 1405 979 1469 corum,
1038 1387 1102 1451 et
1155 1403 1272 1470 pro
1317 1381 1608 1466 Aggellio
1652 1382 1947 1449 Noctium
1993 1383 2382 1470 Atticarum,
2441 1404 2631 1470 quem
2687 1383 2770 1452 ad
2814 1403 3067 1471 presens

728 1501 964 1568 habere
1007 1520 1406 1586 nequaquam
1450 1500 1772 1586 potuimus
1785 1549 1803 1584 ,
1861 1499 2095 1567 librum
2111 1496 2148 1586 ¹,
2208 1522 2394 1588 quem
2439 1499 2639 1569 Grece
2685 1499 3066 1586 Stratagem-

730 1623 946 1686 maton
990 1621 1239 1699 vocant,
1287 1615 1455 1701 quod
1497 1615 1775 1683 militare
1821 1622 1935 1684 est.

737 1847 914 1919 209.
961 1848 1233 1930 Quidam
1255 1848 1537 1915 wibaldo
1563 1850 1641 1915 de
1665 1851 1794 1915 eius
1813 1851 1883 1915 in
1903 1874 1969 1916 se
1991 1851 2301 1942 beneficiis
2317 1861 2497 1937 yrate
2517 1851 2741 1918 scribit„
2774 1847 3070 1932 (M.207.)

515 1997 698 2056 1149?
911 1982 1186 2050 Domino
1233 2002 1345 2049 suo
1393 1982 1802 2050 dilectissimo
1830 1981 2172 2068 W(ibaldo)
2229 1984 2336 2051 ille
2382 2004 2564 2068 suus,
2612 1984 2915 2070 quicquid
2959 1983 3074 2051 dici

735 2099 908 2166 credi
950 2096 1055 2166 vel
1099 2119 1236 2166 esse
1280 2103 1491 2187 potest
1533 2099 1798 2168 felicius.
2374 2091 2377 2094 ’

914 2213 1163 2283 Salutat
1204 2237 1317 2282 vos
1362 2215 1469 2283 ille
1498 2222 1707 2284 vester
1741 2237 1961 2284 servus
1996 2238 2076 2285 ex
2104 2216 2328 2283 intimo
2360 2215 2567 2283 cordis
2598 2214 2845 2303 affectu,
2892 2238 3073 2304 quem

736 2353 1002 2419 egenum
1047 2332 1125 2400 de
1168 2331 1429 2420 pulvere
1461 2334 1783 2416 erexistis3
1831 2334 1940 2420 qui
1970 2334 2182 2419 etiam,
2229 2332 2439 2421 sepius
2483 2338 2771 2420 tempore
2808 2333 3075 2402 necessi-

735 2451 886 2518 tatis
919 2450 1405 2518 benivolentiam
1444 2456 1724 2518 vestram
1754 2455 2074 2538 expertus,
2118 2471 2246 2516 non
2276 2451 2609 2518 immemor
2638 2449 3076 2518 beneficiorum

738 2572 1090 2636 vestrorum
1137 2587 1276 2635 esse
1320 2568 1496 2656 cupit
1538 2587 1654 2636 nec
1698 2569 2004 2665 ingratus.
2076 2565 2238 2635 Sunt
2283 2567 2452 2634 enim
2492 2568 2672 2654 quasi
2703 2566 2848 2635 stilo
2877 2567 3075 2636 ferreo

737 2706 929 2772 super
983 2684 1384 2752 latitudinem
1442 2686 1648 2752 cordis
1708 2686 1841 2753 eius
1898 2691 2187 2769 exarata,
2245 2706 2328 2752 ne
2382 2706 2663 2771 unquam
2714 2685 3078 2753 aboleantur

738 2801 953 2889 aliqua
1018 2806 1328 2870 vetustate
1387 2808 1497 2868 aut
1550 2822 1764 2869 rerum
1818 2802 1993 2885 varie
2050 2802 2517 2869 succedentium
2570 2802 2673 2869 vel
2726 2807 3077 2890 temporum

739 2917 1179 2985 mutabilitate.
1252 2918 1389 2985 Scit
1444 2919 1642 3003 enim,
1704 2940 1892 3005 quem
1944 2917 2162 2986 fallere
2217 2939 2403 2986 nemo
2447 2924 2687 3007 potest,
2745 2924 3078 3005 quantum·

740 3055 852 3102 vos
918 3033 1186 3101 habeam
1253 3035 1320 3101 in
1383 3035 1729 3102 visceribus
1786 3034 1928 3102 Iesu
1989 3035 2255 3120 Christi,
2320 3055 2510 3121 quam
2564 3036 2747 3103 unice
2803 3035 3078 3121 diligam,

742 3171 932 3239 quam
974 3151 1197 3218 intime
1241 3152 1494 3239 cupiam
1522 3158 1768 3238 cuncta,
1816 3173 1977 3239 quae
2014 3152 2095 3217 ad
2123 3151 2426 3218 honorem
2454 3157 2736 3219 vestrum
2766 3157 3079 3240 spectant;

740 3288 859 3335 nec
913 3268 1286 3334 memoriam
1338 3269 1536 3335 vestri
1589 3268 1671 3336 de
1716 3273 1977 3335 caetero
2008 3268 2372 3335 oblitterare
2415 3269 2655 3356 poterit
2697 3268 2798 3335 vel
2843 3274 3079 3356 tempo-

740 3405 886 3451 rum
929 3383 1264 3472 prolixitas
1310 3384 1411 3452 vel
1450 3385 1732 3453 locorum
1767 3384 2215 3471 longinquitas.
2283 3384 2545 3470 Recolit,
2590 3385 2863 3470 domine,
2910 3406 3078 3467 mens

743 3522 904 3587 mea,
950 3505 1241 3568 versatur
1283 3503 1501 3569 crebro
1530 3502 1596 3568 in
1630 3507 1813 3568 antro
1843 3500 2051 3568 cordis
2082 3501 2227 3586 mei,
2275 3501 2574 3589 quoniam
2604 3538 2687 3548 —-
2719 3500 2834 3568 filii
2864 3500 3078 3585 Belial,

743 3616 860 3683 filii
902 3617 1279 3703 iniquitatis,
1323 3617 1441 3685 fflii
1487 3640 1642 3706 quos
1689 3619 2037 3686 detestatur
2082 3618 2295 3685 anima
2337 3638 2499 3704 mea,
2546 3618 2654 3705 qui
2700 3619 2915 3705 sepius
2955 3619 3078 3685 ine-

744 3734 936 3801 briati
992 3738 1139 3799 sunt
1194 3735 1499 3819 sanguine
1554 3756 1695 3803 meo
1756 3740 1819 3801 et
1877 3734 2091 3802 satiati
2136 3735 2427 3802 carnibus
2473 3735 2664 3820 meis,
2723 3735 2849 3801 nisi
2896 3735 3077 3803 obsti-

747 3850 995 3935 tissent,
1040 3850 1165 3916 nisi
1212 3851 1251 3918 a
1293 3872 1395 3919 me
1440 3852 1690 3919 infelice
1735 3873 1846 3919 vos
1892 3851 2094 3936 magis
2138 3851 2445 3918 invidiose
2493 3872 2680 3938 quam
2713 3852 2881 3921 iuste
2913 3874 3077 3920 aver-

747 3967 973 4034 tissent
1004 4004 1088 4013 —
1119 3965 1467 4052 longiorem
1511 3968 1581 4033 in
1627 3974 1964 4055 conspectu
2019 3968 2260 4052 gratiae
2303 3972 2552 4036 vestrae
2592 3968 3077 4036 misericordiam

747 4084 1147 4152 invenissem.
1220 4084 1333 4151 Set
1386 4084 1542 4151 haec
1599 4085 1812 4150 omnia
1867 4086 1936 4151 in
1979 4106 2171 4152 manu
2213 4085 2336 4153 Dei
2381 4085 2651 4153 viventis
2697 4085 3076 4168 commendo,

749 4203 859 4289 qui
902 4202 1123 4270 reddet
1165 4182 1505 4287 unicuique
1547 4201 1731 4267 iuxta
1776 4200 2283 4269 adinventionem
2325 4202 2574 4269 viarum
2618 4223 2896 4269 suarum.
2965 4201 3076 4269 Ob-

750 4339 923 4387 secro
971 4323 1183 4385 autem
1227 4318 1503 4406 profuse,
1558 4337 1639 4384 ne
1684 4317 1963 4402 graviter
2008 4318 2355 4407 accipiatis,
2413 4341 2534 4406 (1116
2578 4320 2742 4406 (1166,
2795 4320 3076 4406 quoniam

895 4473 936 4507 a.
981 4464 1179 4523 seqndtzae
1209 4464 1362 4508 ἰέσνιιηι
1393 4465 1441 4509 in
1472 4462 1575 4509 cod.
1609 4459 1767 4507 fallere
1796 4464 1931 4510 nemo
1959 4464 2129 4522 potest,
2160 4464 2391 4524 quantum.

895 4548 945 4603 1.
993 4548 1090 4618 qui
1125 4548 1390 4604 Frontino
1424 4546 1654 4604 attribui
1690 4546 1852 4605 solet.
