3319 5242
708 442 835 509 162
1364 431 1369 435 ⁴
1404 461 1703 508 wmsnm
1745 459 2119 508 amsi-omn
2158 458 2233 505 ss.
2266 458 2341 506 ss.

527 608 666 662 1148
703 602 851 686 erit,
908 601 1029 667 hoc
1071 602 1187 669 sub
1229 606 1404 669 tanto
1450 602 1848 669 discretionis
1893 601 2319 669 moderamine
2361 600 2638 683 facietis,
2691 603 2764 666 ut
2808 603 2875 666 et
2919 594 3046 666 ele-

544 685 652 743 Apr‘
702 719 976 783 mentiae
1033 723 1280 784 vestrae
1336 719 1614 785 studium
1670 719 1839 784 circa
1888 723 2131 785 vestros
2173 716 2426 784 laudem
2474 722 2790 782 mereatur
2836 720 2903 782 et
2943 716 3044 781 in·

700 834 1055 920 portunitas
1101 832 1402 901 offensam
1449 854 1577 900 non
1620 836 1921 900 incurrat.
1994 835 2312 900 Timemus
2357 853 2648 917 namque,
2694 852 2777 898 ne
2819 832 2890 897 in
2920 831 3047 897 Ro-

700 970 953 1015 manam
999 949 1326 1017 ecclesiam
1373 950 1727 1036 aliquorum
1774 951 2172 1033 suggestione
2218 949 2595 1035 inpingatis3
2655 968 2815 1033 quae
2860 948 3045 1014 vobis

700 1086 838 1133 esse
901 1072 1112 1153 potest
1166 1066 1330 1153 lapis
1389 1065 1751 1133 offensionis
1806 1070 1873 1133 et
1929 1070 2110 1152 petra
2164 1063 2463 1132 scandali.
2641 1063 2730 1130 Et
2782 1065 2904 1130 hoc
2963 1064 3045 1130 ad

697 1187 974 1249 vestram
1033 1183 1549 1250 ammonitionem
1606 1182 1969 1268 putavimus
2025 1200 2163 1247 esse
2215 1178 2643 1263 adiciendum,
2701 1200 2782 1247 ne
2828 1180 2934 1247 vel
2977 1180 3045 1246 in

699 1296 995 1365 Sueviam
1037 1298 1140 1366 vel
1183 1299 1253 1365 in
1298 1298 1640 1364 Saxoniam
1686 1295 1787 1370 vel
1831 1298 1900 1363 in
1928 1295 2407 1381 Lotharingiam
2455 1297 2714 1380 exeatis,
2759 1295 2888 1362 nisi
2933 1317 3047 1363 vo-

696 1419 872 1482 catus
921 1415 960 1481 a
1002 1414 1393 1501 principibus
1453 1414 1533 1481 ob
1586 1413 1864 1500 aliquam
1910 1435 2048 1482 rem
2090 1414 2460 1501 precipuam
2506 1417 2572 1478 et
2614 1417 2828 1479 notam
2843 1461 2864 1496 ‚
2924 1412 3046 1478 sub

694 1530 872 1597 brevi
899 1536 1184 1618 tempore
1212 1529 1695 1597 terminandam.
1743 1531 2136 1619 Expectatur
2165 1530 2334 1597 enim
2364 1528 2568 1595 adhuc
2597 1534 2778 1615 pater
2808 1534 3044 1611 vester,

696 1647 873 1731 regni
930 1646 1221 1714 dominus
1283 1650 1346 1714 et
1398 1666 1662 1733 parens,
1722 1666 1797 1713 ac
1848 1647 1926 1714 de
1969 1646 2143 1712 facili
2186 1645 2457 1733 possetis
2501 1645 2572 1709 in
2617 1643 2897 1729 aliquam
2941 1665 3045 1712 re-

692 1762 1174 1849 prehensionem
1218 1762 1525 1846 incidere,
1572 1763 1910 1850 presertim
1957 1762 2036 1829 ab
2081 1762 2180 1828 his
2193 1813 2212 1846 ,
2260 1762 2367 1848 qui
2410 1760 2624 1827 debita
2666 1780 2862 1844 regno
2908 1781 3047 1827 ser-

690 1879 850 1944 vitia
896 1878 1081 1945 inviti
1127 1885 1191 1945 et
1236 1879 1417 1963 quasi
1462 1879 1661 1945 coacti
1701 1885 1989 1965 prestare
2020 1881 2497 1945 consueverunt.
2569 1875 2654 1942 Et
2683 1875 2912 1943 melius
2948 1882 3049 1944 est

690 2013 921 2061 nomen
965 1995 1198 2062 bonum
1245 2014 1436 2079 quam
1483 1994 1748 2061 divitiae
1785 1994 2023 2062 multae
2041 1990 2074 2060 ¹.

694 2238 817 2311 89.
865 2244 1179 2310 Wibaldus
1208 2243 1496 2331 Euqenio
1526 2245 1640 2310 III
1658 2266 1878 2331 papae
1924 2245 2001 2309 de
2042 2246 2361 2331 superiore
2403 2266 2520 2308 sua
2561 2243 2649 2306 ad
2672 2241 3047 2309 Helm-ioum

867 2384 1077 2448 reyem
1131 2363 1390 2446 apestola
1433 2362 1762 2451 siqnificat·
1839 2361 1944 2425 De
1985 2363 2263 2426 restincta
2309 2360 2440 2424 eius
2481 2360 2744 2424 sanitate
2784 2363 3045 2445 qaudei.

2714 2470 2824 2554 (M.
2864 2477 2896 2538 1
2911 2475 3048 2556 12.)

513 2599 653 2654 1148
870 2588 1398 2659 Reverentissimo
1455 2590 1626 2678 patri
1684 2610 1797 2657 suo
1844 2594 1909 2657 et
1953 2589 2205 2657 domino
2251 2588 2583 2674 E(ugenio)
2629 2588 2740 2655 uni
2787 2594 2852 2655 et
2897 2591 3049 2657 uni-

527 2675 637 2732 Apr'
687 2706 917 2771 versali
974 2706 1256 2793 pontifici
1314 2708 1512 2775 frater
1547 2706 1928 2789 W(ibaldus)
1973 2707 2094 2773 Dei
2141 2707 2349 2791 gratia
2394 2712 2459 2773 et
2499 2712 2713 2772 vestra
2755 2705 2821 2771 id
2869 2708 3052 2791 quod

688 2826 784 2887 est
829 2822 897 2887 in
944 2821 1245 2889 aecclesia
1290 2823 1629 2906 catholica,
1691 2823 2090 2890 dilectionem
2133 2828 2206 2888 ut
2248 2822 2450 2909 patri,
2506 2821 2932 2889 obedientiam
2981 2830 3065 2905 et⁴

688 2938 1017 3005 servitium
1061 2944 1134 3005 ut
1178 2939 1452 3006 domino.

864 3054 1005 3120 Non
1061 3075 1278 3121 sumus
1332 3056 1713 3122 inmemores
1770 3053 2193 3121 multitudinis
2248 3054 2719 3121 misericordiae
2762 3060 3048 3140 vestrae,

686 3190 873 3254 quam
889 3181 908 3205 ·
961 3176 1216 3237 nostrae
1271 3173 1573 3258 parvitati
1631 3172 1699 3237 in
1755 3171 1977 3237 sinodo
2035 3170 2329 3236 Remensi
2386 3169 2681 3237 exhibere
2735 3171 3048 3255 dignatus

686 3288 837 3352 estis
854 3336 873 3369 ,
921 3291 983 3352 et
1028 3288 1327 3373 precipue
1372 3288 1440 3353 in
1487 3308 1678 3354 causa
1719 3286 2149 3371 Fuldensium‚
2199 3306 2388 3371 quam
2431 3306 2548 3372 pro
2591 3288 2875 3353 maxima
2917 3288 3049 3355 hu-

683 3402 982 3484 militate,
1041 3424 1167 3487 qua
1222 3422 1472 3469 sacrum
1526 3408 1746 3490 pectus
1791 3409 2072 3470 vestrum
2117 3402 2253 3468 Deo
2312 3402 2663 3489 inspirante
2713 3404 3048 3490 preditum

687 3524 811 3600 est,
860 3516 1121 3583 consilio
1166 3518 1496 3585 nobiscum
1541 3520 2003 3586 communicare
2047 3518 2305 3606 placuit.
2386 3517 2473 3584 Et
2518 3538 2633 3584 nos
2647 3518 2672 3555 '²
2718 3521 3046 3605 equidem,

685 3634 850 3700 sicut
894 3653 1037 3699 cum
1079 3639 1292 3700 vestra
1336 3634 1707 3703 celsitudine
1753 3636 2170 3720 condiximus,
2217 3634 2472 3701 solliciti
2501 3635 2756 3720 fuimus,
2800 3656 2883 3703 ne
2912 3637 3044 3704 ali·

685 3750 826 3833 quis
882 3755 1144 3835 propter
1187 3755 1465 3817 vestram
1521 3752 1866 3819 iussionem
1922 3756 2131 3818 motus
2176 3751 2390 3837 fieret,
2448 3771 2646 3838 usque
2693 3751 2880 3835 adeo,
2938 3759 3045 3839 ut,

493 3888 601 3946 Apr.
619 3888 646 3933 s
685 3884 828 3932 cum
888 3866 964 3931 de
1019 3866 1310 3932 facienda
1365 3866 1666 3935 electione
1712 3867 1763 3934 F
1765 3869 2011 3935 uldensi
2054 3873 2423 3955 preceptum
2467 3872 2750 3935 vestrum
2794 3870 2835 3935 6
2883 3868 3047 3937 Idus

682 3980 927 4067 Aprilis
960 3980 1184 4049 Remis
1233 3984 1449 4050 datum
1494 3985 1599 4068 sit,
1649 3985 1939 4051 dominus
1983 3989 2197 4051 noster
2242 3985 2448 4051 iunior
2492 4006 2607 4052 rex
2650 3984 2931 4051 litteras’
2964 3987 3048 4053 in

461 4109 569 4168 Apr.
588 4107 647 4155 15
683 4102 891 4163 castro
921 4097 1369 4183 Nuremberch‚
1418 4102 1585 4186 quod
1621 4101 1814 4168 estin
1850 4100 2159 4187 Bawaria,
2213 4104 2291 4167 17
2325 4100 2463 4167 Kal.
2497 4100 2651 4167 Maii
2696 4103 3043 4187 acceperit.

682 4213 753 4279 In
800 4214 1024 4298 quibus
1073 4237 1263 4301 quam
1308 4216 1574 4284 sollicite
1620 4238 1811 4302 quam
1854 4218 2165 4284 instanter
2210 4237 2354 4283 eum
2397 4218 2919 4304 premunierimus
2958 4240 3051 4286 ac

680 4332 1222 4417 premonuerimus
1236 4381 1257 4415 ‚
1326 4333 1394 4398 in
1450 4333 1738 4420 exemplo
1795 4327 2188 4400 litterarum'
2242 4332 2366 4400 sibi
2419 4334 2758 4401 missarum
2771 4383 2790 4418 ‚
2858 4336 3050 4418 quod

824 4487 863 4519 a.
906 4486 995 4532 qua
1026 4492 1063 4518 c.
1187 4474 1233 4519 b.
1276 4488 1362 4520 uos
1396 4493 1435 4519 c.
1559 4488 1600 4520 c.
1644 4477 1826 4521 nostras
1857 4475 2083 4522 eccidisse
2112 4476 2301 4523 videaur.

824 4561 873 4615 1.
909 4559 1169 4616 Proverb.
1197 4560 1284 4628 22,
1312 4562 1363 4613 1.
1507 4562 1559 4615 2.
1597 4575 1686 4629 ep.
1712 4561 1783 4616 88
1819 4576 1985 4631 supra
2020 4576 2077 4630 p.
2108 4563 2226 4617 161.
