3319 5242
702 391 787 458 37
792 392 834 458 6
1373 408 1673 454 wmsnnr
1715 405 2091 454 nrrs'ronan
2118 404 2236 452 251.
2268 404 2377 451 252.

503 557 642 611 1150
881 549 1042 616 Item
1096 550 1289 636 petit,
1357 554 1430 614 ut
1486 549 1716 615 domno
1771 548 2145 631 H(artwico)
2200 545 2528 614 Bremensi
2583 546 3033 635 archiepiscopo

481 633 670 753 sfftso
704 667 1036 749 scribatur,
1084 668 1376 751 quatinus
1406 665 1630 752 predia
1657 664 2126 732 Kaminatensis
2157 664 2437 748 ecclesie,
2484 685 2605 749 que
2636 665 2703 730 in
2736 670 3036 731 terra-sua

704 788 881 866 sunt,
943 783 1234 849 abbatem
1291 783 1564 849 retinere
1622 782 1906 865 adiuvet,
1968 787 2032 847 et
2085 801 2192 847 eas
2247 781 2547 867 precipue
2599 782 3034 867 possessionen,

704 919 858 985 quas
898 898 1147 965 Iuditha
1193 898 1512 966 abbatissa
1553 903 1700 984 post
1746 897 2201 985 depositionem
2248 918 2429 963 suam
2473 896 2799 980 alienavit3
2846 902 2911 963 et
2949 897 3036 962 in-

703 1035 977 1100 vasores,
1024 1015 1149 1081 nisi
1193 1016 1362 1081 infra
1404 1015 1669 1098 triginta
1712 1014 1847 1080 dies
1882 1020 2029 1099 post
2058 1019 2348 1101 acceptas
2378 1014 2622 1081 litteras
2651 1014 3036 1100 resipiscant,

704 1132 1219 1201 excommunicet.

879 1246 1038 1313 Item
1103 1247 1296 1333 petit,
1365 1252 1438 1312 ut
1503 1248 1571 1312 in
1628 1246 1896 1313 eundem
1952 1246 2210 1313 modum
2266 1246 2579 1313 scribatur
2634 1246 3037 1329 H(ermanno)

702 1363 1005 1430 Ferdensi
1049 1363 1362 1450 episcopo.

881 1479 1039 1546 Item
1069 1479 1251 1565 petit,
1292 1483 1367 1544 ut
1395 1479 1541 1545 duci
1573 1477 1846 1546 Saxonis
1864 1475 1879 1505 ¹
1911 1479 1981 1545 in
2011 1478 2274 1545 eandem
2304 1478 2690 1544 sentenciam
2720 1477 3040 1544 scribatur.

880 1595 1039 1662 Item
1094 1596 1285 1681 petit,
1341 1599 1414 1661 ut
1460 1600 1591 1661 tam
1648 1594 2009 1662 Coloniensi
2061 1586 2529 1682 archiepiscopo
2542 1590 2565 1623 ²
2622 1616 2814 1681 quam
2871 1594 3042 1661 Colo-
3110 1580 3117 1588 ⁵

702 1711 911 1778 niensi
954 1709 1292 1777 aecclesiae
1336 1711 1622 1794 districte
1683 1716 1746 1779 et
1800 1712 1955 1778 dure
2000 1711 2311 1778 scribatur
2356 1711 2436 1777 de
2479 1711 2692 1778 Iudiht
2733 1712 3047 1779 abbatissa

704 1828 782 1894 de
812 1826 1021 1893 Iesika
1049 1862 1133 1872 —-
1167 1847 1288 1911 que
1333 1826 1597 1894 ecclesia
1641 1832 1740 1894 est
1782 1828 1852 1893 in
1892 1827 2086 1893 fundo
2119 1833 2184 1895 et
2212 1827 2546 1914 parrochia
2573 1827 2931 1895 Coloniensi
2962 1864 3041 1874 —

666 1982 674 1991 ·
706 1963 865 2029 quae
911 1963 1039 2009 non
1085 1942 1288 2009 solum
1334 1942 1548 2010 clausa
1593 1949 1658 2010 et
1702 1948 1983 2010 correcta
2024 1964 2153 2010 non
2197 1950 2314 2028 est,
2362 1949 2461 2010 set
2488 1944 2678 2011 etiam
2708 1966 2824 2032 per
2852 1950 3043 2011 totam

705 2065 941 2126 terram
1010 2079 1154 2126 cum
1209 2060 1340 2126 suis
1397 2060 1869 2147 corruptoribus
1924 2059 2177 2143 volitat,
2246 2066 2311 2126 et
2361 2060 2528 2128 bona
2582 2060 3043 2128 Kaminatensis

707 2176 1044 2244 aecclesiae
1058 2187 1100 2262 ⁸,
1155 2196 1194 2242 a
1239 2197 1362 2262 qua
1404 2197 1520 2263 per
1565 2177 1729 2243 bone
1770 2177 2075 2243 memorie
2119 2176 2425 2243 Thomam
2469 2177 2853 2244 cardinalem
2897 2198 3041 2264 apo·

707 2293 924 2361 stolice
981 2293 1148 2360 sedis
1205 2293 1484 2377 legatum
1542 2292 1830 2378 deposita
1871 2293 2025 2377 fuit,
2086 2299 2150 2358 et
2194 2294 2513 2359 sentencia
2555 2293 2964 2379 depositionis
3005 2316 3043 2359 a

706 2410 933 2476 domno
988 2430 1158 2497 papa
1200 2411 1269 2475 in
1314 2410 1535 2475 sinodo
1579 2407 1876 2475 Remensi
1922 2408 2308 2475 confirmata.
2378 2409 2572 2493 Quae,
2616 2410 2746 2476 nisi
2791 2415 2899 2477 aut
2940 2411 3040 2476 de-

704 2526 915 2613 posita
960 2531 1070 2593 aut
1115 2524 1691 2593 excommunicata*
1736 2526 1946 2610 fuerit,
1990 2526 2166 2592 nullo
2211 2526 2396 2593 modo
2412 2537 2433 2563 ⁰
2479 2531 2801 2593 cessatura
2844 2532 2955 2593 est.

711 2766 886 2837 252.
925 2767 1240 2833 Wibaldus
1289 2768 1565 2833 Gnidom'
1611 2769 1771 2833 diac.
1806 2768 1975 2832 card.
2010 2768 2078 2833 S.
2111 2769 2363 2835 Mariae
2416 2771 2484 2834 in
2527 2772 2778 2857 portione
2821 2772 3035 2851 scribit,

926 2907 990 2948 se
1039 2883 1314 2948 Conradi
1367 2887 1530 2971 reyis
1592 2886 1869 2948 animum
1928 2908 1968 2949 a
2030 2884 2287 2950 Graecis
2342 2897 2699 2973 corruptum
2742 2887 3037 2973 placasse.

929 3001 1124 3064 Addit
1169 3000 1245 3064 de
1289 3000 1503 3064 litteris
1539 3001 1896 3065 Bernhardi
1929 3002 2167 3066 abbatis
2200 3002 2726 3083 claraevallmis,
2778 3003 3040 3068 Theode-

929 3118 1082 3182 wim·
1114 3116 1182 3182 S.
1212 3117 1490 3207 Rufinus
1521 3118 1812 3203 episcopi,
1858 3128 2211 3181 senatorum
2237 3118 2667 3182 Romanorum
2675 3144 2701 3201 ,·
2749 3120 2828 3182 de
2857 3118 3038 3183 Hein-

926 3234 1056 3296 rico
1102 3233 1346 3296 notario
1394 3232 1483 3295 ad
1518 3254 1760 3318 papam
1801 3234 2005 3296 misso.
2727 3232 2836 3313 (M.
2872 3232 3038 3313 225.)

512 3379 654 3434 1150
883 3364 1247 3431 Reverendo
1294 3364 1462 3450 patri
1518 3384 1630 3429 suo
1694 3370 1757 3430 et
1803 3364 2056 3430 domino
2104 3362 2425 3447 G(uidoni)
2472 3370 2687 3433 sancte
2729 3365 3042 3432 Romanae

484 3456 673 3577 Αξῖῗζο
709 3481 1045 3549 aecclesiae
1076 3480 1336 3546 diacono
1368 3476 1707 3547 cardinali³
1738 3481 1934 3547 frater
1956 3479 2334 3564 W(ibaldus)
2366 3481 2490 3548 Dei
2519 3483 2725 3566 gratia
2751 3483 2840 3565 id,
2886 3480 3041 3567 quod

709 3603 807 3666 est
833 3599 902 3664 in
933 3594 1235 3663 aecclesia
1255 3597 1562 3664 catholica
1572 3597 1618 3681 ²¹,
1652 3597 1915 3680 exiguas
1940 3598 2253 3663 orationes
2279 3602 2344 3664 et
2367 3598 2664 3665 devotum
2692 3599 3036 3665 servicium.

889 3712 957 3780 Si
1005 3712 1342 3778 assiduitas
1387 3713 1881 3779 familiaritatem
1895 3762 1915 3797 ,
1973 3713 2030 3779 si
2083 3713 2483 3780 familiaritas
2527 3713 2629 3781 vel
2683 3714 3033 3799 obsequium

706 3830 889 3897 nobis
937 3829 1103 3915 apud
1150 3834 1424 3895 vestram
1470 3829 1908 3896 excellentiam
1953 3827 2307 3896 dilectionis
2362 3831 2633 3915 gratiam
2677 3831 3030 3918 peperisset,

709 3947 1082 4013 auderemus
1114 3945 1470 4012 celsitudini
1499 3952 1747 4012 vestrae
1779 3946 2086 4030 quaedam
2128 3947 2327 4013 tutius
2362 3947 2664 4028 scribere;
2712 3952 2777 4014 et
2806 3968 2845 4011 a
2870 3945 3029 4013 vobis

707 4063 973 4129 fortasse
1020 4062 1289 4148 quedam
1335 4062 1777 4149 reciperemus,
1833 4082 1992 4148 quae
2036 4082 2165 4128 non
2211 4069 2420 4130 essent
2472 4063 2540 4128 in
2585 4061 2703 4128 hoc
2746 4060 3024 4148 temporis

708 4183 878 4245 statu
907 4178 1177 4244 inutilia.
1227 4177 1428 4255 Quam
1455 4176 1752 4244 fiduciam
1782 4178 1949 4264 apud
1980 4178 2199 4244 beatae
2221 4177 2674 4245 recordationis
2699 4177 3021 4244 Gnidonem

854 4352 894 4384 ι.
942 4337 1139 4398 dissipat
1177 4339 1402 4385 excidisse
1442 4339 1644 4394 videtum·
1688 4342 1750 4394 cf.
1792 4356 1860 4396 ep.
1896 4338 1986 4384 247
2028 4355 2167 4395 supra
2203 4355 2252 4398 p.
2286 4339 2393 4384 370.
2537 4338 2583 4385 b.
2632 4336 2949 4385 excommunica
2982 4348 3016 4375 c·

709 4432 751 4466 c.
789 4418 926 4465 modo
959 4436 1040 4464 om.
1066 4436 1106 4463 c.
1233 4417 1279 4463 d.
1318 4416 1541 4463 catholieo.
1571 4434 1655 4464 om.
1683 4418 1786 4463 cod.

853 4514 902 4567 1.
927 4563 928 4566 ,
949 4513 1210 4569 Heinrioo
1244 4511 1435 4567 Leoni.
1578 4514 1629 4567 2.
1668 4511 1917 4567 Arnoldo
1951 4512 2029 4567 Ι..
2140 4513 2191 4567 3.
2231 4512 2288 4568 S.
2312 4511 2518 4567 Mariae
2551 4512 2609 4567 in
2645 4511 2872 4581 porticu.
