3319 5242
942 481 1241 529 wmALm
1282 482 1656 530 ams'romn
1697 482 1802 529 253.
1840 481 1946 530 254.
2480 467 2611 534 379

280 630 489 690 vestra
532 625 737 711 pietas
782 624 998 690 videre
1042 645 1157 691 nos
1201 630 1450 691 tantum
1480 624 1878 709 desideravit,
1926 631 2134 708 grates
2183 607 2434 712 quidem
2481 627 2612 712 agi-
2651 633 2787 689 1150

279 762 449 821 mus3
495 742 704 828 ipsam
733 746 945 807 tamen
989 740 1273 828 proinde,
1323 742 1488 826 quod
1516 762 1632 807 nos
1663 741 1876 808 videre
1917 762 2044 807 non
2089 741 2307 827 valuit,
2353 744 2614 811 minime

278 855 487 924 dolere
531 877 855 942 rogamus,
911 856 1297 943 presentiam
1342 859 1519 924 cuius
1571 858 1774 924 nostri
1819 858 2024 924 cordis
2070 879 2109 924 a
2151 859 2456 926 memoria
2497 877 2616 927 nec

277 2116 461 2188 254.
505 2120 741 2185 Daniel
783 2121 1102 2207 episcopus
1146 2121 1478 2208 Praqensis
1521 2121 1803 2187 Wibaldo
1815 2170 1835 2202 ,
1887 2144 2017 2186 sese
2057 2143 2269 2208 papae
2313 2143 2615 2185 commen-

505 2237 726 2301 datur-o
741 2286 759 2315 ,
812 2238 1051 2322 qratia-s
1097 2239 1225 2324 aqit
1253 2260 1607 2325 ,munusque
1648 2238 1846 2301 mittit.
1923 2238 2271 2302 Amoldum
2317 2237 2618 2301 cancella-

502 2353 682 2415 rium·
709 2352 953 2416 salutat.
2296 2349 2405 2431 (Μ.
2439 2352 2615 2431 230.)

458 2483 797 2565 wibaldo)
846 2484 1097 2551 domino
1145 2489 1211 2551 et
1251 2485 1422 2572 patri
1468 2505 1611 2569 suo,
1671 2485 2179 2552 reverentissimo
2225 2482 2618 2551 corbeiensis
2658 2491 2796 2546 1150

276 2601 759 2671 Stabulonensis
790 2601 1129 2669 aecclesiae
1158 2601 1503 2669 venerabili
1537 2601 1770 2686 abbati,
1816 2600 2094 2685 D(aniel)
2125 2600 2273 2669 licet
2300 2600 2617 2686 indignae,

272 2719 399 2786 Dei
447 2724 660 2785 tamen
704 2719 911 2803 gratia
953 2718 1365 2803 Pragensium
1409 2720 1760 2806 episcopus,
1807 2739 1950 2786 cum
1990 2718 2350 2786 sinceritate
2380 2718 2621 2785 servitii

273 2837 541 2920 exiguas
587 2836 921 2902 orationes.

459 2951 794 3035 Regalibus
824 2972 937 3017 vos
966 2955 1337 3037 occupatum
1365 2951 1634 3035 negotiis
1667 2956 1732 3017 et
1758 2950 1957 3034 regali
1981 2949 2394 3018 assidentem*
2416 2949 2622 3034 lateri,

272 3067 691 3154 gratulamur.
762 3066 898 3134 Hoc
944 3068 1111 3133 enim
1157 3067 1363 3151 gratia
1391 3073 1605 3133 vestra
1648 3087 1728 3134 ex
1769 3067 2027 3153 antiquo
2059 3073 2213 3154 aput
2239 3067 2622 3154 parvitatem

273 3190 566 3252 nostram
608 3181 934 3251 beneficiis
983 3183 1198 3250 multis
1256 3182 1558 3266 obtinuit,
1616 3187 1689 3249 ut
1740 3183 2053 3269 profectui
2095 3189 2306 3250 vestro
2351 3202 2621 3267 congau-

275 3303 562 3369 deamus.
631 3299 1084 3366 Verumtamen
1142 3299 1309 3384 quod
1362 3297 1608 3367 litteras
1664 3303 1907 3366 vestras
1965 3300 2136 3365 omni
2193 3300 2503 3366 suavitate
2560 3305 2625 3367 et

274 3415 526 3486 mellita
569 3416 897 3483 dulcedine
939 3415 1159 3503 plenas
1217 3415 1398 3482 nobis
1449 3417 1701 3482 mittere
1758 3416 2052 3500 dignatus
2112 3415 2295 3500 estis,
2355 3421 2622 3501 quantas

277 3535 343 3601 in
392 3534 858 3620 presentiarum
887 3531 1190 3616 valemus,
1237 3532 1586 3616 gratiarum
1601 3543 1621 3568 ⁶
1655 3533 1931 3600 actiones
1973 3537 2226 3600 sanctae
2255 3533 2623 3620 paternitati

275 3657 534 3718 vestrae
576 3649 905 3717 referimus
923 3633 957 3730 ;⁷
989 3653 1055 3715 et
1095 3647 1243 3715 licet
1270 3669 1531 3735 corpore
1575 3649 1921 3716 disiunctos
1969 3650 2301 3715 diversitas
2341 3649 2624 3716 locorum

276 3771 557 3855 separet,
603 3783 771 3832 nunc
800 3771 1013 3832 tamen
1044 3767 1369 3852 presentia
1410 3771 1642 3850 vestra,
1674 3766 1929 3852 spiritui
1958 3770 2175 3833 nostro
2207 3766 2464 3833 cottidie
2508 3787 2624 3853 pre

276 3884 482 3951 oculis
529 3882 766 3967 habita,
810 3902 927 3968 per
972 3883 1211 3969 scripta
1254 3888 1466 3949 vestra
1499 3887 1596 3949 est
1623 3886 1944 3949 renovata.
2017 3880 2114 3948 De
2160 3887 2426 3965 caetero,
2475 3882 2625 3968 quia

275 4005 529 4067 tantam
573 3999 842 4082 gratiam
888 3998 1230 4065 humilitati
1270 4004 1523 4064 nostrae
1552 3998 1619 4064 in
1651 3999 1846 4065 oculis
1877 3999 2104 4065 vestris
2134 3997 2444 4064 Dominus
2476 4018 2622 4064 con-

276 4116 453 4200 tulit,
498 4120 573 4182 ut
615 4116 681 4181 in
727 4116 904 4183 curia
949 4136 1194 4201 quoque
1236 4114 1521 4181 Romana
1562 4115 1766 4182 nostri
1807 4135 2049 4190 memor
2093 4134 2231 4180 esse
2277 4112 2506 4196 velitis,
2562 4119 2626 4181 et

277 4233 433 4300 inde
480 4232 733 4319 quidem
777 4232 1015 4316 gratias
1060 4232 1238 4299 vobis
1286 4237 1539 4316 agentes
1586 4231 1816 4297 obnixe
1856 4230 2267 4317 postulamus,
2316 4235 2623 4314 quatenus

276 4349 618 4417 inmeritae
660 4355 917 4416 nostrae
958 4368 1266 4435 personae
1308 4348 1701 4431 memoriam,
1748 4346 2361 4433 quantulamcunque
2405 4346 2624 4430 digna-

277 4466 530 4550 bimini,
578 4466 746 4553 apud
791 4466 1091 4532 domnum
1134 4464 1545 4552 apostolicum
1575 4465 1782 4531 facere
1812 4484 1937 4529 non
1979 4462 2289 4531 abnuatis.
2470 4462 2622 4530 Pre-

432 4620 473 4655 ι.
513 4608 781 4656 inclinamus
814 4627 854 4656 c.
977 4608 1022 4654 b.
1059 4607 1291 4655 assidente
1324 4626 1362 4655 c.
1487 4620 1527 4653 c.
1567 4620 1648 4664 gra
1678 4624 1716 4652 c.
