3319 5242
777 400 911 467 536
1532 418 1834 466 wmALm
1876 417 2207 468 urrerem
2252 419 2361 468 4⁰2.

579 564 719 619 1152
780 558 985 637 officio
1031 556 1432 646 pontificatus
1475 559 1827 644 immineat,
1872 561 2316 649 perspeximus
2360 563 2687 631 contineri.
2751 562 2910 631 Cum
2950 566 3096 632 enim

548 639 663 696 ΔΨ
685 639 744 686 ¹⁷
779 676 847 742 in
893 674 1231 742 aecclesiae
1274 676 1510 743 vertice
1555 675 1696 743 sitis
1742 697 1820 744 ex
1867 677 2084 745 divina
2126 679 2528 766 providentia
2556 681 2902 766 constituti,
2943 687 3009 747 ut
3032 682 3099 751 de

780 791 989 859 medio
1021 792 1176 877 eius,
1224 813 1383 878 quae
1409 792 1646 859 fuerint
1688 793 1934 879 nociva,
1979 795 2353 883 propellere,
2399 818 2561 883 quae
2597 797 2799 883 utilia,
2848 798 3099 865 debeatis

779 912 1021 975 attento
1066 908 1274 975 studio
1318 928 1712 994 conservare,
1756 910 1826 975 in
1856 930 2048 978 causa
2074 911 2220 997 ista,
2267 913 2431 980 sicut
2472 934 2553 981 ex
2583 915 2977 1000 suggestione
3011 914 3099 981 lit-

779 1028 1062 1091 terarum
1103 1029 1458 1092 vestrarum
1503 1025 1685 1092 nobis
1731 1027 2027 1113 innotuit,
2070 1039 2234 1095 non·
2265 1030 2416 1115 quid
2453 1031 2749 1118 expediat
2791 1031 3101 1099 aecclesiae

780 1140 921 1225 Dei,
969 1141 1121 1227 quid
1166 1161 1489 1209 sacrorum
1533 1161 1845 1210 canonum
1892 1146 2202 1212 sanctioni
2247 1146 2600 1232 concordet,
2647 1148 2801 1234 quid
2835 1148 3047 1215 exinde
3071 1148 3103 1214 i

780 1256 998 1324 celesti
1028 1257 1268 1324 arbitro
1298 1258 1760 1345 comprobetur,
1805 1266 1903 1327 set
1946 1262 2098 1347 quid
2137 1263 2407 1330 terrenis
2436 1264 2835 1351 principibus
2863 1264 3103 1352 placeat,

780 1374 1157 1440 attendistis.
1249 1373 1336 1441 Et
1380 1374 1489 1458 qui
1533 1395 1752 1442 eorum
1798 1376 2042 1443 animos
2101 1378 2140 1444 a
2191 1399 2309 1445 sua
2349 1380 2560 1446 minus
2605 1385 2781 1447 recta
2826 1381 3103 1449 debuistis

778 1489 1127 1557 intentione
1184 1488 1512 1558 deflectere
1570 1496 1758 1577 atque
1816 1493 1927 1560 ubi
1982 1499 2149 1561 esset
2202 1494 2463 1563 Domini
2515 1496 2623 1563 via
2676 1497 3103 1581 demonstrare,

777 1626 906 1672 non
950 1606 1355 1693 persuasistis
1402 1608 1570 1692 quod
1612 1614 1855 1676 rectum
1902 1614 2017 1696 est,
2065 1628 2182 1676 nec
2227 1611 2491 1678 stetistis
2534 1633 2756 1681 murus
2797 1635 2916 1702 pro
2943 1614 3104 1680 domo

778 1718 1039 1805 Israe123
1099 1724 1251 1808 quin
1310 1723 1504 1789 immo
1548 1724 1710 1811 ipsis
1723 1725 1768 1810 ¹³,
1826 1731 1900 1792 ut
1943 1726 2035 1792 ait
2076 1726 2408 1814 propheta,
2453 1730 2765 1816 parietem
2811 1730 3105 1799 ediffican-

778 1837 969 1922 tibus,
1016 1859 1149 1923 vos,
1198 1838 1367 1924 quod
1410 1839 1547 1907 sine
1576 1842 1803 1924 grandi
1834 1842 2029 1909 animi
2058 1861 2322 1911 rancore
2349 1844 2461 1910 vix
2501 1845 2789 1931 dicimus,
2835 1846 3104 1914 linivistis

778 1952 960 2018 illum
1000 1953 1136 2021 luto
1182 1955 1417 2040 absque
1459 1956 1659 2042 paleis
1672 1953 1715 2023 ².
1783 1957 1930 2025 Non
1983 1960 2077 2026 sic
2121 1959 2434 2027 sentiebat
2473 1962 2771 2050 princeps
2818 1961 3103 2052 apostolo-

778 2090 955 2154 rum,
1013 2070 1121 2155 qui
1167 2091 1247 2137 ex
1289 2069 1438 2137 fidei
1482 2092 1635 2140 suae
1681 2074 2102 2160 confessione,
2157 2080 2231 2142 ut
2272 2077 2474 2145 tocius
2520 2078 2866 2148 aecclesiae
2906 2080 3102 2147 fundar

778 2191 1062 2253 mentum
1109 2185 1303 2272 esset',
1364 2189 1637 2275 accepit3
1698 2196 1796 2258 set
1851 2193 2379 2260 comminantibus
2435 2195 2630 2261 seculi
2672 2193 2827 2264 filiis
2873 2202 2939 2265 et
2976 2216 3102 2284 apo·

778 2301 978 2388 stolis,
1026 2303 1082 2369 si
1125 2304 1529 2390 predicarent
1571 2307 1642 2372 in
1686 2308 1939 2375 nomine
1983 2309 2147 2396 Iesu,
2192 2311 2417 2377 mortis
2447 2313 2898 2380 exterminium
2926 2314 3103 2380 inten-

778 2419 1081 2503 tantibus,
1129 2419 1401 2488 confisus
1445 2421 1523 2488 de
1564 2421 1825 2489 Domini
1869 2426 2123 2511 virtute,
2167 2427 2523 2514 respondit:
2575 2428 2842 2517 Oportet
2886 2432 3103 2498 obedire

777 2537 921 2602 Deo
966 2539 1170 2625 Μαρία
1219 2561 1410 2626 quam
1453 2540 1808 2606 hominibus
1818 2535 1861 2606 ⁸.
1930 2541 2059 2608 Vos
2106 2548 2345 2629 autem,
2390 2565 2472 2612 ne
2518 2564 2558 2611 a
2599 2548 2877 2614 terrenis
2918 2546 3100 2614 videa-

779 2652 938 2718 mini
981 2654 1374 2742 principibus
1421 2656 1756 2724 dissentire
1770 2707 1789 2742 ,
1840 2657 1937 2725 illi
1984 2678 2209 2727 causae
2254 2666 2535 2728 vestrum
2577 2662 2865 2732 favorem
2908 2665 3100 2752 inpen-

779 2768 961 2853 ditis,
1014 2770 1117 2835 cui
1163 2776 1226 2838 et
1271 2772 1771 2841 aecclesiasticae
1817 2776 2156 2843 auctoritas
2202 2778 2665 2846 constitutionis
2708 2785 2777 2847 et
2823 2798 3101 2870 supernae

777 2883 1121 2952 voluntatis
1153 2908 1418 2956 examen
1448 2910 1565 2976 pro
1597 2896 1768 2957 certo
1797 2892 2074 2960 creditur
2103 2893 2378 2961 obviare.
2526 2895 2686 2962 Cum
2718 2899 2893 2965 enim
2920 2905 3100 2966 trans-

776 3000 1044 3068 lationes
1091 3003 1532 3092 episcoporum
1577 3008 1715 3075 sine
1757 3009 2130 3077 manifestae
2157 3010 2452 3078 utilitatis
2496 3017 2561 3080 et
2587 3015 2981 3082 necessitatis
3018 3014 3100 3079 in·

778 3118 942 3185 dicio
999 3119 1249 3188 divinae
1304 3120 1463 3207 legis
1521 3124 1846 3191 oraculum
1910 3124 2048 3193 fieri
2103 3147 2232 3193 non
2295 3130 2653 3215 permittat,
2719 3150 2868 3198 cum
2934 3130 3095 3199 etiam

777 3234 977 3302 multo
1026 3236 1299 3323 amplior
1344 3259 1533 3324 quam
1576 3241 1645 3306 in
1692 3241 1834 3308 aliis
1882 3242 2289 3311 electionibus
2335 3244 2488 3313 cleri
2533 3251 2597 3313 et
2627 3248 2854 3335 populi
2885 3269 2985 3316 eas
3010 3246 3098 3313 de-

778 3350 926 3417 beat
967 3354 1298 3440 prevenire
1343 3355 1680 3423 concordia
1694 3407 1713 3442 ,
1757 3358 1827 3424 in
1869 3359 2159 3427 facienda
2200 3360 2614 3430 translatione
2657 3363 2735 3431 de
2781 3360 3100 3434 venerabili

777 3466 974 3535 fratre
1016 3475 1232 3537 nostro
1263 3470 1699 3555 C(uicmanno)
1748 3472 1996 3544 Cicensi
2040 3477 2334 3565 episcopo
2378 3479 2574 3546 nichil
2616 3480 2845 3549 horum
2890 3487 2982 3550 est
3018 3481 3099 3545 set

781 3581 950 3649 solus
979 3584 1159 3652 favor
1186 3587 1493 3676 principis
1525 3596 1946 3679 exspectatus,
1995 3598 2060 3660 et
2093 3613 2210 3661 nec
2236 3595 2524 3683 inspecta
2549 3599 2927 3667 necessitate
2950 3597 3096 3664 illius

780 3698 1117 3768 aecclesiae
1159 3724 1277 3771 nec
1316 3707 1713 3775 considerata
1738 3708 2012 3777 utilitate
2040 3731 2369 3798 personae,
2413 3713 2579 3781 clero
2609 3714 2886 3801 nolente,
2926 3716 3095 3782 immo

777 3820 850 3882 ut
894 3816 1127 3884 dicitur
1171 3840 1250 3887 ex
1294 3823 1574 3891 maxima
1615 3830 1801 3911 parte
1829 3825 2229 3913 reclamante,
2274 3830 2344 3896 in
2373 3829 2934 3916 Madeburgensem
2973 3848 3093 3898 eum

775 3932 985 4001 dicitis
1046 3936 1413 4005 aecclesiam
1467 3941 2080 4029 transplantandum.
2175 3943 2380 4033 Super
2437 3968 2560 4033 quo
2612 3953 2792 4016 tanto
2851 3947 3090 4036 amplius

776 4053 1207 4138 ammiramur,
1256 4062 1511 4142 quanto,
1555 4078 1830 4145 persona
1857 4058 1971 4125 illa
2003 4061 2182 4128 cuius
2223 4064 2554 4146 gravitatis
2583 4066 2669 4132 sit
2700 4072 2889 4153 atque
2916 4065 3088 4132 scieu-

774 4167 922 4253 tiae,
970 4170 1048 4236 ab
1096 4173 1401 4239 anteactis
1448 4174 1817 4257 agnovimus
1863 4195 1938 4243 ac
1979 4178 2262 4264 perinde,
2310 4186 2613 4265 quantum
2644 4183 2975 4251 aecclesiae
3009 4177 3086 4245 illi

775 4284 860 4350 sit
884 4285 1082 4370 utilis,
1128 4308 1256 4355 non
1285 4289 1538 4376 penitus
1579 4290 1961 4374 ignoramus.
2143 4294 2452 4374 Quoniam
2480 4299 2696 4385 igitur,
2743 4302 3083 4387 quicumque

916 4459 959 4492 ι.
997 4458 1092 4492 non
1121 4464 1206 4495 on.
1228 4450 1333 4496 cod.
1454 4449 1500 4497 b.
1540 4450 1687 4511 ipsius
1718 4468 1761 4498 ο.

917 4532 968 4587 1.
1002 4531 1206 4591 Ezeoh.
1231 4534 1316 4605 13,
1342 4534 1392 4591 5.
1535 4536 1587 4592 2.
1624 4535 1827 4594 Ezeoh.
1855 4539 1944 4611 13,
1967 4540 2055 4597 ιο.
2195 4541 2248 4599 3.
2285 4540 2416 4600 Aet.
2439 4544 2492 4616 5,
2514 4544 2605 4603 29.
