3319 5242
705 456 835 524 598
1381 473 1681 520 wmALm
1722 472 2099 521 nms‘romn
2131 471 2238 520 4⁶4.
2277 472 2385 520 465.

531 623 667 677 1157
702 615 875 684 relae
920 616 1285 683 dilationem
1330 614 1622 681 nolumus
1667 620 1742 682 ut
1783 616 1852 681 in
1897 622 2307 700 augmentum
2352 614 2644 682 elationis
2674 615 2857 683 vobis
2888 636 3053 682 assu-

565 696 648 743 ffl'
703 734 915 799 matis.
979 732 1092 800 Set
1135 732 1253 799 hoc
1293 730 1473 798 vobis
1519 736 1759 798 attente
1803 733 2115 800 monendo
2160 732 2578 819 precipimus,
2627 736 2702 798 ut
2744 752 2890 799 cum
2920 754 3056 819 pre-

707 849 874 915 dicto
921 849 1146 916 abbate
1193 853 1257 915 et
1287 848 1653 915 Corbeiensi
1699 848 1962 916 ecclesia
2007 847 2266 915 interim
2311 868 2688 935 componere
2735 849 2815 915 de
2847 849 3059 915 eadem

707 964 964 1050 querela
1007 965 1333 1031 studeatis.
1399 964 1457 1030 Ν
1461 985 1530 1030 08
1577 966 1768 1049 enim,
1815 985 1960 1031 cum
2004 970 2255 1051 tempus
2303 966 2752 1051 acceperimus,
2801 966 2859 1031 si
2889 967 3060 1051 prius

706 1082 1056 1168 composita
1099 1101 1227 1149 11011
1269 1081 1481 1165 fuerit,
1530 1082 1795 1147 eandem
1841 1081 2296 1167 querimoniam
2340 1101 2457 1167 per
2499 1101 2615 1147 nos
2650 1082 2827 1166 ipsos
2860 1081 3062 1146 (118011-

706 1198 967 1280 tiemu83
1015 1202 1079 1264 et
1106 1202 1239 1264 tam
1269 1216 1386 1283 pro
1419 1195 1685 1263 ecclesia
1712 1196 2098 1280 corbeiensi,
2147 1217 2306 1282 quae
2338 1197 2417 1263 ad
2447 1197 2547 1264 ius
2577 1198 2836 1283 imperii
2865 1198 3062 1263 nostri

707 1317 971 1400 spectat,
1019 1333 1208 1398 quam
1252 1333 1368 1399 pro
1414 1332 1709 1398 persona,
1761 1333 1920 1398 quae
1964 1313 2055 1379 ibi
2090 1318 2323 1400 preest,
2370 1333 2530 1399 quae
2561 1313 2671 1379 diu
2701 1318 2767 1379 et
2793 1312 3062 1379 multum

706 1429 974 1515 imperio
1020 1429 1301 1512 servivit,
1349 1429 1484 1495 sive
1530 1428 1863 1495 iudiciario
1900 1430 2118 1496 ordine
2148 1428 2439 1497 sive-alia
2466 1430 2870 1497 convenienti
2900 1449 3061 1495 com-

706 1545 1020 1633 positione
1065 1544 1331 1612 eandem
1377 1564 1636 1611 causam
1681 1544 2181 1612 terminabimus.

706 1757 888 1829 465.
928 1759 1289 1825 Friderious
1325 1760 1371 1824 I
1413 1762 1758 1847 imperator
1811 1759 2164 1825 Wibaldum
2221 1761 2298 1824 de
2356 1760 2498 1826 belli
2553 1760 2842 1825 Polom'm‘
2894 1763 3062 1826 mitio

932 1876 1251 1941 certiorem
1283 1874 1468 1962 facit.
1549 1876 1653 1941 De
1703 1874 2088 1941 Graecorum
2133 1876 2351 1962 legatis
2396 1876 2590 1941 addit.
2750 1874 2863 1956 (M.
2890 1875 3063 1956 432.)

531 2016 670 2073 1157
884 2005 935 2074 F
940 2005 1296 2089 (ridericus)
1353 2006 1475 2074 Dei
1546 2008 1757 2091 gratia
1807 2006 2235 2073 Romanorum
2290 2008 2638 2095 imperator
2696 2014 2764 2075 et
2822 2029 3067 2095 semper

541 2091 659 2150 ‘⁴⁰⁸'
707 2128 1011 2209 augustus
1070 2122 1297 2190 dilecto
1358 2144 1471 2191 suo
1516 2122 1860 2206 W(ibaldo)
1906 2122 2273 2191 corbeiensi
2329 2129 2394 2191 01
2439 2123 2800 2192 Stabulensi
2857 2124 3065 2192 abbati

703 2241 977 2327 gratiam
1023 2259 1204 2307 suam
1249 2245 1315 2307 et
1358 2259 1543 2306 omne
1587 2240 1841 2306 bonum.

884 2357 1127 2441 Diguas
1171 2361 1384 2441 grates
1431 2355 1677 2439 agimus
1723 2355 2045 2423 dilectioni
2083 2361 2252 2439 tuae,
2300 2354 2466 2441 quod
2493 2361 2642 2441 post
2670 2356 2914 2422 curiam
2941 2355 3060 2422 Ba-

591 2454 673 2549 m,
706 2474 1199 2558 venbergensem
1217 2469 1233 2502 ¹
1276 2474 1370 2539 ita
1414 2473 1658 2538 vicinus
1708 2477 1773 2538 et
1816 2476 2079 2559 paratus
2123 2471 2305 2538 nobis
2352 2470 2617 2554 affuisti,
2670 2478 2772 2555 ut,
2816 2473 2981 2539 forte
3023 2472 3057 2538 a'

705 2591 1038 2658 maiestate
1080 2594 1301 2657 nostra
1329 2593 1607 2674 vocatus,
1654 2589 1792 2656 sine
1838 2587 2236 2655 cunctatione
2266 2587 2366 2655 vel
2403 2586 2703 2656 dilatione
2735 2588 2818 2655 ad
2849 2608 3055 2656 omnes

705 2707 1015 2774 iussiones
1061 2713 1313 2774 nostras
1359 2706 1706 2793 explendas
1751 2704 2015 2772 devotus
2062 2723 2440 2772 occurreres.

888 2821 1063 2889 Scire
1108 2823 1323 2908 itaque
1367 2823 1773 2909 prudentiam
1816 2826 1992 2888 tuam
2037 2820 2346 2904 volumus,
2402 2822 2569 2906 quod
2611 2824 2830 2907 magni
2872 2823 3058 2908 legafi

559 2956 675 3015 Aug.
707 2938 1089 3006 Polonorum
1143 2939 1212 3005 in
1256 2939 1448 3005 Halla
1492 2939 1572 3006 ad
1616 2960 1733 3006 nos
1779 2943 2119 3021 veneruut3
2181 2944 2279 3005 set
2323 2937 2564 3005 nullum
2608 2939 2737 3007 tale
2777 2941 3057 3023 verbum,

707 3056 875 3123 unde
919 3055 1288 3123 remanendi
1331 3056 1512 3122 nobis
1559 3055 1818 3122 daretur
1860 3056 2124 3139 occasio,
2172 3055 2253 3121 ad
2281 3074 2397 3121 nos
2427 3054 2809 3140 detulerunt,
2858 3074 2898 3122 a
2925 3056 3058 3142 qui-

707 3172 977 3240 busdam
1021 3172 1152 3239 suis
1194 3172 1546 3240 fautoribus
1591 3172 1661 3237 in
1704 3171 1869 3237 hanc
1912 3190 2092 3258 spem
2136 3171 2398 3254 inducti,
2446 3170 2612 3256 quod
2655 3172 2832 3240 nullo
2878 3173 3060 3240 modo

707 3289 1053 3357 instantem
1098 3289 1565 3375 expeditionem
1609 3308 1914 3376 peragere
1957 3308 2305 3374 possemus.
2382 3287 2536 3356 Inde
2578 3309 2715 3373 nos,
2761 3289 2833 3355 in
2876 3290 3060 3357 mise-

708 3406 985 3473 ricordia
1025 3405 1168 3489 Dei,
1214 3406 1283 3471 in
1327 3405 1505 3472 cuius
1549 3425 1745 3471 manu
1789 3424 1898 3472 cor
1939 3404 2107 3488 regis
2154 3410 2270 3489 est,
2316 3424 2568 3473 omnem
2610 3404 2908 3473 fiduciam
2952 3426 3061 3474 no-

516 3545 631 3605 Aug.
646 3544 679 3593 4
711 3527 911 3590 stram
966 3526 1305 3609 ponentes,
1364 3524 1405 3589 2
1450 3521 1665 3588 Nonas
1710 3521 1987 3606 Augusti
2039 3523 2351 3591 movimus
2406 3523 2905 3610 expeditionem3
2963 3543 3060 3589 ro-

711 3645 933 3724 gantes
980 3658 1169 3724 quam
1212 3638 1436 3704 intime
1477 3636 1877 3704 dilectionem
1906 3644 2104 3723 tuam,
2148 3645 2224 3705 ut
2252 3640 2421 3726 apud
2451 3639 2730 3705 divinam
2757 3639 3059 3724 pietatem

709 3774 1048 3844 prosperos
1093 3773 1416 3822 successus
1462 3758 1526 3820 et
1567 3753 1816 3820 felicem
1859 3752 2134 3820 reditum
2179 3754 2511 3822 indefessis
2553 3753 2851 3841 precibus
2880 3755 3058 3821 nobis

710 3873 1018 3961 optineas.

889 3987 958 4055 Si
1004 4006 1151 4054 vero
1198 3982 1385 4052 Greci
1428 3985 1685 4052 interim
1730 3986 2050 4071 venerint,
2106 3985 2564 4069 ordinavimus,
2612 4004 2718 4051 eos
2762 3985 2832 4052 in
2876 3984 3056 4053 Wor-

708 4105 916 4173 macia
971 4102 1248 4172 reditum
1303 4105 1590 4168 nostrum
1644 4100 2000 4187 prestolari.
2093 4101 2248 4168 Illuc
2303 4121 2547 4187 quoque
2597 4107 2746 4187 post
2785 4103 3055 4169 reditum

709 4225 1018 4303 nostrum,
1062 4238 1179 4305 per
1206 4218 1463 4283 litteras·
1480 4221 1732 4284 nostras
1764 4222 2079 4301 evocatus,
2112 4216 2542 4283 indubitanter
2570 4217 2865 4300 accedas3
2913 4219 3057 4304 quia

710 4339 775 4404 te
819 4333 1172 4402 inconsulto
1215 4332 1411 4401 nichil
1455 4352 1600 4400 cum
1645 4332 1864 4401 Grecis
1910 4339 2184 4400 tractare
2228 4331 2690 4419 proposuimus.

854 4467 903 4521 1.
941 4465 1031 4521 die
1068 4466 1099 4520 1
1137 4464 1259 4520 Iulii
1293 4462 1552 4521 habitam.

1671 4608 2097 4621 -ι----
