3319 5242
720 428 850 495 284
1476 446 1776 493 wmALm
1818 445 2149 495 ims'roLA
2195 445 2302 493 167.

546 591 685 649 1149
717 587 1005 673 neglecta
1058 588 1457 674 dispendium
1512 589 1712 674 parit,
1767 608 1895 654 non
1952 607 2144 654 aurae
2196 586 2520 674 popularis
2566 587 2801 656 amisso
2845 589 3042 677 dispu-

719 705 977 771 tationis
993 715 1014 740 ·
1059 705 1374 792 preconio,
1421 709 1518 771 set
1561 705 1730 770 vitae
1775 704 1993 790 pocius
2040 709 2226 789 atque
2269 723 2517 770 morum
2562 704 2956 772 detrimento.

894 820 1088 888 Porro
1148 821 1315 907 quod
1368 819 1762 906 eloquentiae
1815 820 1974 886 mihi
2027 821 2382 907 portionem
2436 820 2715 907 aliqum
2758 817 3044 904 tribuisti,

715 937 1016 1004 iudicium
1069 942 1248 1003 tuum
1308 956 1522 1003 amore
1573 937 1856 1003 illectum
1901 941 1999 1004 est
2043 956 2116 1003 ac
2160 937 2509 1023 deceptumss
2580 937 2701 1003 Est
2745 938 2914 1003 enim
2954 958 3048 1004 res

715 1072 832 1120 nec
874 1053 1057 1140 parvi
1100 1053 1403 1140 temporis
1448 1072 1564 1119 nec
1609 1052 1824 1136 exigui
1868 1053 2063 1119 studii
2102 1072 2218 1119 nec
2251 1052 2536 1119 modicae
2567 1055 3048 1137 exercitationis,

716 1170 877 1236 scire
933 1170 1063 1236 vim
1120 1174 1184 1235 et
1238 1173 1534 1235 naturam
1581 1169 1936 1236 animorum
1949 1218 1967 1253 ,
2026 1169 2303 1235 excitare
2348 1169 2594 1254 pigros,
2651 1171 2879 1237 sistere
2919 1190 3051 1237 cur-

713 1291 923 1352 rentes
969 1290 1033 1351 et
1076 1290 1379 1370 tanquam
1421 1285 1685 1352 habenis
1731 1285 2106 1369 quibusdam
2152 1285 2514 1371 potentibus
2549 1285 3047 1353 circumflectere.

711 1401 893 1468 Licet
935 1402 1105 1468 enim
1148 1407 1377 1468 natura
1419 1402 1505 1468 sit
1548 1401 1777 1468 habilis
1823 1407 1886 1468 et
1931 1402 2012 1467 ad
2055 1401 2449 1488 recipiendas
2496 1421 2903 1488 quascunque
2933 1404 3053 1469 for-

711 1539 849 1584 mas
894 1517 1104 1584 mollis
1152 1523 1341 1604 atque
1386 1517 1758 1602 tractabilia
1807 1519 2092 1604 quamvis
2141 1518 2419 1584 eruditor
2464 1517 2800 1602 diligenter
2849 1524 2916 1585 et
2957 1539 3052 1585 co-

710 1635 888 1721 piose
932 1634 1173 1717 tradat,
1231 1639 1477 1716 tamen,
1524 1634 1578 1699 si
1623 1634 1969 1718 frequentis
2015 1654 2166 1700 usus
2214 1634 2377 1699 actio
2423 1634 2619 1718 desit,
2666 1654 2831 1720 quae
2874 1633 3053 1720 longe

712 1771 752 1816 a
794 1748 1086 1816 claustris
1131 1749 1580 1815 monachorum
1624 1748 1872 1816 seclusa
1912 1755 2028 1832 est,
2074 1749 2288 1816 lumen
2320 1750 2359 1816 a
2386 1749 2665 1817 tenebris
2695 1748 3050 1835 suffocatur,

708 1866 876 1950 ignis
933 1866 972 1932 a
1024 1866 1232 1932 cinere
1285 1885 1413 1931 non
1460 1865 1650 1932 alitur
1696 1870 1794 1932 set
1838 1865 2246 1948 extinguitur.
2326 1865 2590 1952 Oportet
2633 1871 2955 1933 oratorem
2999 1872 3056 1933 ct

710 1981 877 2047 vinci
934 1985 998 2047 et
1049 1980 1299 2047 vincere
1312 2031 1332 2065 ,
1387 1987 1460 2046 ut
1516 1981 1765 2047 noverit
1819 2002 1887 2048 se
1943 1987 2007 2048 et
2062 2001 2209 2047 suos
2270 1987 2335 2048 et
2386 1987 2564 2049 scuto
2617 1987 2954 2069 protegere
2999 1989 3055 2050 et

709 2097 918 2182 gladio
963 2097 1170 2164 ferire.
1240 2095 1409 2181 Lege
1438 2096 1898 2175 Quintilianum
1928 2097 2005 2164 de
2035 2098 2432 2165 institutione
2476 2099 2774 2182 oratoria,
2825 2100 2936 2185 qui
2982 2100 3052 2167 ab

707 2218 887 2280 utero
942 2213 1165 2279 matris
1225 2218 1587 2299 susceptum
1642 2214 1950 2280 infantem
1992 2213 2216 2280 limare
2260 2213 2485 2300 incipit
2502 2210 2518 2241 ¹
2563 2219 2628 2281 et
2668 2215 2950 2282 formare
2994 2217 3053 2282 in

709 2330 977 2396 oratoris
1033 2329 1297 2415 perfecti
1355 2329 1795 2395 substantiam.
1866 2329 2039 2396 Haec
2096 2330 2192 2396 vis
2244 2334 2432 2415 atque
2475 2330 2765 2417 potentia
2806 2331 3053 2416 longius

710 2447 750 2513 a
792 2451 1010 2512 nostra
1055 2449 1221 2512 etate
1265 2446 1544 2511 recessit.
1614 2444 1924 2523 Quoniam
1958 2446 2162 2511 omnis
2196 2445 2546 2512 iurisdictio
2562 2445 2587 2482 ⁵
2619 2451 2729 2512 aut
2774 2454 2875 2513 est
2918 2467 3053 2514 aeo-

620 2559 623 2562 “
708 2562 1062 2630 clesiastica
1115 2560 1215 2629 vel
1268 2561 1588 2629 secularis.
1657 2561 1745 2629 Et
1787 2562 1855 2628 in
1900 2561 2036 2628 foro
2083 2561 2337 2647 quidem
2380 2561 2481 2629 ius
2525 2562 2745 2630 dicunt
2786 2562 2933 2631 laici
2980 2563 3052 2630 il-

705 2678 999 2762 litterati,
1059 2678 1300 2765 optima
1342 2678 1661 2746 interdum
1712 2684 1945 2744 natura
1983 2678 2247 2765 prediti3
2310 2684 2407 2746 set
2450 2684 2661 2746 tamen
2706 2680 2772 2745 in
2820 2681 3052 2767 populo

709 2794 1084 2863 Germaniae
1151 2814 1299 2861 rara
1362 2794 1755 2860 declamandi
1816 2794 2197 2861 consuetudo
2254 2794 2530 2863 breviter
2585 2800 2649 2861 et
2703 2797 2887 2880 quasi
2940 2818 3055 2884 per

708 2911 978 2996 quedam
1021 2916 1259 2997 puncta
1300 2909 1696 2995 significandi
1741 2911 1952 2997 potius
1998 2930 2188 2997 quam
2234 2909 2616 2997 explanandi
2659 2933 2846 2978 usum
2882 2913 3050 2981 fecit.

705 3027 929 3096 Altera
983 3026 1140 3093 iuris
1197 3047 1379 3113 pars,
1450 3048 1610 3113 quae
1670 3027 1972 3093 canonica
2027 3032 2318 3111 vocatur,
2389 3047 2429 3093 a
2482 3026 2637 3094 viris
2692 3028 3052 3096 litterarum

704 3143 1087 3210 doctissimis
1145 3143 1677 3227 amministratur,
1739 3142 1965 3228 quibus
2021 3143 2091 3208 in
2136 3164 2245 3210 ore
2288 3149 2386 3210 est
2426 3142 2533 3210 lex
2576 3143 2730 3228 Dei,
2791 3164 2871 3210 ex
2930 3167 3055 3231 qua

707 3260 997 3326 audiunt:
1044 3261 1261 3326 Nolite
1303 3262 1608 3339 iudicare,
1657 3273 1727 3325 ut
1769 3283 1899 3326 nou
1939 3262 2308 3327 indicemini
2317 3255 2360 3341 ²,
2409 3281 2525 3347 per
2559 3281 2750 3345 quam
2779 3260 3052 3345 discunt,

707 3376 874 3460 quod
918 3376 1088 3462 apud
1131 3375 1507 3441 christianos
1551 3374 1746 3441 miser
1791 3370 1915 3459 est,
1962 3395 2090 3441 non
2135 3376 2241 3462 qui
2285 3377 2558 3462 patitur,
2604 3382 2701 3443 set
2746 3378 2855 3464 qui
2899 3378 3055 3444 facit

703 3491 1021 3557 iniuriam.
1104 3490 1177 3556 In
1235 3490 1344 3556 illo
1403 3491 1634 3556 summi
1688 3489 2068 3575 legislatoris
2126 3491 2329 3558 edicto
2387 3492 2631 3578 legunt:
2696 3494 2800 3561 Sit
2849 3517 3051 3560 sermo

703 3621 931 3674 vester:
988 3609 1136 3689 Est,
1208 3620 1329 3685 est,-
1386 3608 1569 3687 Non,
1629 3630 1793 3684 nom·
1862 3610 2033 3693 quod
2086 3622 2292 3674 autem
2347 3610 2444 3674 lm
2500 3611 2774 3698 amplius
2830 3624 2951 3693 est,
3010 3637 3052 3676 a

703 3725 872 3789 malo
920 3718 1057 3789 eff.
1126 3722 1214 3789 Et
1265 3742 1428 3788 unus
1475 3723 1744 3789 eximiae
1796 3721 1966 3789 illius
2012 3724 2223 3790 curiae
2269 3730 2480 3790 orator
2522 3725 2705 3792 dicit:
2764 3727 3052 3815 Amputa

707 3841 1111 3927 obprobrium
1153 3862 1376 3921 meum,
1428 3842 1599 3926 quod
1640 3844 1993 3927 suspicatum
2038 3835 2226 3905 sum‘.
2374 3839 2442 3907 Si
2489 3862 2638 3926 ergo
2681 3861 2801 3909 nec
2845 3844 3050 3930 suspi-

704 3957 884 4022 cione
938 3974 1057 4020 nec
1110 3955 1468 4022 coniectura
1521 3938 1656 4022 nec
1692 3956 2017 4022 occasione
2063 3955 2301 4041 aliquid
2345 3955 2447 4023 vel
2492 3956 2574 4024 ad
2616 3958 3047 4043 probandum*=

704 4070 804 4138 vel
872 4071 954 4137 ad
1021 4091 1148 4137 non
1203 4071 1598 4158 probandum
1658 4072 2030 4155 assumitur,
2097 4077 2299 4139 restat
2356 4074 2629 4159 simplex
2683 4076 3049 4142 constitutio

704 4207 960 4256 causae:
1017 4188 1293 4254 Fecisti?
1337 4189 1566 4254 »Feci«
1612 4186 1715 4255 vel
1763 4190 1951 4255 »Non
1979 4185 2216 4275 feei«⁶.
2399 4189 2530 4276 Ipsi
2573 4190 2910 4274 gentilium
2953 4192 3048 4258 di-

845 4379 886 4412 a.
927 4365 1237 4425 disputatione
1268 4383 1309 4414 c.
1432 4366 1477 4411 b.
1519 4366 1747 4413 iurisditio
1779 4385 1818 4412 c.
1943 4380 1982 4413 ο.
2022 4366 2096 4413 vel
2126 4332 2468 4426 approbandum
2500 4385 2538 4415 c.

845 4461 896 4515 1.
931 4460 995 4515 L.
1032 4460 1084 4530 1,
1124 4462 1175 4515 1.
1307 4461 1361 4516 2.
1397 4458 1591 4516 Matth.
1630 4461 1680 4529 7,
1719 4462 1770 4515 1.
1911 4461 1962 4515 3.
2001 4460 2196 4517 Matth.
2233 4462 2295 4533 5,
2333 4463 2420 4518 37.
2564 4463 2620 4519 4.
2656 4464 2750 4520 Ps.
2789 4464 2919 4534 118,
2955 4465 3045 4519 39.

702 4549 753 4604 5.
793 4546 878 4606 cf.
916 4548 1167 4611 ciceron.
1202 4549 1274 4605 de
1308 4549 1627 4609 inventione
1662 4549 1701 4604 l.
1723 4549 1770 4606 Ι.
1806 4548 1858 4618 8,
1896 4550 1980 4605 10.
2229 4572 2238 4582 ·
