3319 5242
1032 444 1332 501 erALm
1372 450 1704 500 nrmronA
1751 451 1857 499 167.
2484 433 2616 499 285

269 597 424 665 serti
466 597 535 664 in
579 595 715 662 suis
760 593 1238 661 diffinitionibus
1284 599 1659 679 statuerunt,
1709 593 1875 680 quod
1918 591 2102 661 aliter
2121 589 2137 621 ¹
2177 612 2401 660 censor
2443 591 2617 678 loqui
2654 595 2792 653 1149

267 713 478 796 (101101,
523 711 710 778 aliter
752 710 984 778 rethor.
1054 710 1314 777 Rethori
1358 730 1725 777 concessum
1771 715 1885 795 est,
1934 710 2263 777 sententiis
2291 709 2386 775 uti
2417 709 2616 793 falsis,

269 828 638 914 audacibuS,
684 827 985 911 subdolis,
1033 827 1349 914 captiosis,
1398 827 1454 893 si
1497 827 1633 893 veri
1678 825 1917 893 similes
1960 826 2148 892 modo
2194 827 2324 892 sint
2368 831 2433 892 et
2471 844 2619 911 pos-

268 946 434 1012 sint·
481 944 563 1012 ad
604 943 944 1010 movendos
957 943 981 979 ⁵
1012 944 1256 1010 animos
1300 942 1625 1009 hominum
1672 941 2090 1028 qualicunque
2136 947 2277 1008 astu
2317 941 2615 1028 irrepere.

267 1061 571 1128 Preterea
613 1064 799 1148 turpe
844 1080 981 1126 esse
1023 1064 1252 1145 putant
1294 1058 1553 1142 retheri,
1601 1059 1656 1124 si
1703 1058 1854 1144 quid
1898 1059 1967 1125 in
2006 1058 2178 1124 mala
2207 1078 2398 1124 causa
2427 1057 2618 1124 desti-

264 1184 481 1245 tutum
546 1183 734 1262 atque
800 1177 1334 1262 inpropugnatum
1347 1186 1367 1211 ⁶
1424 1175 1741 1262 relinquat
1758 1170 1839 1240 ¹.·
1994 1174 2137 1241 Non
2196 1193 2345 1258 ergo
2358 1169 2382 1203 ²
2439 1172 2619 1239 decet

264 1298 561 1361 sanctum
605 1293 844 1376 virum,
889 1290 1012 1359 fide
1058 1298 1122 1358 et
1166 1292 1475 1377 gravitate
1520 1291 1871 1378 preditum,
1919 1291 2088 1377 apud
2133 1289 2620 1357 christianorum

267 1430 457 1477 aures
503 1408 631 1476 tale
678 1408 829 1495 quid
873 1408 1100 1493 dicere,
1148 1407 1315 1495 quod
1358 1428 1580 1474 verum
1624 1427 1753 1474 non
1788 1427 1926 1475 esse
1957 1407 2080 1474 sibi
2111 1412 2298 1492 atque
2328 1405 2618 1472 omnibus

267 1527 565 1594 videatur
578 1521 620 1591 ².
689 1524 809 1603 Qui
853 1525 922 1590 in
966 1544 1158 1591 causa
1201 1525 1504 1591 canonica
1545 1524 1782 1591 diserte
1829 1524 1981 1609 agit,
2027 1544 2177 1590 suae
2220 1523 2462 1612 pocius·
2484 1520 2618 1605 glo-

266 1643 408 1710 riae
456 1662 647 1728 quam
689 1641 891 1727 ipsius
935 1642 1032 1707 rei
1057 1639 1391 1707 ‘deservire
1435 1645 1714 1727 putatur.
1784 1639 2218 1727 Ariopagitae,
2264 1638 2618 1724 castigatis-

266 1759 422 1826 simi
467 1757 731 1825 Greciae
776 1762 841 1824 et
881 1743 1276 1823 Athenarum
1319 1756 1578 1842 iudices,
1623 1777 1827 1844 neque
1870 1757 2173 1843 proemiis
2200 1776 2317 1823 nec
2351 1755 2616 1843 epilogis

266 1894 658 1962 quemquam
724 1874 817 1939 uti
870 1872 1352 1960 permittebant,
1422 1878 1519 1939 set
1573 1873 1849 1960 simplici
1906 1879 1970 1940 et
2026 1874 2287 1940 minime
2341 1871 2620 1939 colorata

266 1991 669 2072 narratione3
739 1991 831 2057 sic
888 1989 1103 2055 omnia
1152 2008 1315 2075 pene
1371 1988 1714 2056 rethorices
1780 1994 2081 2076 precepta
2137 1988 2614 2075 quassabantur.

264 2107 391 2174 Est
434 2112 653 2173 tamen
695 2104 1012 2172 interdum
1055 2105 1124 2170 in
1170 2104 1473 2172 aecclesia
1514 2105 1785 2191 quedam
1827 2126 2042 2172 rerum
2087 2106 2500 2192 oportunitas,
2549 2104 2618 2171 in

265 2243 398 2309 qua
428 2221 680 2288 dicendi
710 2220 1049 2288 artificium
1076 2221 1724 2308 inreprehensibiliter
1752 2228 2099 2305 exercetur,
2146 2225 2212 2288 et
2239 2222 2515 2287 maxime
2550 2222 2619 2286 in

263 2338 646 2426 predicandi
711 2336 935 2406 officio.
1028 2336 1101 2404 In
1165 2339 1343 2404 cuius
1409 2338 1650 2422 gratiae
1710 2338 2100 2425 principatu,
2166 2357 2306 2403 meo
2364 2337 2617 2424 quidem

263 2454 539 2539 iudicio,
599 2455 857 2541 ponitur
912 2454 1012 2521 vir
1054 2458 1416 2520 nostrorum
1459 2460 1816 2540 temporum
1859 2453 2043 2520 valde
2088 2453 2352 2520 illustris
2396 2452 2619 2534 B(ern-

264 2570 537 2652 hardus)
584 2569 1062 2639 Clarevallensis
1110 2569 1324 2637 abbas.
1395 2568 1726 2637 Oratorem
1769 2590 1911 2638 eum
1940 2590 2068 2637 non
2097 2570 2413 2637 immerito
2442 2569 2620 2637 dixe-

264 2689 417 2772 rim,
465 2688 577 2773 qui
622 2688 661 2754 a
702 2682 1092 2755 rethoribus⁸
1139 2685 1478 2753 diffinitur:
1532 2675 1645 2753 Vir
1675 2689 1871 2754 bonus
1903 2690 2157 2753 dicendi
2190 2691 2448 2775 peritus.
2520 2687 2620 2753 Si·

266 2804 532 2892 quidem
567 2804 666 2869 vir
695 2803 802 2871 ille
835 2804 1056 2887 bonus,
1088 2803 1276 2888 longo
1313 2803 1551 2870 heremi
1580 2803 1871 2889 squalore
1896 2809 1965 2870 et
1992 2803 2245 2871 ieiuniis
2277 2823 2350 2870 ac
2377 2802 2619 2891 pallore

265 2921 594 2988 confectus
639 2924 704 2986 et
744 2920 814 2985 in
860 2919 1176 3005 quandam
1222 2919 1572 3006 spiritualis
1616 2920 1858 2986 formae
1902 2920 2275 2987 tenuitatem
2306 2919 2619 3002 redactus,

263 3037 454 3126 prius
499 3036 838 3123 persuadet
877 3037 1051 3102 visus
1098 3057 1285 3121 quam
1332 3036 1601 3102 auditus.
1674 3035 1932 3123 Optima
1976 3036 2032 3102 ei
2080 3036 2119 3102 a
2146 3035 2283 3102 Deo
2323 3055 2619 3102 concessa

265 3159 369 3222 est
397 3158 631 3219 natura
640 3152 686 3238 ⁶,
731 3152 1001 3219 eruditio
1038 3172 1304 3237 summa,
1335 3152 1648 3219 industria
1676 3152 2207 3239 incomparabilis,
2240 3151 2617 3217 exercicium

264 3271 527 3355 ingens,
578 3268 1014 3356 pronunciatio
1061 3274 1309 3354 aperta,
1365 3275 1576 3353 gestus
1620 3269 1902 3356 corporis
1949 3268 2030 3335 ad
2075 3288 2325 3335 omnem
2370 3266 2619 3333 dicendi

266 3386 537 3452 modum
557 3385 1103 3452 accommodatus.
1175 3384 1317 3450 Non
1362 3385 1557 3469 igitur
1599 3386 1863 3469 mirum,
1910 3385 1966 3450 si
2010 3385 2253 3471 potenti
2298 3388 2617 3450 tantarum

266 3521 491 3569 rerum
523 3501 758 3570 virtute
789 3502 1023 3568 excitat
1054 3500 1457 3586 dormientes,
1505 3501 1720 3585 immo,
1768 3506 1839 3567 ut
1867 3499 2011 3586 plus
2042 3500 2268 3584 dicam,
2313 3504 2615 3583 1110111108,

266 3624 335 3686 01
363 3617 642 3684 1)01111110
689 3621 1063 3705 cooperante
1108 3622 1172 3683 et
1215 3634 1568 3684 sermonem
1612 3614 2021 3683 confirmante
2068 3616 2294 3683 alterat
2333 3615 2616 3682 homines

177 3728 180 3733 ’
266 3740 335 3802 01
389 3733 476 3799 ad
517 3733 736 3818 iugum
779 3732 902 3800 Dei
945 3731 1142 3798 trahit
1186 3734 1499 3821 captivos,
1561 3733 1671 3819 qui
1713 3733 1967 3798 fuerant
2008 3732 2077 3798 in
2122 3732 2408 3799 curribus
2453 3730 2617 3798 Pha-

264 3848 508 3918 raonis.
601 3847 785 3916 Hunc
848 3853 921 3914 tu
982 3869 1129 3915 vere
1185 3848 1452 3917 dixisses
1511 3847 1940 3934 eloquentem,
2000 3848 2108 3934 qui
2166 3869 2292 3915 non
2352 3848 2619 3915 destruit

417 3987 461 4020 a.
503 3962 640 4033 poss‘t'
666 3991 705 4020 c.
827 3972 872 4019 b.
903 3971 1154 4019 medendos
1186 3992 1224 4019 c.
1352 3987 1391 4020 c.
1423 3973 1719 4033 inpugnatum
1752 3991 1792 4020 c.
1914 3973 1959 4020 d.
1992 3990 2124 4034 super
2153 3976 2316 4021 natura
2355 3976 2507 4020 icam
2534 3990 2617 4032 ρο-

266 4057 406 4103 euna
438 4063 506 4102 est
538 4054 595 4100 ei.

416 4141 467 4195 1.
505 4156 576 4195 ex
601 4138 767 4195 Gellii
800 4137 923 4193 libr.
949 4137 993 4192 1.
1020 4138 1070 4206 6,
1095 4138 1132 4192 4
1167 4137 1460 4206 desumpta
1496 4144 1626 4194 sunt
1659 4139 1845 4195 omnia
1876 4138 2041 4195 haec:
2078 4140 2277 4209 „aliter
2315 4153 2511 4194 censor
2546 4168 2613 4179 -

269 4228 744 4299 inpropugnatum
769 4227 1042 4297 relinquat
1053 4226 1097 4282 “.
1236 4228 1289 4281 2.
1325 4227 1487 4297 „Non
1512 4242 1644 4298 ergo
1673 4258 1737 4268 —
1763 4227 2055 4283 videatur“
2078 4227 2303 4296 scripsit
2325 4226 2616 4282 wibaldus

269 4317 546 4374 imitando
571 4316 739 4373 Gellii
775 4316 840 4384 (1.
867 4317 917 4385 6,
942 4317 999 4384 5)
1024 4315 1207 4372 locum
1231 4312 1406 4370 hunc:
1443 4315 1591 4387 „Sed
1628 4316 1775 4372 enim
1799 4316 2095 4384 Metellum,
2132 4315 2326 4385 iuquit,
2362 4319 2613 4371 sanctum

268 4407 481 4476 virum,
525 4405 624 4461 illa
655 4405 929 4476 gravitate
974 4408 1033 4461 et
1067 4401 1177 4459 fide
1222 4403 1556 4473 praeditum,
1595 4435 1663 4446 —
1701 4403 1853 4474 apud
1898 4404 2163 4473 populum
2198 4405 2504 4461 Romanum
2539 4404 2616 4460 lo-

269 4500 565 4566 quentem,
610 4493 752 4549 nihil
798 4493 986 4550 decuit
1029 4492 1182 4550 aliud
1226 4492 1437 4562 dicere,
1492 4509 1657 4564 quam
1703 4493 1854 4563 quod
1889 4508 2080 4549 verum
2127 4508 2249 4549 esse
2296 4493 2403 4550 sibi
2449 4498 2616 4564 atque

273 4583 534 4641 omnibus
566 4582 916 4641 videbatur“.
1056 4584 1111 4640 3.
1148 4598 1185 4639 a
1216 4583 1289 4639 M.
1318 4582 1529 4642 Catone
1563 4599 1654 4654 ap.
1679 4582 2000 4650 Quintilian.
2034 4582 2162 4638 XII.
2200 4583 2249 4653 1,
2288 4583 2337 4639 1.
