3319 5242
950 472 1249 521 wmanm
1290 472 1665 522 ammonas.
1705 472 1782 520 ss.
1814 472 1890 520 90.
2468 455 2594 522 163

267 617 496 679 vestrae
539 613 907 681 discretioni
952 615 1439 701 transscriptum
1471 615 1840 701 direximuS,
1886 614 2387 681 animadvertere
2416 620 2594 701 pote-
2635 610 2788 673 1148·

264 728 410 795 ritis.
546 728 929 796 Dulcissimo
972 736 1174 817 pater,
1221 731 1539 798 neminem
1584 731 1755 817 apud
1798 735 2074 797 vestram
2122 750 2455 797 censuram
2491 750 2596 797 ac-

260 863 468 912 cusare
510 845 800 913 volumus
844 865 961 913 nec
1004 851 1285 914 vestram
1327 847 1876 913 mansuetudinem
1918 846 1998 912 ad
2027 848 2419 914 iracundiam
2447 867 2595 933 pro-

261 980 501 1045 vocare,
558 967 658 1028 set
711 966 845 1028 tam
887 964 1197 1030 veraciter
1254 983 1443 1048 quam
1488 963 1767 1030 breviter
1809 968 2057 1030 vestrae
2102 964 2328 1051 pietati
2369 983 2595 1047 sugge-

259 1078 478 1161 rimus,
540 1078 707 1164 quod
760 1078 859 1162 hi,
918 1099 958 1145 a
1012 1079 1238 1164 quibus
1296 1099 1456 1165 puer
1506 1100 1622 1146 rex
1678 1080 1816 1164 regi
1875 1079 2120 1163 debuit,
2177 1079 2324 1145 huic
2369 1099 2597 1146 causae

259 1193 662 1278 obstiterunt,
721 1215 1118 1282 summopere
1162 1194 1551 1280 laborantes,
1597 1201 1672 1262 ut
1717 1196 1956 1281 aliquid
2000 1195 2069 1260 in
2111 1193 2412 1262 Fuldensi
2458 1215 2598 1261 aec-

258 1308 439 1376 clesia
489 1309 701 1394 fieret,
762 1311 932 1396 quod
972 1317 1251 1378 vestram
1306 1312 1748 1379 auctoritatem
1793 1311 2188 1397 aliquatenus
2234 1310 2594 1379 offenderet.

258 1424 377 1492 Nos
419 1433 638 1494 autem
681 1426 867 1511 longe
911 1428 1105 1514 positi
1137 1448 1408 1512 eramus,
1458 1434 1522 1495 et
1552 1419 1926 1514 quandoque
1955 1433 2280 1516 presentes
2310 1427 2597 1515 pluribus

258 1547 317 1609 et
341 1543 691 1610 maioribus
721 1544 956 1610 nostris
984 1544 1176 1610 reniti
1205 1564 1333 1611 non
1363 1544 1745 1612 valebamus.
1882 1543 2308 1612 Peticionibus
2337 1544 2596 1628 nostris,

256 1677 369 1743 que
421 1660 644 1726 subter
698 1680 983 1726 annexae
1041 1665 1221 1744 sunt,
1280 1680 1498 1727 aurem
1542 1665 1821 1727 vestram
1867 1660 2207 1727 clementer
2251 1679 2599 1726 accommo-

255 1774 411 1859 date,
456 1781 556 1858 ut,
604 1775 719 1842 sub
754 1776 982 1843 umbra
1013 1775 1256 1842 alarum
1301 1782 1658 1843 vestrarum
1689 1777 1969 1844 securius
1999 1776 2305 1860 viventes,
2350 1782 2599 1844 vestrae

253 1891 674 1975 magnitudini
716 1892 1004 1958 devotius
1051 1897 1115 1958 et
1158 1892 1414 1959 uberius
1461 1894 1700 1959 servire
1746 1891 2085 1958 valeamus.
2253 1891 2377 1959 Pro
2421 1913 2599 1959 recu-

254 2014 470 2093 perata
530 2009 803 2075 sanitate
846 2013 1060 2075 vestra
1105 2008 1240 2074 Deo
1299 2009 1537 2102 gratias
1582 2008 1915 2075 referimus
1929 2059 1948 2093 ‚
2006 2013 2258 2075 orantes
2272 2058 2291 2092 ‚
2346 2013 2421 2074 ut
2461 2010 2602 2096 ipse

254 2124 330 2189 ad
369 2126 664 2209 regimen
707 2124 1047 2192 aecclesiae
1090 2125 1435 2192 catholicae
1465 2126 1576 2192 diu
1603 2130 1884 2191 vestram
1914 2124 2317 2191 sanctitatem
2348 2144 2601 2191 servare

252 2239 633 2308 incolumem
679 2239 991 2325 dignetur.

256 2469 375 2542 90.
430 2475 762 2540 Com-adua
787 2473 900 2539 ΠΙ
913 2497 1045 2555 rex,
1082 2473 1578 2562 Hierosolymam
1607 2483 1842 2556 nactus,
1885 2472 2179 2539 Ηεὺινίσο
2211 2475 2444 2539 iuniori
2470 2477 2607 2562 φερε·

423 2592 715 2657 virtutem
757 2590 991 2655 suadet.
1060 2590 1258 2655 Addit
1302 2590 1379 2655 de
1426 2591 1555 2654 eius
1585 2612 1725 2655 oum
1757 2589 2056 2655 avunculo
2087 2590 2601 2674 reconciliatione,

428 2709 511 2773 de
555 2706 1055 2772 ”sinister-idibus
1098 2708 1243 2787 wia,
1292 2706 1369 2771 de
1413 2704 1686 2771 Hem-ico
1732 2708 1976 2771 notario
1990 2715 2029 2770 ⁸.

427 2838 804 2907 Cuonradus
834 2836 955 2904 Dei
999 2838 1204 2922 gratia
1246 2837 1672 2905 Romanorum
1716 2858 1832 2905 rex
1875 2838 2109 2905 iuniori
2139 2839 2275 2923 regi
2304 2839 2600 2909 Heinrico

248 2958 530 3042 gratiam
574 2974 756 3021 suam
801 2959 865 3020 et
908 2974 1092 3020 omne
1133 2954 1387 3020 bonum.

429 3072 747 3151 Quoniam
791 3070 1090 3137 hactenus
1134 3076 1436 3157 paternae
1478 3071 1869 3137 reverentiae
1912 3075 2164 3138 nostrae
2207 3072 2495 3160 inspectu
2539 3079 2606 3140 et

247 3188 542 3256 fidelium
595 3193 955 3253 nostrorum
1012 3187 1358 3252 ammonitu
1372 3235 1391 3269 ,
1449 3186 1614 3252 sicut
1670 3186 2024 3253 audivimus
2037 3236 2058 3271 ‚
2113 3192 2247 3255 tam
2289 3190 2607 3257 honestati

250 3326 448 3392 quam
492 3303 720 3371 virtuti
762 3302 1033 3370 viriliter
1078 3302 1381 3370 studuisti
1410 3306 1475 3368 et
1504 3304 1573 3368 in
1601 3302 1701 3369 his
1734 3304 1811 3369 ad
1842 3302 2143 3371 honorem
2173 3309 2238 3371 et
2264 3305 2603 3373 utilitatem

249 3423 436 3507 regni
483 3425 554 3488 et
594 3425 878 3487 nostram
909 3440 1026 3506 pro
1058 3424 1341 3506 tempore
1373 3419 1755 3503 satisfecisti,
1800 3426 2067 3507 paterna
2093 3422 2339 3488 viscera
2366 3428 2605 3507 nostra,

251 3539 309 3607 si
356 3538 577 3623 aliquo
621 3535 835 3604 labore
884 3533 1107 3603 affecta
1149 3535 1429 3619 fuerant,
1487 3534 1688 3602 bonae
1743 3536 1971 3603 indolis
2026 3542 2173 3605 tuae
2226 3537 2399 3604 fama
2441 3538 2607 3606 refo-

250 3654 487 3723 cilasti.
559 3651 829 3719 Paterne
880 3652 1074 3737 igitur
1128 3656 1193 3718 te
1236 3670 1561 3717 monemus
1616 3657 1804 3738 atque
1848 3653 2157 3721 monendo
2200 3656 2606 3742 precipimus,

249 3771 306 3837 si
354 3775 435 3837 ut
475 3774 728 3856 patrem
771 3788 887 3835 nos
933 3767 1141 3852 diligis
1155 3816 1175 3851 ‚
1222 3767 1277 3834 si
1322 3767 1560 3834 vereris
1605 3774 1679 3834 ut
1719 3768 2074 3854 dominum,
2120 3770 2290 3856 quod
2329 3773 2397 3837 in
2441 3772 2606 3840 bono

250 3884 590 3973 proposito
635 3889 743 3950 tuo
791 3884 1073 3951 animum
1116 3904 1317 3971 ponas
1360 3884 1969 3968 constantissimum3
2017 3887 2183 3954 unde
2227 3888 2427 3955 honor
2459 3894 2605 3955 tuus

252 4022 329 4068 ac
355 4006 583 4068 noster
606 4000 686 4067 de
711 4001 812 4067 die
833 4001 902 4066 in
923 4001 1091 4068 diem
1114 4000 1495 4067 exaltabitur
1528 4006 1591 4067 et
1620 4000 1969 4068 emulorum
2000 4008 2361 4071 nostrorum
2389 4004 2608 4090 iniqua

252 4118 471 4186 rabies
518 4116 967 4204 amputabitur.
1057 4115 1127 4183 Si
1178 4123 1391 4184 autem
1433 4118 1590 4185 haec
1631 4118 1932 4185 mandata
1972 4124 2194 4187 nostra
2232 4119 2606 4204 neglexeris,

254 4233 441 4302 omni
466 4233 704 4300 honore
739 4232 778 4298 a
797 4232 978 4299 nobis
1007 4232 1124 4299 tibi
1158 4233 1386 4301 collato
1420 4239 1485 4300 et
1517 4234 1721 4301 adhuc
1750 4236 1868 4303 tibi
1903 4236 2273 4303 conferendo
2305 4235 2609 4303 inerciam

250 4355 443 4418 tuam
493 4348 887 4437 privabimus
940 4367 1059 4415 nec
1115 4349 1340 4416 amodo
1396 4348 1597 4416 filium
1651 4357 1941 4417 nostrum
1996 4351 2294 4420 dilectum
2337 4356 2401 4420 te
2446 4352 2608 4418 iudi-

255 4466 566 4535 cabimus.
704 4463 803 4532 De
835 4464 1246 4532 conventione
1279 4466 1571 4533 avunculi
1599 4466 1696 4533 tui
1723 4472 1932 4535 tecum
1976 4473 2042 4535 et
2080 4468 2610 4536 reconciliationis

413 4602 455 4637 ι
495 4592 624 4638 Heec
653 4605 723 4649 ep.
753 4589 882 4636 odila
912 4598 980 4637 ue
1009 4592 1055 4637 in
1089 4592 1218 4637 Mon.
1239 4592 1383 4638 Germ.
1411 4592 1509 4639 a.
1532 4595 1595 4639 11.
1625 4591 1702 4639 85.

2068 4677 2183 4735 11*

2643 694 2762 753 Anu.

2651 2851 2790 2907 1148
