3319 5242
503 590 641 644 1147

449 664 573 722 Sept.
598 663 696 710 Oct.

552 1903 688 1958 1147

576 1977 677 2023 Oct.

738 427 865 493 132
1434 440 1734 492 wmALm
1777 444 2151 493 nmsrom
2192 442 2269 491 54.
2301 443 2376 492 5⁵.

733 591 799 653 et
851 584 1223 671 disciplinae
1277 585 1583 670 regularis
1642 587 1916 653 doctore.
2007 586 2109 654 En
2123 636 2142 670 ,
2201 607 2360 672 quae
2415 584 2586 651 mala
2634 605 2752 672 per
2794 585 3073 652 subditos

731 701 912 767 nobis
958 707 1373 786 succrescant,
1420 702 1773 787 intelligitis
1820 709 1903 786 et,
1952 704 2101 788 quia
2134 703 2584 768 detrimentum
2613 702 2699 767 sit
2728 703 2903 767 omni
2932 722 3076 789 pro-

731 818 937 904 posito
982 823 1219 901 nostro,
1268 818 1462 884 scitis.
1532 818 1638 883 Ad
1682 819 1858 884 cuius
1904 819 2000 886 rei
2045 816 2541 885 sublevationem
2580 818 2946 884 testimonio
2977 838 3075 892 ve-

732 939 864 1001 stro
912 935 1138 1000 domno
1185 933 1529 1021 apostolico
1575 933 1904 1018 dirigendo
1950 933 2132 999 nobis
2179 934 2319 999 sitis
2366 935 2434 1000 in
2463 933 2981 1018 consolationem,
3025 935 3079 999 si

732 1051 814 1116 ad
856 1052 1195 1118 terminum
1242 1054 1494 1117 nostrae
1539 1051 1889 1117 vocationis
1935 1050 2151 1116 venire
2195 1069 2324 1116 non
2367 1050 2647 1137 possitis.
2725 1049 3078 1129 Quomodo-

731 1187 996 1253 cumque
1054 1188 1122 1233 se
1179 1188 1282 1234 res
1336 1166 1598 1251 habeat,
1654 1186 1770 1233 nos
1817 1167 2103 1252 sequenti
2149 1166 2250 1233 die
2294 1172 2441 1253 post
2483 1167 2751 1233 festum·
2796 1167 3080 1232 omnium

729 1289 1089 1350 sanctorum
1109 1279 1125 1310 ¹
1170 1283 1375 1367 exire,
1437 1282 1688 1349 dilectio
1735 1288 1950 1349 vestra
1994 1282 2181 1366 sciat,
2232 1303 2421 1368 quam
2463 1283 2646 1349 nobis
2694 1282 2918 1349 adesse
2964 1283 3082 1350 ibi-

728 1401 892 1486 dem,
936 1399 1143 1468 fidelis
1189 1405 1533 1466 conventus
1578 1404 1795 1466 noster
1841 1398 2203 1483 diligentius
2247 1398 2578 1466 nobiscum
2622 1404 2820 1487 optat.

731 1649 855 1719 55.
918 1650 1237 1716 Wibaldus
1270 1650 1548 1716 Gnidoni
1577 1650 1948 1715 cancellario
1981 1650 2367 1714 conmendat
2396 1648 2678 1738 Aloffum
2706 1648 3079 1716 Fuldensem

919 1776 976 1830 et
1018 1764 1451 1830 Reinhardum
1494 1764 2013 1831 Reinehusensem
2058 1767 2324 1831 abbates.
2797 1762 2909 1846 (M.
2947 1766 3078 1847 33.)

903 1895 1268 1962 Reverendo
1326 1898 1497 1983 patri
1553 1918 1666 1963 suo
1725 1902 1787 1963 et
1839 1898 2093 1965 domino
2141 1897 2415 1964 Guidoni
2460 1903 2712 1965 sanctae
2754 1897 3080 1967 Romanae

727 2010 1027 2079 ecclesiae
1073 2010 1414 2078 cardinali²
1461 2018 1526 2079 et
1571 2012 1945 2080 cancellario
1975 2012 2302 2080 Wibaldus
2347 2014 2469 2081 Dei
2512 2015 2719 2097 gratia
2761 2015 2829 2080 id
2844 2065 2863 2100 ‚
2913 2016 3081 2102 quod

729 2133 827 2195 est
870 2129 939 2195 in
985 2128 1285 2195 aecclesia
1330 2127 1657 2212 catholica,
1706 2150 1773 2195 se
1818 2130 2029 2216 ipsum
2075 2150 2219 2196 cum
2264 2129 2395 2196 suis
2443 2131 2750 2197 omnibus.

905 2245 1263 2314 Audierunt
1307 2245 1493 2310 multi
1539 2266 1618 2311 ex
1664 2246 1967 2312 fratribus
2011 2247 2267 2330 nostriS,
2322 2247 2488 2331 quod
2530 2248 2886 2314 invenimus
2935 2269 3077 2331 gra-

727 2362 885 2427 tiam
930 2362 997 2426 in
1043 2367 1383 2448 conspectu
1429 2367 1669 2442 vestr03
1721 2367 1783 2427 et
1829 2362 2052 2428 iccirco
2101 2368 2426 2449 expetunt,
2475 2364 2770 2448 quatinus
2818 2384 2925 2430 eos
2973 2385 3075 2430 ve-

727 2483 896 2543 strae
943 2477 1313 2544 clementiae
1355 2478 1657 2543 attentius
1692 2478 2130 2544 commendare
2160 2479 2518 2545 debeamus.
2584 2479 2716 2545 Nos
2749 2481 2868 2546 etsi
2899 2499 3073 2546 vere·

730 2593 929 2660 eunde
975 2592 1093 2660 hoc
1125 2593 1411 2677 facimuS‚
1458 2594 1753 2661 timentes
1786 2614 2047 2661 onerare
2077 2601 2354 2662 mentem
2382 2601 2659 2663 vestram
2691 2616 2851 2682 quae
2879 2597 3073 2664 totius

728 2709 948 2774 mundi
1006 2710 1425 2776 sollicitudine
1482 2710 1673 2796 plena
1731 2717 1859 2795 est,
1917 2716 2132 2778 tamen
2190 2732 2265 2778 ea
2323 2712 2504 2778 nobis
2562 2713 2929 2796 gratissima
2983 2718 3076 2780 est

728 2827 1003 2909 occasio,
1065 2847 1225 2911 quae
1282 2826 1462 2892 nobis
1509 2831 1786 2893 vestram
1845 2827 2240 2894 dulcedinem
2285 2828 2585 2894 visitandi
2641 2834 2703 2895 et
2759 2829 3075 2895 salutandi

726 2944 1060 3010 materiam
1107 2947 1367 3028 prestat.
1429 2942 1693 3009 Vestrae
1733 2943 1946 3028 itaque
1977 2944 2247 3010 bonitati
2277 2944 2784 3010 commendamus
2813 2945 3076 3012 fratrem

728 3065 1017 3125 nostrum
1061 3059 1440 3125 Fuldensem
1487 3059 1781 3126 abbatem
1795 3054 1839 3143 ⁸,
1896 3065 1968 3126 ut
2012 3081 2128 3147 pro
2173 3066 2425 3127 nostrae
2471 3060 2794 3147 petitionis
2840 3061 3078 3127 intuitu

726 3194 983 3241 causam
1049 3175 1249 3261 ipsius
1306 3180 1637 3261 protegere
1693 3176 2060 3259 dignemini.
2153 3175 2510 3261 Siquidem,
2579 3177 2746 3262 quod
2800 3177 2877 3243 de
2937 3179 3077 3264 ipso

727 3291 909 3357 nobis
964 3297 1356 3376 compertum
1414 3296 1539 3374 est,
1598 3290 1697 3356 vir
1751 3296 2039 3357 maturus
2099 3296 2162 3357 et
2212 3293 2423 3375 gravis
2472 3297 2569 3359 est
2611 3297 2676 3358 et
2716 3293 2784 3357 in
2829 3294 3079 3360 recolli-

728 3407 948 3491 gendis
1008 3406 1509 3493 possessionibus
1570 3412 1634 3473 et
1679 3406 2072 3474 edificatione
2117 3408 2214 3474 sui
2258 3409 2628 3480 monasterii
2672 3414 2967 3475 constans
3017 3414 3082 3476 et

728 3522 923 3589 utilis.
1009 3521 1106 3587 De
1153 3521 1531 3588 adversariis
1578 3524 1710 3588 suis
1756 3528 1996 3589 certum
2044 3528 2159 3606 est,
2207 3524 2370 3607 quod
2417 3530 2637 3590 contra
2678 3527 3079 3611 propositum

729 3659 913 3704 suum
958 3638 1248 3720 veniunt,
1299 3637 1427 3723 qui,
1473 3638 1695 3705 relicta
1737 3639 2146 3725 professionis
2193 3659 2343 3705 suae
2389 3640 2807 3724 observantia,
2855 3648 3079 3707 contra

726 3753 1010 3837 regulam
1068 3773 1344 3838 sacram,
1404 3775 1593 3839 quam
1652 3776 1845 3821 manu
1891 3755 2126 3841 scripto
2175 3759 2240 3821 et
2281 3756 2428 3821 viva
2470 3775 2623 3822 voce
2667 3777 2734 3823 se
2779 3756 3078 3824 observa-

727 3874 904 3935 turos
962 3869 1464 3955 spoponderunt,
1523 3870 1742 3937 litibus
1787 3876 2017 3937 vacant
2060 3876 2320 3958 propter
2365 3872 2775 3939 ambitionem
2820 3878 2884 3939 et
2928 3894 3076 3961 pro-

727 3986 870 4072 pria
912 3985 1258 4072 possident,
1307 4007 1385 4053 ex
1433 3987 1658 4073 quibus
1691 4007 1999 4074 expensas
2029 3988 2330 4054 itinerum
2358 3988 2687 4074 potiuntur
2698 3988 2741 4054 ¹’.
2879 3987 3076 4056 Lator

728 4103 1151 4188 presentium,
1211 4103 1309 4167 vir
1353 4104 1730 4170 venerabilis
1774 4103 2261 4170 Reinehusensis
2321 4098 2566 4188 abbas⁴,
2623 4110 2878 4172 nostrae
2925 4106 3073 4172 ado-

727 4216 1066 4284 lescentiae
1112 4220 1415 4307 magister
1462 4239 1534 4285 ac
1562 4223 1897 4305 preceptor
1929 4225 1992 4286 et
2021 4220 2087 4285 in
2120 4219 2350 4285 divinis
2382 4219 2698 4306 obsequiis
2728 4221 3072 4303 institutor,

872 4375 913 4408 a.
952 4361 1119 4407 festum
1156 4385 1205 4393 —
1243 4364 1502 4407 sanctorum
1533 4364 1579 4407 ἰιι
1610 4363 1761 4407 litum.
1887 4361 1933 4407 b.
1974 4363 2207 4421 patiuntur
2240 4382 2277 4409 c.

870 4457 921 4511 1.
969 4456 1110 4512 Nov.
1134 4458 1187 4511 2.
1330 4458 1384 4512 2.
1432 4455 1571 4511 diac.
1609 4455 1760 4511 card.
1795 4454 1892 4512 SS.
1928 4456 2161 4514 Cosmae
2196 4462 2255 4513 et
2289 4456 2561 4513 Damiani.
2703 4458 2758 4514 3.
2803 4456 3071 4516 Alolfum.

724 4544 778 4599 4.
814 4543 1177 4601 Reinhardus.
