3319 5242
719 384 852 451 294
1473 402 1772 450 wmALm
1814 402 2142 450 urrsrom
2190 401 2294 448 173.

545 548 683 606 1149
717 549 903 610 terna
943 562 1060 630 per
1102 543 1310 610 Iesum
1357 543 1678 612 Christum
1707 543 2026 612 liberatos.
2096 544 2233 611 Hoc
2260 564 2491 612 nomen
2519 545 2847 614 invocetur
2873 566 3044 633 super

719 680 866 745 nos,
924 659 1090 746 quod
1145 680 1271 726 non
1321 660 1534 747 perdit
1576 660 1868 729 innoxios
1926 681 2044 728 nec
2089 661 2296 728 salvat
2335 668 2662 745 nocentes3
2719 664 3043 745 invocetur,

720 777 1007 863 inquam,
1065 797 1194 843 non
1239 777 1528 844 obdurati
1576 778 1783 845 cordis
1828 782 1893 845 et
1935 775 2207 844 infidelis
2253 778 2382 844 oris
2427 777 2700 864 alloquio
2745 784 2843 846 set
2883 780 3045 845 inno-

722 894 964 960 centiae
1008 899 1073 961 et
1115 893 1413 980 puritatis
1460 895 1778 981 obsequio.
1946 892 2245 960 Pteterea
2283 914 2411 960 non
2442 894 2814 962 dissimilem
2841 895 3046 982 impie-

722 1011 874 1077 tatis
907 1031 1182 1077 errorem
1212 1010 1553 1077 incurrisse
1584 1010 1888 1095 argaei-ia,
1935 1010 2006 1075 in
2046 1030 2119 1076 eo
2150 1009 2411 1095 scilicet,
2458 1011 2624 1097 quod
2652 1016 3047 1078 mercatorem

722 1127 1053 1212 quendam,
1087 1125 1473 1193 secularibus
1514 1126 1633 1193 tibi
1664 1132 1728 1193 et
1755 1126 2092 1213 prohibitis
2122 1127 2512 1194 commerciis
2543 1128 2784 1194 socium
2816 1133 2882 1194 et
2909 1128 3048 1194 ami-

721 1264 885 1327 cum,
933 1243 1585 1310 anathematizaveris.
1681 1242 1858 1310 Soles
1906 1244 2095 1327 enim,
2141 1242 2427 1310 tractatis
2471 1250 2757 1312 recenter
2801 1243 3049 1311 vivificis

721 1361 1163 1444 sacramentis,
1222 1364 1405 1427 extra
1460 1359 1826 1427 aecclesiam
1879 1359 1949 1426 in
1993 1360 2373 1427 cimiterium
2415 1359 2686 1428 fratrum
2730 1361 2906 1428 exire
2919 1411 2938 1445 ‚
2988 1365 3051 1425 ut

722 1477 868 1544 inde
911 1475 1118 1563 possis
1160 1475 1463 1562 oppidum
1493 1475 1929 1560 Horenhusen,
1980 1477 2148 1563 quod
2177 1478 2246 1543 in
2274 1475 2440 1543 valle
2470 1477 2661 1543 situm
2694 1481 2811 1561 est,
2857 1476 3048 1563 despi-

722 1613 864 1660 cere
910 1597 992 1676 et,
1040 1590 1462 1678 contemplata
1507 1592 1692 1658 domo
1737 1592 1834 1658 tui
1877 1591 2131 1676 sodalis,
2177 1592 2389 1679 ipsum
2420 1598 2485 1659 et
2510 1613 2771 1660 uxorem
2809 1613 2884 1660 ac
2908 1592 3048 1659 libe-

723 1728 827 1774 ros
873 1708 1430 1774 excommunicare.
1502 1707 1654 1786 Quis
1700 1713 1765 1773 te
1810 1709 2137 1775 constituit
2178 1709 2530 1796 principem
2574 1709 2839 1796 populi?
2908 1708 3050 1774 Cum

724 1825 805 1890 ad
857 1823 1217 1911 presbiterii
1270 1824 1537 1908 gradum
1606 1824 1981 1909 ascendisti,
2049 1829 2431 1911 potestatem
2495 1825 2796 1912 accepisti
2850 1845 3049 1892 couse-

723 1940 943 2007 crandi
972 1959 1198 2027 corpus
1230 1945 1293 2009 et
1322 1940 1696 2025 sanguinem
1723 1940 2003 2024 Domini,
2043 1961 2173 2007 non
2200 1946 2579 2028 potestatem
2609 1941 2849 2026 ligandi
2881 1947 3050 2027 atque

723 2055 1023 2123 solvendi.
1094 2056 1274 2124 Hanc
1315 2062 1698 2145 potestatem
1728 2058 1970 2145 accepit
2001 2056 2303 2124 aecclesia
2345 2057 2653 2124 catholica
2695 2077 2841 2124 cum
2884 2058 3048 2125 beato

720 2171 931 2256 Petro,
977 2178 1077 2240 set
1117 2193 1245 2240 non
1292 2178 1389 2240 est
1434 2172 1663 2240 diffusa
1705 2174 1774 2240 in
1819 2194 2057 2258 omnes,
2104 2175 2212 2259 qui
2257 2173 2630 2241 sacerdotali
2674 2172 2880 2240 officio
2922 2175 3049 2240 fun-

723 2295 988 2374 guntur,
1046 2294 1145 2356 set
1188 2290 1279 2356 eis
1324 2294 1572 2357 tantum
1617 2288 1877 2374 collata,
1937 2289 2046 2376 qui
2090 2289 2172 2356 ad
2216 2309 2404 2357 curae
2449 2289 2798 2376 spiritualis
2845 2289 3047 2356 ammi·

722 2405 1161 2472 nisti-ationem
1191 2405 1525 2491 eliguntur.
1595 2406 1823 2474 Nonne
1852 2425 1996 2472 cum
2025 2405 2181 2472 talia
2224 2406 2381 2491 εις-18,
2425 2404 2687 2472 Balaam
2720 2407 3048 2494 prophetae

721 2521 1094 2606 recordaris,
1141 2523 1250 2607 qui
1294 2522 1374 2589 ad
1409 2522 1914 2590 maledicendum
1942 2522 2176 2610 populo
2205 2522 2328 2590 Dei
2358 2522 2640 2589 ascendit
2667 2522 2738 2587 in
2765 2527 3048 2605 montem,

724 2644 789 2705 et
831 2644 1078 2706 cecatus
1126 2639 1436 2706 avariciae
1481 2640 1759 2707 tenebris
1772 2690 1791 2725 ,
1848 2640 2088 2706 tociens
2145 2639 2499 2727 prohibitus
2512 2689 2531 2723 ,
2588 2639 2740 2705 dum
2785 2640 3047 2727 pertina-

723 2756 880 2822 citer
933 2755 1307 2822 maledicere
1364 2755 1681 2822 desiderat
1695 2805 1716 2840 ,
1777 2755 2067 2843 copiosae
2130 2755 2584 2823 benedictionis
2638 2775 2871 2821 munus
2925 2774 3048 2821 cum

723 2870 932 2956 gratia
975 2871 1352 2959 prophetae·
1398 2871 1704 2938 contulit?
1773 2871 1880 2939 Sic
1906 2871 2298 2957 benedicitis,
2344 2892 2489 2939 cum
2531 2871 2910 2939 maledicere
2951 2891 3049 2957 pu-

723 2989 905 3070 tatis;
955 2994 1020 3056 et
1063 2988 1450 3054 convertitur
1491 2988 1560 3054 in
1605 3008 1719 3054 vos
1762 2986 2121 3054 maledictio
2136 3038 2155 3074 ,
2202 2992 2266 3055 et
2308 2987 2540 3053 transit
2582 2987 2662 3054 ad
2706 2990 3049 3075 proximum

725 3106 1098 3173 benedictio.
1167 3103 1458 3171 Vidimus
1513 3105 1582 3171 in
1638 3104 2013 3190 quibusdam
2064 3103 2224 3170 illud
2280 3103 2646 3191 psalmistae
2699 3104 3047 3192 impletum:

725 3225 1120 3310 Priusquam
1148 3222 1536 3303 humiliarer,
1572 3245 1684 3309 eqo
1716 3221 1960 3308 deliqui
1974 3216 2012 3299 ¹,·
2059 3226 2122 3288 et
2156 3241 2311 3306 quos
2339 3219 2728 3287 lascivientis
2758 3220 3051 3289 lubricum

726 3340 933 3405 carnis
980 3337 1319 3421 evertebat,
1365 3337 1517 3403 facti
1561 3337 1968 3404 subiectiores
2015 3341 2079 3404 et
2124 3337 2204 3404 ad
2244 3357 2494 3403 omnem
2522 3337 2807 3424 obsequii
2852 3345 2917 3405 et
2954 3357 3050 3425 pa-

727 3455 988 3522 tientiae
1032 3454 1272 3520 cultum
1314 3454 1759 3540 promptiores,
1806 3452 2371 3540 recompensabant
2412 3454 2695 3520 modeste
2739 3452 3049 3521 serviendo

730 3576 794 3638 et
844 3590 1052 3637 mores
1108 3569 1375 3637 aliorum
1433 3569 1798 3637 sustinendo
1813 3618 1834 3653 ,
1899 3568 2197 3656 quicquid
2252 3569 2566 3658 dispendii
2619 3569 2808 3657 lapsu
2863 3568 3050 3637 carnis

729 3687 1189 3754 commiserant.
1260 3686 1358 3752 Tu
1410 3705 1538 3751 non
1597 3685 1777 3751 audis
1821 3684 2032 3752 David
2076 3686 2417 3753 dicentem:
2474 3686 2690 3755 Nolite
2718 3688 2876 3772 fieri
2912 3690 3051 3752 sim

731 3827 922 3891 equus
969 3818 1027 3870 et
1066 3804 1271 3870 mulces
1282 3797 1325 3868 ².
1398 3801 1509 3869 Set
1540 3807 1872 3889 peccatum
1902 3807 2084 3868 tuum
2113 3807 2186 3869 ut
2215 3801 2488 3869 Sodoma
2514 3803 2808 3890 predicas
2853 3808 2917 3870 et
2941 3819 3049 3867 nou

732 3914 1097 3987 abscondis⁸
1145 3923 1237 4003 et,
1285 3919 1452 4005 quod
1496 3920 1845 4005 pessimum
1893 3923 2020 4003 est,
2075 3918 2434 3985 mentiendo
2480 3919 2746 3986 iurando
2792 3925 2858 3986 et
2897 3919 3048 3985 dete-

730 4037 953 4103 stando
1009 4036 1280 4103 fratrum
1335 4035 1578 4101 animos
1622 4032 1909 4101 offendis.
2088 4033 2336 4102 Diceris
2382 4035 2573 4102 etiam
2618 4035 2922 4122 quosdam
2960 4051 3046 4099 ca-

731 4158 1004 4220 racteres
1049 4152 1300 4237 habere,
1349 4156 1413 4220 et
1456 4151 1598 4217 illos
1634 4151 1718 4218 ad
1747 4150 2016 4237 quedam
2045 4151 2353 4239 prestigia
2391 4157 2456 4218 et
2485 4151 2828 4219 diabolicas
2856 4152 3046 4217 incau-

730 4270 1002 4336 tationes
1048 4275 1236 4354 atque
1279 4289 1431 4334 usus
1483 4267 1805 4355 improbos
1864 4268 2258 4336 conscribere
2271 4318 2290 4353 ,
2348 4268 2572 4353 quibus
2616 4288 2697 4335 ne
2742 4265 3046 4353 gentilium

875 4433 915 4466 ι
943 4419 1092 4484 ,mne
1122 4437 1162 4466 σ-

876 4517 923 4570 1.
960 4515 1052 4571 Ps.
1081 4515 1200 4585 118,
1224 4515 1311 4569 67.
1454 4515 1505 4569 2.
1545 4514 1637 4570 ΡΒ.
1663 4514 1750 4583 31,
1774 4513 1828 4568 9.
1969 4515 2019 4570 3.
2059 4513 2186 4570 lsai.
2210 4514 2262 4584 3,
2286 4513 2340 4569 9.
