3319 5242
729 417 863 485 504
1490 432 1789 480 wmanm
1832 429 2165 479 unsa-om
2211 429 2319 476 ³¹1⁸.

555 582 695 638 1152
730 577 1053 645 celeritate
1090 574 1435 659 Coloniam,
1480 579 1554 640 ut
1595 578 1775 641 tanto
1821 577 1989 640 esset
2023 567 2451 639 Coloniensis¹
2497 570 2577 637 ad
2621 568 3054 659 providendum

567 656 696 705 m*
729 694 825 762 rei
868 691 1158 780 publicae
1202 693 1444 759 cautior
1489 710 1565 758 ac
1605 689 1888 774 liberior,
1935 693 2170 775 quanto
2217 692 2385 756 esset
2424 688 2593 755 inter
2623 707 2771 754 suos
2801 687 2878 753 ab
2905 685 3057 753 omni

730 810 1130 878 turbulentae
1175 807 1605 876 conventionis
1649 806 1894 894 impetu
1940 804 2237 872 securior.

909 926 1227 1014 Ceperunt
1272 924 1496 992 deinde
1542 923 1776 990 summi
1820 921 2182 1010 principum
2229 939 2366 988 sese
2410 940 2527 1007 per
2554 920 2820 986 nuncios
2851 922 2913 985 et
2938 917 3063 985 lite-

730 1063 835 1110 ras
889 1042 966 1110 de
1011 1040 1298 1108 habendo
1342 1042 1512 1108 inter
1555 1061 1624 1108 se
1672 1039 1980 1125 colloquio
2025 1057 2142 1126 pro
2186 1037 2367 1121 regni
2413 1035 2809 1104 ordinatione
2854 1034 3065 1102 sollici-

730 1165 886 1227 tare.
982 1156 1209 1243 Sicque
1251 1157 1491 1224 factum
1538 1162 1666 1240 est,
1721 1162 1826 1239 ut,
1872 1174 2015 1221 cum
2059 1153 2249 1241 pauci
2295 1152 2636 1219 admodum
2681 1152 3068 1220 crederentur

565 1295 696 1343 um.
731 1276 1001 1359 venturi,
1048 1274 1329 1342 maxima
1356 1279 1571 1341 tamen
1602 1273 1981 1359 optimatum
2009 1270 2347 1337 multitudo
2385 1272 2465 1337 17
2499 1270 2601 1337 die
2629 1273 2778 1357 post
2808 1263 3068 1336 obitum'

730 1392 999 1482 predicti
1044 1389 1361 1475 magnifici
1405 1389 1715 1478 principis
1760 1389 1829 1455 in
1864 1387 2167 1476 oppidum
2195 1386 2674 1454 Frankenevort
2702 1385 3068 1453 convenerit.

730 1509 970 1595 Itaque,
1018 1506 1533 1575 concurrentibus
1565 1506 1845 1573 omnium
1873 1505 2061 1588 votis,
2109 1503 2323 1587 immo,
2368 1507 2442 1569 ut
2468 1503 2680 1570 verius
2711 1502 2952 1569 dictum
2978 1502 3072 1585 sit,

518 1651 649 1699 unt„
666 1651 696 1698 5
730 1644 1099 1715 precurrere
1166 1622 1552 1689 certantibus
1612 1620 2006 1706 singulorum
2061 1619 2390 1687 desideriis
2404 1669 2423 1704 ,
2494 1618 2729 1686 electus
2788 1624 2889 1685 est
2945 1637 3074 1684 cum

732 1762 980 1809 summo
1025 1739 1464 1807 universorum
1509 1740 1727 1807 favore
1769 1738 1826 1804 is
1840 1787 1860 1822 ‚
1917 1736 2027 1824 qui
2070 1755 2239 1821 nunc
2281 1755 2495 1803 rerum
2538 1735 2814 1821 potitur,
2870 1734 3076 1801 Fride-

733 1858 925 1942 ricus,
974 1857 1103 1924 dux
1149 1861 1336 1922 antea
1366 1855 1651 1923 Sueviae.
1720 1853 1808 1920 Et
1836 1853 1978 1941 pari
2009 1859 2074 1921 et
2120 1854 2340 1921 eadem
2385 1851 2711 1918 alacritate
2757 1856 2825 1917 et
2869 1850 3079 1917 ammi·

517 1997 649 2045 um.
670 1996 701 2044 9
733 1974 980 2043 ratione
1026 1973 1248 2059 quinta
1290 1971 1694 2060 postmodum
1739 1969 1842 2037 die
1886 1970 2181 2037 unctione
2226 1988 2408 2036 sacra
2435 1966 2807 2056 pontificum
2838 1969 2907 2034 in
2937 1966 3079 2034 solio

734 2093 915 2177 regni
970 2110 1145 2158 more
1190 2089 1502 2156 maiorum
1547 2086 1938 2174 Aquisgraui
1982 2086 2356 2154 sublimatus
2404 2089 2518 2152 est.
2705 2082 2901 2150 Salva
2943 2103 3079 2150 sane

734 2211 803 2277 in
862 2207 1151 2276 omnibus
1208 2206 1459 2273 divinae
1512 2203 2007 2293 omnipotentiae
2056 2202 2443 2286 reverentia,
2503 2220 2666 2287 quae
2710 2201 3079 2288 operabatur

734 2326 803 2393 in
850 2324 1143 2393 cordibus
1187 2322 1517 2389 hominum
1562 2321 1644 2388 ad
1686 2319 2120 2386 inclinandum
2164 2339 2382 2386 eorum
2409 2317 2767 2385 voluntates
2816 2300 3079 2403 quocun-

737 2462 860 2529 que
899 2439 1107 2524 vellet,
1151 2440 1220 2506 in
1265 2438 1385 2505 hac
1427 2443 1561 2505 tam
1605 2435 1963 2505 incredibili
2006 2441 2141 2502 tam
2186 2434 2377 2503 celeri
2421 2433 2757 2502 concordia
2799 2432 3080 2501 trahebat

737 2579 854 2627 sua
897 2576 1207 2644 quemque
1249 2553 1540 2621 voluntas
1551 2548 1592 2620 ⁸.

913 2673 1260 2743 Multorum
1305 2692 1432 2739 vox
1476 2675 1645 2755 erat,
1698 2674 1772 2736 ut
1814 2669 1883 2736 in
1927 2669 2069 2756 ipsa
2111 2667 2529 2756 impositione
2559 2666 2940 2734 diadematis
2983 2686 3078 2733 ex·

737 2791 1126 2882 peditionem
1155 2787 1488 2873 Ytalicam‚
1519 2808 1711 2874 quam
1752 2791 2014 2873 patruus
2045 2786 2180 2852 eius
2211 2789 2464 2852 strenue
2495 2783 2921 2868 ordinaverat,
2953 2784 3080 2870 ipse

495 2930 627 2979 uun
648 2929 708 2976 1o
737 2908 1023 2977 firmaret
1066 2926 1141 2973 ac
1183 2904 1531 2994 perficeret.
1607 2903 1910 2989 Sequenti
1946 2922 2095 2970 vero
2141 2901 2245 2969 die
2287 2906 2420 2968 tam
2462 2899 2857 2967 Coloniensis
2903 2918 3079 2986 quam

741 3025 1202 3113 episcoporum‚
1249 3022 1359 3108 qui
1401 3021 1534 3089 illic
1578 3020 1860 3103 aderant,
1906 3017 2239 3085 consilium
2284 3022 2350 3085 et
2393 3016 2745 3084 exhortatio
2791 3021 2955 3100 erat,
2999 3020 3080 3098 ut,

741 3142 964 3211 eadem
1004 3140 1140 3208 die·
1168 3138 1435 3206 militiae
1480 3136 1891 3204 sacramentis
1937 3136 2231 3223 acceptis,
2277 3132 2744 3221 expeditionem
2774 3130 3082 3198 Ytalicam

743 3260 825 3328 ad
854 3257 1313 3347 propulsandas
1361 3252 1743 3343 apostolicae
1781 3252 1948 3320 sedis
1992 3251 2257 3318 iniurias
2300 3253 2717 3337 promoveret.
2787 3246 2906 3315 Set
2948 3246 3082 3314 laici

741 3376 1061 3464 principes
1077 3424 1097 3461 ‚
1156 3370 1432 3460 simplici
1486 3370 1759 3437 fortasse
1815 3368 2057 3453 animo,
2115 3366 2394 3434 studiose
2449 3365 2900 3451 suggerebant:
2966 3383 3083 3432 non

746 3496 1035 3580 oportere
1088 3490 1159 3558 in
1211 3488 1332 3554 hac
1373 3507 1587 3554 rerum
1629 3486 1912 3554 novitate
1954 3490 2088 3552 tam
2133 3483 2312 3569 gravi
2356 3483 2695 3571 sponsione
2736 3482 3081 3570 principem

745 3607 1083 3691 devinciri,
1139 3626 1221 3673 ne
1275 3604 1649 3692 improbitas
1704 3602 2176 3685 rebellantium,
2231 3601 2312 3667 de
2353 3600 2555 3687 ipsius
2599 3599 2788 3667 celeri
2835 3617 3082 3684 egressu

745 3729 939 3809 certa,
968 3723 1038 3790 in
1067 3727 1415 3790 extremam
1446 3721 1760 3789 clementie
1792 3720 2109 3786 audatiam
2131 3720 2600 3805 prorumperet3
2631 3717 2853 3783 decere
2877 3716 3081 3797 etiam,

745 3848 819 3911 ut
846 3844 1106 3909 vocatus
1151 3838 1191 3906 ἐ,
1215 3838 1395 3906 vobis
1439 3836 1652 3925 potius
1698 3856 1890 3923 quam
1933 3840 2158 3923 sponte
2202 3854 2320 3901 sua
2346 3833 2607 3900 veniret.
2669 3832 2767 3899 Ita
2804 3832 2886 3898 de
2921 3828 3083 3898 facili

745 3959 925 4028 labor
968 3958 1038 4024 in
1081 3955 1358 4043 quietem
1400 3958 1797 4041 permutatus
1843 3956 1956 4020 est.
2027 3951 2114 4018 Et
2155 3951 2410 4038 quidem
2453 3969 2562 4017 cor
2602 3948 2770 4034 regis
2797 3948 2871 4015 in
2897 3965 3082 4015 mauu

746 4077 869 4145 Dei
914 4080 1032 4160 est,
1078 4078 1143 4141 et
1184 4091 1302 4161 pro
1347 4071 1774 4140 subiectorum
1814 4069 2080 4154 meritis,
2126 4088 2249 4155 quo
2292 4066 2520 4154 placet,
2564 4067 2874 4133 convertit
2910 4061 3077 4130 illud.

893 4214 935 4247 ι.
974 4199 1050 4247 die
1083 4199 1265 4246 eadm.

894 4290 942 4342 1.
980 4284 1263 4342 Arnoldus
1286 4284 1341 4339 11
1367 4281 1834 4352 archiepiscopus.
1978 4280 2030 4335 2.
2067 4319 2094 4350 „
2110 4279 2175 4334 17
2200 4278 2293 4335 die
2328 4282 2460 4348 post
2493 4276 2893 4347 depositionem
2931 4269 3079 4330 eius“

749 4373 987 4447 legimus
1024 4373 1082 4428 iu
1118 4390 1206 4444 ep.
1230 4373 1336 4429 372
1372 4386 1541 4442 supra
1574 4387 1631 4441 p.
1656 4370 1781 4425 499.
1924 4370 1977 4425 3.
2014 4366 2306 4424 wibaldus
2340 4381 2453 4422 non
2479 4367 2597 4422 sine
2622 4367 2835 4422 ratione
2866 4363 3078 4419 videtur

750 4479 884 4521 usus
932 4477 1056 4518 esse
1077 4461 1300 4534 Virgilii
1348 4460 1488 4530 (Ecl.
1514 4460 1584 4516 11.
1612 4460 1704 4530 65)
1747 4458 1932 4515 verbis
1977 4457 2091 4513 his:
2138 4487 2203 4497 —
2255 4456 2465 4528 „trahit
2510 4472 2613 4512 sua
2660 4467 2933 4527 quemque
2974 4465 3074 4505 vo·

749 4551 1036 4623 luptas“.
