3319 5242
989 476 1287 523 wmamr
1327 475 1657 525 merom
1704 476 1808 522 150.
2434 459 2565 526 233

256 618 433 685 raudo
480 637 671 704 quam
716 616 1053 702 prestando
1099 616 1414 684 alienavit.
1567 617 1803 696 Quibus
1847 618 2139 704 peractis,
2184 619 2396 703 regiae
2423 639 2568 706 pre-
2606 624 2743 680 1146

255 734 478 801 sentiae
521 733 590 798 in
636 733 827 817 curia,
875 753 1035 819 quae
1081 735 1248 822 apud
1277 735 1487 802 Kuina
1535 736 1613 801 18
1645 733 1784 801 Kal.
1816 732 1969 800 Maii
2012 735 2228 802 habita
2271 743 2385 821 est,
2432 757 2568 803 sese
2598 752 2707 812 Apr.
2736 753 2794 799 14

255 850 482 935 obtulit,
529 850 842 937 opinatus,
887 852 1127 935 regiam
1157 852 1538 937 aequitatem
1569 868 1757 938 posse
1791 849 2044 936 inflecti,
2089 856 2162 918 ut
2188 873 2303 939 per
2331 853 2568 920 violen—

251 968 389 1034 tiam
438 966 748 1034 obtineret
791 966 1127 1052 abbatiam,
1175 989 1364 1054 quam
1409 968 1626 1035 ordine
1662 967 1987 1034 iudiciario
2016 969 2394 1055 perdiderat.
2460 969 2573 1037 Set

254 1085 384 1170 quia
411 1084 615 1150 honor
644 1084 811 1168 regis
847 1083 1148 1151 iudicium
1179 1083 1404 1169 diligit,
1450 1104 1579 1151 non
1606 1084 1817 1170 potuit
1845 1085 2035 1151 e'tiam
2065 1084 2275 1152 oblata
2300 1086 2571 1172 pecunia

251 1200 630 1286 distorquere
674 1200 920 1284 virgam
979 1200 1340 1269 directionis
1394 1200 1598 1267 incliti
1640 1201 1989 1285 regnatoris
2002 1251 2020 1286 ,
2078 1202 2230 1288 quin
2275 1222 2314 1268 a
2357 1222 2569 1270 cesare

248 1314 611 1401 firmaretur,
660 1317 825 1403 quod
871 1338 912 1383 a
952 1315 1141 1384 Petro
1184 1321 1577 1404 processerat
1587 1328 1628 1382 ⁸.

406 1433 660 1500 Interea
703 1470 787 1481 —
835 1433 986 1500 dum
1031 1434 1124 1500 sic
1166 1434 1376 1519 minis,
1429 1432 1814 1517 muneribus,
1856 1432 2309 1520 pollicitatione
2352 1455 2569 1503 mona-

244 1551 502 1616 sterium
543 1556 735 1616 vexat
786 1554 851 1616 et
891 1550 1137 1617 invadit
1180 1587 1263 1598 —
1310 1550 1689 1617 reverendus
1734 1554 1915 1637 pater
1958 1556 2171 1617 noster
2212 1550 2569 1618 Bernardus

243 1664 798 1734 Patherburnensis
853 1667 1182 1754 episcopus
1195 1717 1214 1752 ,
1274 1667 1353 1733 ad
1400 1665 1766 1734 aecclesiam
1811 1665 2248 1735 Corbeiensem
2292 1673 2568 1753 vocatus,

244 1784 507 1850 eundem
537 1782 899 1850 Heinricum
945 1785 1013 1850 in
1055 1783 1301 1871 pulpito
1347 1783 1462 1850 sub
1492 1783 1769 1867 generali
1799 1789 2107 1851 conventu
2136 1784 2574 1871 pronunciavit

241 1900 612 1966 auctoritate
657 1900 1001 1986 apostolica
1044 1900 1651 1967 excommunicatum
1697 1904 1760 1967 et
1804 1920 2019 1966 omnes
2065 1901 2339 1968 fautores
2385 1905 2572 1986 atque

242 2015 556 2083 adiutores
599 2016 788 2083 illius.
851 2016 1031 2084 Unde
1067 2017 1258 2084 etiam
1286 2017 1562 2104 plurima
1589 2016 1915 2083 hominum
1941 2036 2113 2103 pars,
2158 2022 2330 2083 metu
2360 2016 2572 2083 divino

239 2133 491 2217 territa,
553 2133 633 2200 ab
685 2133 884 2220 ipsius
928 2134 1199 2201 faotione
1245 2133 1492 2220 dilapsa
1535 2138 1647 2200 est.
1739 2132 2017 2216 Urgebat
2058 2133 2312 2199 interim
2355 2133 2573 2201 multis

237 2247 504 2316 decretis
549 2249 745 2316 iussio
792 2249 1135 2337 apostoliea
1178 2249 1617 2317 Corbeiensem
1663 2250 2058 2334 aecclesiam,
2105 2250 2395 2335 quatinus
2440 2270 2571 2317 me-

237 2363 450 2433 diante
483 2365 729 2453 Spiritu
773 2371 988 2433 sancto
1032 2365 1225 2433 talem
1270 2386 1604 2453 personam
1647 2366 1713 2431 in
1759 2365 2049 2433 abbatem
2084 2365 2405 2450 eligerent,
2452 2385 2572 2451 que

231 2482 452 2548 ruinas
482 2482 880 2549 Corbeiensis
927 2483 1260 2551 aecclesiae
1304 2489 1435 2550 tam
1479 2484 1547 2548 in
1592 2481 2023 2569 spiritualibus
2071 2503 2258 2568 quam
2302 2484 2369 2548 in
2414 2487 2572 2548 tem—

230 2598 561 2686 poralibus
606 2600 911 2667 resarcire
952 2600 1179 2667 idonea
1223 2603 1404 2668 esset.
1476 2598 1587 2666 Set
1627 2598 1914 2687 partibus
1958 2600 2027 2665 in
2071 2619 2187 2666 sua
2228 2599 2440 2667 studia
2469 2601 2572 2667 ’ni-

231 2716 432 2782 mium
492 2716 699 2783 adhuc
751 2717 1167 2801 ferventibus,
1225 2717 1525 2784 canonica
1581 2721 1644 2783 et
1699 2736 1955 2783 concors
2002 2715 2219 2783 electio
2264 2714 2402 2783 fieri
2443 2737 2572 2801 non

228 2834 443 2917 potuit
486 2853 688 2919 usque
734 2833 813 2899 ad
842 2832 1055 2900 Nonas
1085 2832 1271 2916 Maii3
1318 2853 1441 2919 quo
1486 2832 1588 2899 die
1629 2854 1746 2899 nos
1792 2853 2040 2899 eramus
2071 2833 2238 2920 apud
2269 2832 2570 2918 Sutrium,
2605 2849 2709 2896 Mai.
2738 2850 2766 2896 7

230 2948 558 3017 civitatem
606 2950 889 3034 Tusciae,
934 2949 1003 3015 in
1045 2949 1222 3016 curia
1265 2948 1479 3016 domni
1521 2969 1688 3036 pape
1727 2948 1994 3033 Eugenii
2024 2949 2128 3016 ΠΙ.
2192 2950 2353 3015 Tum
2397 2949 2572 3017 deni-

226 3085 368 3150 que,
417 3067 535 3132 vix
565 3066 822 3133 tandem
848 3086 1043 3132 unum
1074 3067 1411 3153 sapientes,
1459 3065 1783 3150 elegerunt
1809 3066 2016 3132 virum
2046 3067 2328 3150 integrae
2365 3066 2570 3132 famae

226 3186 286 3248 et
329 3181 640 3250 laudatae
685 3183 1194 3266 conversationis,
1239 3182 1606 3249 Heinricum
1635 3182 2025 3270 prepositum
2071 3181 2350 3250 eiusdem
2392 3202 2571 3249 mon-

227 3300 489 3384 asterii,
559 3300 668 3386 qui
725 3320 764 3366 a
827 3299 1054 3365 domno
1118 3320 1266 3383 rege
1321 3300 1654 3366 investitus
1717 3305 1813 3365 est
1879 3297 1957 3365 3⁵
2009 3298 2222 3365 Nonas
2277 3298 2568 3383 Augusti.
2602 3311 2717 3370 Aus-
2744 3314 2773 3357 3

224 3412 357 3492 Quo
407 3421 704 3503 tempore
747 3436 861 3483 nos
908 3437 1156 3483 eramus
1201 3417 1269 3482 in
1316 3415 1676 3482 Stabulensi
1717 3414 2118 3499 monasterio,
2165 3415 2274 3481 vix
2317 3420 2575 3502 recepta

224 3551 349 3598 non
415 3533 507 3599 ad
565 3532 823 3620 plenum
890 3533 1276 3616 valetudine3
1347 3533 1644 3618 quoniam
1710 3531 1885 3599 febre
1949 3531 2233 3599 Romana
2298 3532 2575 3619 quinque

224 3648 690 3715 ebdomadibus
760 3649 928 3736 apud
980 3649 1310 3717 Viterbum
1374 3649 1864 3717 decubueramus
1933 3653 2025 3733 et,
2086 3648 2152 3715 vi
2206 3669 2333 3715 non
2389 3654 2574 3715 natu-

221 3763 375 3833 ralis
440 3764 677 3832 caloris
735 3770 876 3832 cute
931 3771 997 3833 et
1050 3766 1337 3833 omnibus
1392 3765 1541 3853 pilis
1602 3765 1879 3849 amissis,
1934 3765 2145 3832 fauces
2200 3766 2420 3832 mortis
2465 3766 2573 3832 vix

225 3901 660 3950 evaseramus.

407 3997 603 4065 Sedit
643 3998 856 4084 itaque
890 3998 1212 4065 ordinatus
1241 3998 1644 4085 predecessor
1672 4002 1885 4065 noster
1912 4017 2109 4083 usque
2141 3999 2180 4065 8
2212 3997 2357 4065 Idus
2388 3997 2573 4064 Octo·
2607 4014 2705 4062 σοι,
2727 4017 2758 4061 s

225 4112 375 4199 bris,
425 4120 501 4182 et
550 4115 716 4180 viam
761 4115 1090 4183 universae
1135 4117 1342 4182 carnis
1385 4115 1704 4199 ingressus
1751 4119 1864 4181 est.
2016 4113 2254 4181 Orbata
2281 4133 2428 4197 ergo
2456 4113 2573 4180 ite-

223 4250 365 4297 rum
426 4230 834 4298 Corbeiensis
896 4232 1197 4299 aecclesia
1252 4251 1363 4298 suo
1418 4235 1673 4319 pastore
1725 4251 1840 4297 nos
1895 4230 2183 4297 absentes
2239 4233 2303 4295 et
2354 4228 2573 4316 procul

221 4350 471 4435 positos
538 4350 821 4415 unanimi
871 4370 1129 4437 prorsus
1175 4349 1527 4416 coniventia
1570 4348 1638 4415 in
1681 4351 1925 4434 patrem
1971 4351 2033 4413 et
2075 4349 2392 4432 pastorem
2438 4346 2572 4412 ani-
2606 4359 2703 4406 σοι
2726 4361 2786 4407 20

224 4484 480 4534 marum
533 4485 790 4532 suarum
835 4466 1184 4533 voluntarie
1239 4464 1563 4553 adoptavit
1618 4469 1683 4531 et
1736 4462 1924 4548 elegit
1973 4463 2040 4529 in
2085 4463 2376 4550 capitolio
2421 4461 2571 4530 Cor-

370 4622 416 4654 a.
460 4608 708 4668 §casem
738 4625 777 4652 c.
897 4608 942 4654 b.
975 4607 1036 4654 VI
1066 4618 1132 4656 ue
1163 4611 1209 4655 in
1239 4612 1339 4667 ἰρεο
1372 4608 1528 4655 codice
1560 4616 1801 4655 correctum
1831 4609 1875 4653 in
1906 4605 1983 4654 111.
