3319 5242
692 407 818 474 136
1465 420 1765 470 wmAnm
1806 420 2139 469 nms'rons
2181 420 2257 468 58.

512 569 650 627 1147
866 564 1261 632 sinceritatis
1307 568 1557 632 vestrae
1598 563 1848 631 litteras
1895 565 2272 651 accepimus,
2319 564 2388 629 in
2427 564 2745 652 principio
2782 564 3024 650 quidem

538 645 637 693 ⁰⁶¹⁶
688 684 788 750 sui
831 682 1052 770 plenas
1083 682 1345 767 gratiae,
1391 681 1614 769 plenas
1645 682 1950 765 caritatis,
1998 680 2217 768 plenas
2246 676 2459 746 fflialis
2491 679 2786 765 affectus,
2815 680 3025 768 plenas

687 799 1025 884 singularis
1081 798 1405 881 desiderii,
1462 797 1685 886 plenas
1741 798 1987 882 gaudii,
2044 796 2265 884 plenas
2321 796 2671 864 dulcedinis
2727 802 2793 864 et
2834 798 3028 864 bonae

688 917 856 1002 spei3
906 935 1028 1000 quo
1072 935 1200 981 uno
1246 919 1311 981 et
1355 915 1575 981 eodem
1618 922 1937 982 momento
1986 919 2050 980 et
2093 933 2201 980 cor
2244 919 2534 980 nostrum
2579 913 3028 981 abundantiore

684 1031 899 1112 leticia
942 1037 1006 1097 et
1051 1032 1262 1098 oculos
1307 1037 1555 1099 nostros
1602 1032 1900 1100 uberibus
1949 1052 2028 1098 ex
2073 1035 2287 1096 vestra
2329 1030 2565 1117 pietate
2606 1029 2888 1096 lacrimis
2918 1031 3029 1096 im-

683 1147 1033 1234 pleverunt.
1105 1147 1357 1214 Credite
1401 1148 1603 1231 nobiS,
1650 1147 1833 1215 dulce
1866 1148 1989 1214 fuit
2026 1167 2101 1214 ac
2131 1147 2470 1213 iocundum
2503 1147 2752 1214 animae
2779 1152 3032 1213 nostrae

687 1265 921 1348 vivere,
970 1263 1150 1330 dulce
1197 1284 1270 1330 ac
1315 1264 1655 1331 iocundum
1700 1266 1866 1330 inter
1908 1269 2006 1330 tot
2048 1263 2350 1351 pericula,
2397 1283 2557 1349 quae
2591 1263 2694 1330 die
2723 1270 3035 1350 noctuque

686 1381 756 1446 in
803 1380 1204 1467 expeditione
1251 1401 1441 1467 super
1485 1401 1767 1467 paganos
1811 1386 1989 1446 trans
2034 1379 2250 1447 Albim
2280 1381 2349 1445 in
2393 1379 2555 1447 silva
2585 1379 2848 1446 Ercinia
2893 1401 3033 1467 per-

685 1496 968 1582 tulimus,
1015 1497 1216 1563 vitam
1264 1502 1329 1563 et
1374 1497 1745 1584 sospitatem
1794 1516 2098 1580 servasse,
2153 1501 2226 1561 ut
2267 1495 2561 1562 videlicet
2603 1498 2799 1563 tantis
2846 1497 3035 1565 bene-

685 1612 874 1697 ficiis,
933 1633 1096 1699 quae
1140 1612 1218 1679 de
1263 1617 1478 1679 vestra
1521 1613 1900 1680 salutatione
1947 1619 2011 1680 et
2053 1613 2415 1679 visitatione
2461 1614 2887 1699 suscepimus,
2941 1614 3034 1680 hi-

684 1731 905 1796 lariter
948 1730 1320 1797 frueremur.
1384 1730 1621 1796 Verum
1668 1750 1832 1814 cum,
1879 1731 2120 1796 intento
2170 1729 2249 1795 ad
2293 1728 2559 1794 meliora
2592 1731 2824 1815 anim0,
2872 1730 3037 1797 tanti

685 1845 836 1912 boni
901 1846 1391 1933 participatione
1457 1847 1804 1933 perfuncti,
1873 1848 2174 1932 paginam
2240 1851 2518 1911 vestram
2585 1847 3037 1932 percurrimus,

687 1961 894 2028 subito
941 1962 1267 2028 exhorruit
1307 1963 1575 2047 animuS,
1624 1961 1934 2050 expalluit
1973 1963 2167 2028 facies
2213 1966 2278 2029 et
2320 1982 2541 2028 versus
2572 1967 2668 2029 est
2696 1964 2764 2028 in
2792 1964 3039 2031 luctum

687 2078 911 2144 chorus
956 2083 1173 2146 noster
1192 2075 1226 2163 ¹,
1275 2098 1417 2145 cum
1463 2079 1532 2144 in
1576 2078 1720 2144 illas
1756 2079 2146 2146 miserabiles
2182 2079 2608 2164 querimonias
2639 2085 2887 2146 vestras
2920 2083 3040 2148 im-

686 2195 1004 2282 pegimus,
1066 2216 1227 2281 quae
1281 2195 1526 2262 coelum
1586 2201 1879 2282 possent·
1924 2202 2287 2282 penetrare,
2348 2197 2405 2261 si
2461 2196 2738 2282 peccatis
2797 2198 3041 2264 nostris

685 2312 1190 2398 promerentibus
1250 2308 1549 2379 aeneum²
1595 2334 1722 2380 non
1776 2316 1943 2378 esset
1997 2312 2264 2396 factum,
2323 2333 2402 2378 ne
2455 2318 2742 2378 transeat
2797 2314 3040 2395 oratio3

685 2434 976 2514 possent,
1035 2428 1326 2514 inquam,
1398 2449 1792 2496 commovere
1847 2434 2117 2512 terram,
2187 2429 2241 2494 si
2299 2449 2427 2494 non
2485 2426 2720 2494 offenso
2781 2436 3045 2496 auctore

687 2544 868 2610 nobis
916 2543 1227 2611 elementa
1268 2545 1668 2612 rebellarent.
1740 2545 2014 2629 Ingressi
2058 2544 2273 2631 itaque
2318 2545 2386 2610 in
2428 2543 2784 2633 penetralia
2826 2547 3044 2613 cordis

686 2662 886 2727 nostri
932 2668 995 2728 et
1039 2663 1107 2727 in
1154 2662 1459 2728 archanos
1507 2664 1753 2730 animae
1798 2667 2053 2728 nostrae
2083 2682 2367 2729 recessus
2398 2662 2628 2747 diuque
2661 2682 2735 2728 ac
2763 2662 3047 2731 multum

688 2778 926 2864 questi,
998 2798 1142 2845 cum
1198 2784 1417 2845 nostra
1474 2779 1860 2845 conscientia
1915 2778 2435 2865 disceptavimuS,
2495 2778 2922 2863 disquirentes
2984 2786 3050 2847 et

686 2896 1057 2979 iudicantes,
1101 2895 1366 2962 nobisne
1412 2916 1494 2977 an
1522 2896 1702 2963 vobis
1731 2896 2046 2961 universis
2076 2894 2378 2981 imputari
2407 2894 2545 2961 iure
2575 2894 2819 2979 debeat,
2866 2897 3050 2982 quod

686 3032 804 3099 per
845 3011 1102 3097 longam
1148 3011 1498 3078 absentiam
1543 3017 1830 3078 nostram
1863 3011 2233 3077 Stabulense
2277 3011 2729 3077 monasterium
2774 3017 2916 3079 tam
2952 3013 3050 3080 la-

688 3128 1117 3195 crimabilibus
1173 3128 1377 3194 modis
1432 3127 1774 3209 laceratur3
1831 3148 2026 3194 vosne
2070 3128 2138 3193 in
2185 3127 2372 3213 culpa
2416 3127 2586 3211 sitis,
2646 3128 2784 3213 qui,
2833 3131 3050 3196 omni-

686 3246 916 3312 fariam
971 3246 1173 3312 nostri
1218 3248 1598 3331 potestatem
1643 3244 1977 3328 habentes,
2039 3244 2121 3309 ad
2164 3244 2446 3328 regimen
2491 3243 2889 3310 Corbeiensis
2944 3266 3051 3313 ec-

690 3361 917 3428 clesiae
971 3381 1088 3427 nos
1145 3361 1444 3428 emisistis
1500 3360 1599 3427 vel
1655 3360 1880 3426 saltem
1937 3361 2297 3442 dimisistis3
2356 3380 2435 3426 an
2492 3381 2608 3426 nos
2664 3361 2757 3426 rei
2812 3361 3049 3447 simus,

692 3479 800 3564 qui
858 3477 938 3543 ad
991 3481 1266 3543 vestram
1313 3475 1732 3560 voluntatem,
1792 3497 1873 3543 ne
1919 3476 2199 3543 dicamus
2244 3476 2618 3560 iussionem,
2677 3477 2875 3543 tantis
2924 3499 3049 3545 nos

692 3593 1218 3662 sollicitudinibus
1264 3599 1328 3659 et
1373 3591 1819 3660 offensionibus
1865 3630 1950 3639 —
1998 3593 2220 3660 relicta
2263 3594 2455 3659 immo
2494 3586 2886 3660 ut'veremur
2932 3595 3052 3662 de-

693 3716 863 3778 serta
906 3714 1112 3777 matre
1154 3715 1392 3793 nostra,
1441 3710 1796 3776 educatrice
1842 3730 1917 3777 ac
1959 3711 2205 3776 nutrice
2249 3714 2469 3776 nostra
2499 3708 2858 3795 stabulensi
2896 3731 3054 3778 aec-

692 3826 885 3895 clesia
924 3863 1007 3872 —
1054 3824 1476 3912 inplicuimus.
1558 3825 1703 3893 Etsi
1760 3826 1930 3893 enim
1986 3826 2228 3910 magni,
2285 3826 2421 3893 Deo
2476 3826 2544 3891 id
2598 3846 2711 3912 per
2756 3831 3052 3894 vestram

693 3943 1196 4010 adhortationem
1243 3948 1495 4026 agente,
1558 3964 1774 4008 sumus
1820 3943 2001 4009 iuxta
2043 3963 2272 4009 nomen
2315 3962 2689 4027 magnorum
2733 3942 2843 4026 qui
2887 3950 3056 4011 sunt

691 4062 759 4128 in
803 4065 1001 4145 terra,
1062 4059 1224 4126 scire
1268 4063 1480 4125 tamen
1526 4060 1826 4146 potestiS,
1874 4059 2040 4145 quod
2086 4065 2319 4144 quanto
2367 4059 2555 4125 altius
2601 4057 3055 4128 conscendisse

692 4176 1029 4261 cernimur,
1083 4180 1259 4241 tanto
1305 4176 1509 4260 magis
1554 4177 1633 4242 de
1679 4176 1852 4242 vario
1899 4176 2120 4241 ruinae
2165 4195 2316 4241 casu
2359 4174 2800 4261 pertimescere
2848 4175 3054 4243 debe-

691 4315 866 4377 mus3
928 4298 993 4360 et
1051 4298 1283 4378 quanto
1345 4292 1616 4379 amplius
1665 4296 1954 4359 crescunt
1998 4291 2164 4357 dona
2206 4292 2547 4376 honorum,
2608 4295 2783 4358 tanto
2829 4292 3053 4379 magis

836 4459 875 4492 a.
913 4430 1047 4505 poss-t
1076 4462 1116 4490 c.

835 4542 885 4598 1.
922 4538 1125 4597 Thren.
1150 4539 1200 4611 5,
1229 4538 1313 4592 15.
1457 4538 1506 4592 2.
1547 4534 1629 4594 cf.
1669 4536 1896 4594 Denter.
1921 4536 2008 4608 28,
2032 4538 2117 4592 23.
