3319 5242
728 433 862 499 454
1406 449 1705 497 wmALm
1747 446 2124 498 meu-omn
2166 444 2272 495 824.
2306 448 2412 495 325.

555 599 603 719 {a
591 598 689 719 1Σέ
732 598 795 660 et
848 592 1208 679 principum
1270 596 1334 658 et
1375 592 1659 657 virorum
1717 591 2127 678 prudentium
2181 610 2256 656 ac
2308 590 2749 675 religiosorum
2805 590 3077 673 consilio,

732 708 1286 790 consideravimus,
1334 705 1634 774 electores
1682 708 1951 794 predicti
1992 706 2416 789 H(erimanni)
2461 707 2771 794 prepositi
2821 708 3080 773 sanioris

732 845 870 892 esse
915 824 1164 891 consilii
1217 823 1296 889 de
1338 843 1613 910 persona
1669 824 1707 890 a
1762 823 2079 890 canonicis
2133 823 2636 891 institutionibus
2679 844 2810 890 non
2859 824 3083 890 discre—

731 947 954 1029 pante3
1014 939 1241 1027 quibus
1297 960 1377 1006 ex
1436 959 1667 1023 magno
1723 940 1938 1006 favore
1991 938 2419 1006 assentiebant
2462 959 2681 1007 omnes
2724 938 2979 1007 nobiles
3020 959 3087 1006 ac

731 1062 1133 1145 prepotentes
1194 1055 1474 1123 eiusdem
1532 1060 1770 1140 terrae,
1830 1056 1939 1141 qui
1997 1056 2462 1122 Traiectensem
2518 1056 2856 1123 ecclesiam
2914 1062 2981 1122 et
3024 1057 3088 1121 in

730 1194 886 1261 pace
932 1173 1174 1257 legibus
1220 1173 1559 1239 honestant
1603 1175 1669 1238 et
1710 1172 1780 1237 in
1822 1170 1988 1238 bello
2036 1171 2229 1237 armis
2280 1171 2628 1239 defensant.
2690 1171 2918 1257 Itaque
2952 1174 3089 1258 quia

731 1290 799 1356 in
854 1294 1077 1357 nostra
1130 1289 1454 1377 presentia
1501 1288 1680 1356 nulla
1723 1287 2137 1354 contradictio
2154 1284 2364 1354 'iuxta
2407 1288 2564 1354 iuris
2611 1289 2908 1355 ordinem
2953 1289 3090 1354 huic

733 1404 1024 1472 electioni
1054 1410 1497 1493 opponeretur,
1547 1423 1692 1469 cum
1722 1404 1927 1470 omnis
1961 1403 2266 1471 aecclesia
2293 1405 2359 1469 in
2390 1409 2675 1470 nostram
2704 1406 3091 1490 presentiam

734 1527 902 1589 esset
945 1527 1224 1607 evocata,
1270 1521 1619 1587 iudicatum
1665 1525 1761 1586 est
1806 1519 1883 1586 ab
1932 1521 2245 1606 episcopis
2280 1526 2343 1587 et
2379 1520 2804 1607 principibus:
2852 1521 3091 1588 nullam

733 1657 849 1704 nos
896 1637 1124 1705 debere
1157 1657 1403 1704 moram
1431 1635 1863 1725 probabilibus
1897 1635 2228 1703 desideriis
2256 1638 2557 1721 inserere,
2605 1642 2705 1703 set
2731 1656 3089 1723 personam,

737 1754 974 1839 absque
1017 1754 1082 1820 vi
1138 1759 1203 1821 et
1251 1753 1386 1819 ulla
1426 1752 1597 1819 mala
1637 1752 2103 1820 machinatione
2149 1752 2411 1820 electam
2460 1758 2525 1819 et
2566 1753 2635 1819 in
2680 1755 2885 1820 sacris
2931 1754 3092 1821 ordi-

735 1870 923 1937 nibus
970 1874 1177 1937 aetate
1211 1889 1488 1954 congrua
1515 1870 1859 1952 inventam,
1904 1869 2268 1957 provehere.
2339 1869 2612 1936 Proinde
2653 1869 3093 1938 celsitudinem

739 1986 1074 2052 sacerdotii
1125 1987 1353 2071 vestri,
1413 2005 1603 2073 quam
1646 2005 1801 2052 vera
1853 1986 1922 2050 in
1976 1985 2251 2052 Domino
2308 1986 2573 2052 caritate
2631 1985 3091 2073 amplectimur,

739 2106 980 2169 attente
1020 2103 1332 2169 monendo
1378 2122 1707 2187 rogamus,
1764 2108 1837 2169 ut
1881 2121 2039 2188 opus
2087 2102 2125 2168 a
2167 2101 2349 2168 nobis
2393 2100 2798 2169 laudabiliter
2841 2103 3093 2170 inchoa-

737 2223 874 2286 tum
931 2219 1366 2287 benedictione
1422 2239 1638 2286 sacrae
1694 2238 1920 2284 manus
1965 2224 2213 2285 vestrae
2265 2215 2566 2304 perficere
2612 2223 2679 2285 et
2722 2218 3092 2287 confirmare

736 2356 866 2403 non
911 2336 1221 2419 abnuatis,
1269 2340 1333 2401 et
1362 2334 1632 2401 labentis
1673 2334 1970 2401 ecclesiae
2001 2335 2421 2401 Traiectensis
2463 2334 2717 2400 ruinam
2763 2336 2960 2403 celeri
2989 2337 3092 2405 be-

740 2452 1094 2519 nedictione
1147 2451 1444 2518 fulciatis.
1624 2451 1942 2535 Rogamus
2000 2456 2290 2538 preterea
2344 2452 2773 2518 sinceritatem
2821 2460 3093 2520 vestram

742 2589 859 2657 pro
906 2569 1179 2655 quodam
1214 2567 1676 2652 consanguineo
1707 2573 1945 2652 nostro,
1992 2568 2221 2636 comite
2250 2567 2544 2636 videlicet
2572 2568 2805 2636 Ottone
2838 2570 2917 2637 de
2946 2571 3091 2652 Ara,

744 2706 933 2772 quem
978 2685 1233 2770 quidam
1279 2684 1544 2751 clericus
1588 2685 1844 2750 nomine
1873 2683 2169 2751 Ionathas
2211 2704 2330 2771 per
2357 2687 2821 2772 surreptionem
2855 2687 2893 2753 a
2921 2687 3093 2753 vobis

745 2800 1275 2869 excommunicari
1317 2802 1488 2884 fecit,
1535 2801 1831 2885 quatinus
1878 2820 2021 2866 eum
2064 2801 2103 2866 a
2129 2799 2464 2868 Leodiensi
2495 2802 2791 2890 episcopo
2810 2799 2829 2830 ¹
2860 2802 3094 2870 absolvi

741 2918 1011 3002 faciatis,
1060 2937 1133 2986 eo
1181 2916 1421 2985 scilicet
1451 2917 1719 2983 rationis
1750 2916 2196 3001 moderamine,
2243 2922 2334 3002 ut,
2379 2923 2718 3005 postquam
2760 2919 2958 2986 fuerit
2988 2920 3095 2985 ab·

745 3034 1008 3119 solutus,
1056 3033 1443 3122 synodaliter
1471 3037 1747 3117 vocetur,
1784 3038 1849 3099 et
1877 3052 2087 3117 causa,
2118 3053 2280 3119 quae
2309 3055 2502 3121 super
2531 3035 2803 3122 quadam
2838 3035 3097 3103 ecclesia

745 3153 913 3219 inter
957 3172 1063 3219 eos
1111 3151 1338 3236 agitur,
1386 3150 1686 3217 canonico
1730 3149 1962 3216 iudicio
2009 3149 2351 3216 decidatur.

754 3398 849 3470 32
862 3400 928 3469 5.
969 3400 1289 3470 Emanuel
1332 3399 1717 3465 Graecorum
1769 3400 2113 3485 imperator
2153 3397 2504 3466 Wibaldum
2564 3401 2641 3465 de
2687 3425 2805 3466 sua
2850 3404 2917 3467 in
2964 3425 3093 3467 eum

972 3517 1386 3584 benevolentia
1428 3517 1746 3581 certiorem
1779 3513 1962 3600 facit.
2025 3514 2347 3597 Hortatur,
2394 3527 2463 3580 ut
2493 3516 2780 3581 Conrado
2811 3521 2949 3604 αφ’
2973 3540 3092 3581 ser-

973 3635 1103 3698 vire
1147 3642 1509 3718 perseveret.
1580 3630 1855 3696 Litteras
1895 3633 2109 3717 poscit.
2177 3631 2433 3697 Donum
2477 3635 2671 3696 mittit.
2776 3631 2888 3714 (M.
2923 3632 3091 3713 321.)

577 3787 711 3842 1151
929 3763 1356 3851 Imperiale
1433 3763 1523 3829 ad
1598 3763 2282 3850 preciosissimum
2358 3764 2555 3830 aban
2633 3764 3089 3833 monasterii

573 3861 705 3908 “⁸¹²
754 3882 940 3950 Stab
952 3880 1079 3947 uli.

930 3995 979 4076 -Χ-
1022 3995 1493 4063 Preciosissime
1539 3995 1659 4061 aba
1702 3995 2071 4061 monasterii
2102 3994 2339 4062 Stavlu.
2491 3995 2839 4083 Imperium
2871 4018 3091 4079 meum,

754 4136 899 4184 cum
955 4114 1278 4182 didicisset
1333 4133 1372 4178 a
1427 4111 1643 4178 multis
1688 4112 1756 4178 in
1802 4116 1865 4178 te
1908 4110 2237 4178 florentem
2279 4113 2607 4198 virtutem,
2667 4115 3091 4199 quomodoque

753 4234 823 4299 in
875 4232 1178 4299 honorem
1230 4233 1434 4295 certas
1479 4227 1973 4315 prenobilissimi
2016 4228 2183 4312 regis
2230 4227 2425 4295 Rome
2469 4228 3091 4316 predilectissimique

754 4348 970 4414 fratris
1038 4352 1104 4413 et
1158 4347 1409 4430 cognati
1462 4345 1718 4432 imperii
1774 4346 1900 4412 mei
1955 4349 2019 4411 et
2072 4345 2142 4411 in
2197 4344 2536 4412 utilitatem
2595 4345 3088 4425 christianorum,

756 4483 1052 4549 magnam
1098 4461 1492 4528 devotionem
1538 4467 1603 4528 et
1648 4459 2041 4528 affectionem
2088 4482 2239 4547 erga
2279 4467 2459 4529 tuam
2491 4462 2956 4549 preciositatem
2982 4459 3090 4527 ob-

904 4595 953 4649 1.
989 4592 1250 4649 Heinrieo
1286 4592 1358 4647 11.
