3319 5242
1076 487 1506 536 missuum
1552 488 1780 536 s.vr1·1
2506 471 2593 540 25

284 629 510 696 Interim
555 630 711 697 dum
750 630 906 698 haec
937 636 1209 715 aguntur
1239 636 1304 697 et
1332 630 1708 715 cogitantur,
1755 636 2013 717 repente
2055 631 2237 698 navis
2280 637 2455 698 mota
2498 638 2596 699 est

283 766 316 812 a
350 744 523 830 loco·,
569 747 641 812 in
686 768 809 833 quo
853 746 983 814 fixa
1027 752 1192 831 erat,
1242 752 1304 813 et
1348 746 1682 833 paullatim
1725 748 2002 814 natando
2047 749 2184 814 sine
2237 749 2475 833 remige
2530 710 2725 816 etImm

281 867 584 929 ventorum
629 863 934 951 impulsu,
991 864 1143 931 licet
1197 862 1440 931 caelum
1484 885 1776 931 serenum
1821 869 2016 949 esset,
2073 870 2295 951 sponte
2350 865 2431 932 ad
2486 885 2593 933 eos

276 984 422 1046 recto
446 981 705 1046 tramite
734 981 1055 1068 pervenit3
1097 980 1192 1047 illi
1223 986 1432 1048 autem
1463 986 1723 1068 accepta
1751 979 1862 1047 ea*
1892 979 2154 1047 fluvium
2183 982 2588 1050 transierunt.

427 1095 582 1162 Post
636 1097 790 1163 haec
850 1097 1246 1165 decrescente
1302 1101 1584 1184 tempore
1643 1102 1707 1164 et
1750 1097 1969 1184 populi
2015 1099 2344 1165 devotione
2387 1100 2591 1183 magis

2626 637 2754 758 Ι836

274 1216 327 1277 et
349 1213 545 1296 magis
579 1219 1025 1280 succrescente-
1072 1215 1135 1271 in
1170 1214 1271 1271 dia
1314 1219 1459 1271 ants».
1488 1213 1805 1271 viffiliam⁶
1839 1215 2036 1271 sancti
2071 1214 2381 1271 Iohannis-
2431 1236 2591 1271 onan
2625 1234 2817 1281 1uni,22

271 1328 653 1415 subsequitur
718 1331 787 1395 in

270 1445 522 1531 branteS,
574 1467 733 1533 puer
780 1466 823 1531 q·

269 1561 547 1647 reliquias
619 1563 822 1629 sancti

269 1678 557 1745 diutinam
616 1680 823 1746 oratio:

267 1802 467 1861 ventus
512 1800 635 1863 est.
786 1795 823 1861 Ι]

265 1910 411 1977 tibus
456 1913 683 1979 aderat
727 1912 823 1997 qui

265 2027 525 2095 tudinem
540 2079 561 2113 ,
618 2029 745 2095 nisi
799 2048 823 2095 c

264 2144 318 2209 in
359 2146 579 2213 eadem
626 2146 785 2212 hora

417 2262 671 2330 Deinde
714 2282 823 2349 pro

263 2378 547 2445 stolorum
595 2399 823 2465 proseq

258 2514 384 2561 rens
440 2495 688 2562 lumine
735 2495 814 2563 ab

260 2613 496 2700 recepit.
643 2611 792 2679 Mox
838 2613 1243 2700 subsequenti
1286 2612 1614 2701 proximo⁸
1648 2613 1751 2680 die
1793 2612 2103 2682 dominico
2136 2615 2391 2701 quidam
2419 2613 2589 2682 clau-

260 2727 358 2794 dus
401 2737 468 2797 et
510 2729 731 2817 puella
774 2730 1040 2817 parvula
1083 2735 1348 2816 utroque
1393 2750 1558 2814 genu
1602 2732 1956 2798 contractah
1999 2737 2064 2798 et
2101 2732 2308 2816 gibba,
2356 2733 2589 2798 donum

257 2845 459 2913 salutis
510 2847 753 2934 adepti,
800 2845 1102 2913 ineffabili
1146 2846 1392 2913 laetitia
1435 2851 1581 2913 sunt
1624 2848 1881 2913 reversi.
2016 2848 2160 2915 Non
2203 2853 2349 2935 post
2390 2847 2588 2915 multo

258 2964 524 3049 tempore
582 2968 724 3031 erat
782 2963 1091 3048 quaedam
1148 2968 1438 3030 matrona
1486 2964 1743 3030 nomine
1788 2964 2134 3049 Hogardis,
2193 2984 2588 3032 commorans

256 3077 310 3143 in
347 3100 514 3166 pago
567 3080 679 3165 qui
721 3084 980 3146 vocatur
1024 3078 1309 3164 Lainga¹,
1357 3084 1423 3146 et
1463 3080 1564 3146 vir
1609 3081 1743 3147 eius
1781 3082 2036 3147 nomine
2058 3080 2241 3165 Wigo
2283 3102 2361 3147 ex
2390 3082 2587 3148 nobili

256 3197 538 3280 progenie
552 3245 576 3281 ,
645 3197 1090 3264 miserabiliter
1157 3196 1484 3263 debilitata
1544 3201 1608 3263 et
1666 3201 1988 3263 contracta
2043 3217 2122 3263 ex
2179 3199 2351 3263 omni
2403 3203 2587 3294 parte

255 3314 672 3380 membrorum
720 3313 799 3379 ab
845 3314 1025 3379 annis
1072 3318 1360 3398 quatuor,
1408 3333 1567 3398 quae
1607 3314 1702 3379 ire
1732 3314 1904 3380 nullo
1934 3314 2120 3380 modo
2149 3319 2418 3401 poterat,
2462 3315 2587 3381 nisi

254 3431 527 3497 manibus
581 3428 975 3500 servulorum
1020 3434 1474 3497 sustentaretur
1521 3435 1630 3496 aut
1676 3430 1883 3516 aliquo
1919 3430 2202 3497 vehiculo
2234 3430 2583 3498 duceretur.

255 3540 406 3612 Haec
450 3566 607 3612 cum
654 3546 932 3613 audisset
973 3547 1210 3613 famam
1244 3547 1570 3630 virtutum,
1618 3567 1774 3632 quas
1806 3546 2115 3613 Dominus
2146 3549 2387 3614 meritis
2418 3548 2587 3615 beati

254 3665 537 3749 marty-ris
602 3664 853 3748 operari
907 3663 1199 3747 dignatus
1256 3668 1384 3747 est,
1440 3663 1628 3729 iussit
1673 3663 1795 3730 sibi
1839 3683 2194 3748 carrucam,
2242 3665 2405 3730 sicut
2447 3684 2586 3731 mos

253 3784 333 3843 est
371 3779 441 3845 in
486 3779 612 3845 illa
655 3779 929 3864 regione,
976 3780 1172 3863 iungi,
1221 3780 1707 3866 ascendensque,
1752 3786 2040 3879 nostrum
2087 3780 2243 3847 adiit
2271 3787 2586 3848 monaste-

255 3892 429 3980 rium,
488 3894 846 3982 implorans
903 3902 967 3963 et
1019 3894 1308 3979 flagitans
1364 3895 1484 3962 Dei
1546 3902 1609 3963 et
1664 3899 1863 3964 sancti
1915 3898 2212 3983 martyris
2259 3897 2582 3964 auxilium.

253 4008 402 4086 Quae
465 4033 624 4078 cum
678 4018 928 4079 noctem
981 4013 1332 4080 insomnem
1390 4033 1543 4100 prae
1600 4014 1801 4081 nimia
1854 4014 2248 4099 gravitudine
2305 4010 2583 4101 corporis

253 4130 634 4211 pertransire
700 4148 827 4194 non
892 4129 1196 4213 quivisset
1251 4135 1315 4195 et
1369 4129 1731 4195 matutinali
1784 4136 2066 4217 tempore
2123 4131 2300 4215 gravi
2360 4150 2585 4217 sopore

256 4246 740 4330 opprimeretur,
787 4244 1032 4310 adstitit
1077 4245 1135 4312 ei
1181 4245 1471 4330 quidam*
1515 4267 1631 4333 per
1676 4248 1881 4314 visum
1924 4248 1992 4314 in
2038 4246 2447 4313 similitudine
2492 4247 2585 4312 iu-

374 4393 413 4424 a.
445 4393 537 4425 suo
574 4379 690 4425 aad.
715 4380 758 4424 2.
875 4379 920 4425 b.
952 4379 1055 4424 navi
1089 4381 1131 4424 2.
1242 4393 1281 4425 c.
1313 4380 1363 4426 in
1395 4380 1468 4426 die
1502 4383 1606 4426 ante
1637 4381 1839 4438 vigiliam
1868 4384 2035 4441 scripsi
2056 4399 2142 4441 pro
2175 4380 2223 4426 in
2254 4380 2442 4437 gloriam
2475 4382 2517 4425 1.
2540 4382 2583 4426 2.

257 4453 293 4498 <l-
328 4458 524 4515 perfecte
562 4476 651 4505 οιι.
674 4460 716 4503 1.
843 4472 883 4504 e.
925 4461 1254 4505 sustentaretur
1285 4477 1370 4506 om.
1393 4462 1436 4506 2.
1562 4460 1595 4508 f.
1638 4461 1912 4507 claudicaret
1942 4463 1986 4507 2.
2112 4475 2154 4519 g.
2195 4462 2398 4521 proximo
2431 4478 2517 4507 om.
2539 4461 2582 4506 2.

258 4532 292 4578 b.
320 4542 552 4584 contracto
587 4540 631 4583 2.
756 4538 788 4584 i.
822 4538 988 4596 Lamga
1020 4541 1062 4584 1.
1185 4538 1232 4586 k.
1263 4540 1462 4601 quidam.
1495 4557 1578 4589 om.
1608 4543 1650 4587 1.

382 4626 427 4678 1.
479 4639 567 4680 sc.
603 4629 857 4681 octavam
893 4623 949 4679 S.
975 4624 1112 4681 Viti.

2625 1818 2738 1865 Iuni.
2756 1820 2816 1865 28

2625 2280 2737 2328 luni.
2754 2282 2813 2329 29

2621 2628 2705 2675 Iul.
2727 2631 2752 2675 1
