3319 5242
900 449 1197 497 wmanm
1240 448 1613 497 amsa-onas
1657 447 1765 495 257.
1801 446 1908 494 ess.
1967 414 1976 425 ’
2440 430 2570 497 383

243 587 312 657 de
351 588 450 657 his
494 608 656 678 quae
697 589 872 659 intus
914 595 1063 657 sunt
1107 610 1296 676 quam
1336 591 1415 657 de
1457 589 1556 657 his
1587 609 1750 675 quae
1777 589 1933 656 foris
1963 593 2254 674 aguntur,
2299 590 2356 657 si
2387 607 2572 677 opor·
2608 595 2748 651 1150

240 710 450 775 tunum
496 707 706 790 fuerit,
752 706 1000 792 plenius
1047 706 1265 774 audire
1307 708 1616 795 poteritis.
1686 705 2139 774 Paternitatcm
2170 712 2445 774 vestram
2489 706 2573 773 ad

239 820 529 891 honorem
573 822 912 891 aecclesiae
956 843 1108 891 suae
1154 823 1547 910 omnipotens
1593 823 1767 890 Deus
1812 822 1920 889 din
1964 822 2320 890 incolumen
2363 826 2571 890 custo-

237 937 379 1005 diat.
538 939 637 1006 De
682 938 988 1027 Vilippes,
1035 938 1092 1005 si
1134 941 1528 1026 oportunitas
1576 939 1892 1022 acciderit,
1939 940 2232 1025 petimus,
2279 944 2352 1006 ut
2394 959 2571 1007 men—

236 1054 464 1123 tionem
510 1075 725 1124 coram
769 1076 917 1141 rege
962 1056 1228 1125 faciatis.

238 1299 406 1374 258.
452 1306 844 1373 stabulenses
890 1304 1244 1372 &madum
1288 1307 1402 1371 III
1439 1329 1645 1393 reyem
1688 1317 1913 1392 royant
1923 1354 1943 1387 ‚
2002 1317 2072 1370 ut
2118 1270 2469 1372 Gozuioeum
2514 1318 2575 1372 et

446 1421 847 1489 Eva-ardum
893 1424 971 1488 de
999 1420 1372 1510 Henqebach
1413 1424 1532 1489 sihi
1575 1424 1652 1488 de
1694 1423 1942 1488 iniuriis
1982 1421 2341 1510 satisfacere
2376 1434 2569 1508 coyat.

2246 1534 2355 1618 (M.
2393 1537 2571 1619 238.)

401 1650 875 1723 Gloriosissimo
932 1658 1121 1739 atque
1174 1653 1590 1720 invictissimo
1645 1652 1901 1719 domino
1957 1673 2069 1718 suo
2114 1650 2572 1719 Romanorum·
2608 1656 2747 1712 1150

232 1768 600 1855 imperatori
644 1775 908 1854 augusto
938 1768 1277 1852 C(onrado)
1303 1768 1577 1835 humilis
1608 1767 2000 1836 Stabulensis
2047 1768 2387 1837 aecclesiae
2422 1790 2571 1837 con-

230 1886 533 1970 gregatio,
579 1887 877 1974 quicquid
919 1887 1131 1971 regiae
1175 1886 1494 1953 maiestati
1533 1884 1822 1952 tantillus
1867 1885 2053 1952 debet
2081 1905 2154 1952 ac
2182 1891 2393 1973 potest
2424 1907 2571 1954 con-

231 2008 473 2068 ventus.

403 2116 479 2184 Si
511 2117 918 2186 excellentiae
944 2124 1213 2203 vestrae,
1246 2118 1645 2185 serenissime
1676 2117 1946 2202 domine,
1979 2117 2188 2204 aliquo
2209 2120 2399 2186 modo
2428 2141 2572 2204 gra-

228 2233 459 2305 tiarum
509 2235 784 2303 actiones
827 2236 1092 2302 reddere
1134 2240 1354 2301 nostra
1394 2242 1611 2321 posset
1651 2234 1984 2319 exiguitas,
2031 2234 2099 2300 id
2137 2240 2315 2303 tanto
2345 2239 2573 2322 exequi

226 2368 591 2418 curaremus
637 2352 958 2436 attentius,
1007 2357 1241 2438 quanto
1284 2352 1353 2417 in
1397 2350 1746 2435 colligendo
1773 2356 1957 2438 patre
1987 2356 2202 2418 nostro
2233 2352 2571 2420 aecclesiae

226 2474 511 2553 vestrae,
568 2468 637 2535 in
695 2488 821 2554 qua
871 2468 1068 2555 positi
1120 2487 1336 2536 sumus
1352 2517 1371 2551 ,
1427 2467 1715 2535 misereri
1770 2467 2117 2551 dignamini
2173 2470 2567 2557 propensius.

225 2581 375 2652 Inde
436 2589 566 2670 est,
625 2584 793 2670 quod
848 2584 1161 2652 continuis
1218 2585 1555 2652 missarum
1610 2583 2133 2652 celebrationibus
2189 2604 2263 2652 ac
2313 2585 2569 2670 vigiliis,

225 2701 502 2768 assiduis
543 2702 835 2788 precibus
881 2706 946 2768 et
990 2701 1347 2772 elemosinis
1376 2701 1584 2769 Deum
1627 2720 1744 2788 pro
1785 2705 1957 2768 statu
1982 2702 2165 2786 regni
2192 2703 2406 2786 vestri,
2452 2723 2570 2790 pro

222 2816 660 2885 incolumitate
687 2823 900 2886 vestra
927 2825 1403 2903 vestrorumque
1443 2838 1776 2885 exoramus
1807 2818 2111 2903 devotius,
2156 2818 2568 2905 postulantes,

224 2939 295 2999 ut
335 2934 421 3017 is,
467 2933 536 3000 in
579 2934 755 3001 cuius
798 2955 994 3002 manu
1036 2940 1187 3002 sunt
1230 2935 1510 3001 omnium
1553 2939 1898 3021 potestates
1945 2939 2009 3001 et
2044 2936 2186 3002 iura
2212 2957 2570 3020 regnorum,

223 3069 360 3134 eos,
412 3051 523 3135 qui
565 3051 634 3118 in
677 3072 794 3118 sua
835 3052 1087 3119 feritate
1129 3049 1478 3134 confidunt,
1526 3071 1641 3137 per
1686 3069 1796 3116 vos
1841 3055 2132 3137 potenter
2174 3053 2570 3138 comprimat,

224 3186 345 3252 quo
403 3165 665 3234 liberius
720 3167 864 3254 paci
916 3173 982 3234 et
1024 3166 1286 3234 utilitati
1331 3166 1776 3234 aecclesiarum
1817 3166 1940 3234 Dei
1984 3172 2196 3235 vestra
2237 3167 2572 3244 clementia

222 3283 561 3368 postmodo
616 3283 948 3370 providere
1004 3283 1229 3352 valeat.
1410 3283 1509 3350 De
1565 3287 1845 3367 caetero,
1905 3283 2239 3352 mitissime
2298 3285 2568 3370 domine,

222 3400 527 3484 quoniam
571 3398 906 3485 specialius
951 3400 1408 3485 quodammodo
1454 3421 1561 3467 eas
1607 3405 1937 3486 protegere
1981 3400 2315 3469 aecclesias
2359 3408 2575 3469 vestra

223 3514 416 3586 debet
459 3515 776 3600 maiestas,
831 3537 992 3601 quae
1038 3516 1116 3583 ab
1159 3517 1396 3584 inclitis
1437 3516 1984 3605 predecessoribus
2027 3518 2255 3584 vestris
2298 3519 2570 3605 impera-³

220 3631 472 3699 toribus
528 3630 660 3700 sive
718 3632 970 3716 regibus
1025 3633 1368 3701 honestiori
1426 3633 1597 3701 cultu
1655 3638 1722 3700 et
1771 3633 2063 3719 ampliori
2106 3632 2572 3718 magnificentia

220 3747 605 3818 sublimatae
650 3748 949 3833 existunt,
995 3749 1254 3837 speciali
1300 3750 1571 3836 quadam
1616 3747 1994 3817 confidentia
2025 3751 2107 3816 ad
2134 3771 2245 3818 vos
2278 3752 2571 3820 accedere

223 3864 563 3945 audemus3
623 3863 764 3948 ubi,
824 3864 1194 3934 clementiae
1236 3872 1481 3933 vestrae
1527 3865 1791 3950 genibus
1847 3866 2190 3953 provoluti,
2247 3867 2571 3936 humiliter

219 3981 671 4067 conquerimur
715 3982 795 4049 de
838 3980 1121 4048 Gozuino
1168 3982 1245 4048 de
1290 3982 1669 4066 Hengebach
1715 3987 1780 4050 et
1820 3983 2017 4050 fratre
2059 3983 2196 4051 eius
2224 3982 2567 4068 Everardo,

220 4098 334 4184 qui
380 4103 603 4190 contra
646 4117 897 4164 omnem
940 4098 1255 4164 iusticiam
1299 4099 1368 4164 in
1411 4098 1513 4165 die
1557 4099 1763 4185 pacis,
1818 4099 1887 4165 in
1929 4099 2089 4166 festo
2133 4098 2374 4167 scilicet
2418 4119 2568 4185 apo—

219 4212 537 4282 stolorum
582 4212 875 4301 symonis
932 4220 997 4282 et
1040 4214 1230 4280 Iudae
1248 4209 1283 4297 ¹,
1341 4235 1454 4282 sex
1507 4220 1786 4282 carratas
1828 4216 1962 4282 vini
2006 4235 2148 4282 cum
2192 4214 2567 4284 animalibus

221 4327 537 4402 violenter
579 4330 761 4398 nobis
807 4329 1216 4414 abstulerunt,
1263 4337 1328 4399 et
1354 4351 1663 4419 pauperes
1696 4336 1964 4417 nostroe,
2010 4332 2119 4417 qui
2156 4330 2442 4417 plaustra
2469 4353 2567 4401 se-

373 4485 416 4517 a.
457 4471 833 4520 Romamanorum
863 4475 966 4521 cod.

375 4560 427 4616 1.
461 4559 534 4616 28
568 4559 689 4617 Oct.
717 4559 873 4615 1149.
