<?xml version="1.0" encoding="UTF-8"?>
<!DOCTYPE html PUBLIC "-//W3C//DTD XHTML 1.0 Transitional//EN"
    "http://www.w3.org/TR/xhtml1/DTD/xhtml1-transitional.dtd">
<html xmlns="http://www.w3.org/1999/xhtml" xml:lang="en" lang="en">
 <head>
  <title>
</title>
<meta http-equiv="Content-Type" content="text/html;charset=utf-8" />
  <meta name='ocr-system' content='tesseract 3.04.00' />
  <meta name='ocr-capabilities' content='ocr_page ocr_carea ocr_par ocr_line ocrx_word'/>
</head>
<body>
  <div class='ocr_page' id='page_1' title='image "./monumentacorbei00corvgoog_0452.png"; bbox 0 0 3319 5242; ppageno 0'>
   <div class='ocr_carea' id='block_1_1' title="bbox 734 458 2395 525">
    <p class='ocr_par' dir='ltr' id='par_1_1' title="bbox 734 458 2395 525">
     <span class='ocr_line' id='line_1_1' title="bbox 734 458 2395 525; baseline -0.004 0"><span class='ocrx_word' id='word_1_1' title='bbox 734 458 866 525; x_wconf 83' lang='lat'><strong>442</strong></span> <span class='ocrx_word' id='word_1_2' title='bbox 1225 495 1229 500; x_wconf 93' lang='lat'><em>·</em></span> <span class='ocrx_word' id='word_1_3' title='bbox 1398 477 1693 524; x_wconf 73' lang='lat' dir='ltr'><strong>wmAnm</strong></span> <span class='ocrx_word' id='word_1_4' title='bbox 1734 475 2106 524; x_wconf 52' lang='lat' dir='ltr'><strong>anemonas</strong></span> <span class='ocrx_word' id='word_1_5' title='bbox 2145 473 2253 519; x_wconf 75' lang='lat'><strong>318.</strong></span> <span class='ocrx_word' id='word_1_6' title='bbox 2289 472 2395 519; x_wconf 76' lang='lat'><strong>814.</strong></span> 
     </span>
    </p>
   </div>
   <div class='ocr_carea' id='block_1_2' title="bbox 403 612 3060 1386">
    <p class='ocr_par' dir='ltr' id='par_1_2' title="bbox 403 612 3060 936">
     <span class='ocr_line' id='line_1_2' title="bbox 403 612 3055 747; baseline -0.003 -61"><span class='ocrx_word' id='word_1_7' title='bbox 403 622 541 747; x_wconf 60' lang='grc' dir='ltr'><strong>Ηὲθ</strong></span> <span class='ocrx_word' id='word_1_8' title='bbox 561 638 632 707; x_wconf 69' lang='lat'><strong>3³¹·</strong></span> <span class='ocrx_word' id='word_1_9' title='bbox 654 649 703 656; x_wconf 95' lang='lat'><em>-</em></span> <span class='ocrx_word' id='word_1_10' title='bbox 737 617 1249 705; x_wconf 78' lang='lat' dir='ltr'><strong>quandocumque</strong></span> <span class='ocrx_word' id='word_1_11' title='bbox 1279 617 1358 684; x_wconf 86' lang='lat' dir='ltr'><strong>ad</strong></span> <span class='ocrx_word' id='word_1_12' title='bbox 1386 616 1540 684; x_wconf 88' lang='lat' dir='ltr'><strong>haec</strong></span> <span class='ocrx_word' id='word_1_13' title='bbox 1570 637 1885 705; x_wconf 88' lang='lat' dir='ltr'><strong>apponere</strong></span> <span class='ocrx_word' id='word_1_14' title='bbox 1915 618 2193 683; x_wconf 88' lang='lat' dir='ltr'><strong>animum</strong></span> <span class='ocrx_word' id='word_1_15' title='bbox 2215 620 2429 682; x_wconf 86' lang='lat' dir='ltr'><strong>vestra</strong></span> <span class='ocrx_word' id='word_1_16' title='bbox 2456 613 2706 681; x_wconf 86' lang='lat' dir='ltr'><strong>curabit</strong></span> <span class='ocrx_word' id='word_1_17' title='bbox 2727 612 3055 697; x_wconf 70' lang='lat' dir='ltr'><strong>diligentia,</strong></span> 
     </span>
     <span class='ocr_line' id='line_1_3' title="bbox 509 696 3059 818; baseline -0.003 -15"><span class='ocrx_word' id='word_1_18' title='bbox 509 696 535 747; x_wconf 76' lang='lat'>¹</span> <span class='ocrx_word' id='word_1_19' title='bbox 558 711 621 742; x_wconf 61' lang='grc' dir='ltr'><strong>ω’</strong></span> <span class='ocrx_word' id='word_1_20' title='bbox 737 755 814 802; x_wconf 88' lang='lat' dir='ltr'><strong>ea</strong></span> <span class='ocrx_word' id='word_1_21' title='bbox 855 736 1032 803; x_wconf 88' lang='lat' dir='ltr'><strong>vobis</strong></span> <span class='ocrx_word' id='word_1_22' title='bbox 1079 735 1568 801; x_wconf 81' lang='lat' dir='ltr'><strong>amministrabit</strong></span> <span class='ocrx_word' id='word_1_23' title='bbox 1609 733 1861 817; x_wconf 88' lang='lat' dir='ltr'><strong>caritas,</strong></span> <span class='ocrx_word' id='word_1_24' title='bbox 1915 753 2074 818; x_wconf 84' lang='lat' dir='ltr'><strong>quae</strong></span> <span class='ocrx_word' id='word_1_25' title='bbox 2118 734 2186 799; x_wconf 90' lang='lat' dir='ltr'><strong>in</strong></span> <span class='ocrx_word' id='word_1_26' title='bbox 2231 732 2431 798; x_wconf 88' lang='lat' dir='ltr'><strong>ruinis</strong></span> <span class='ocrx_word' id='word_1_27' title='bbox 2476 729 2779 797; x_wconf 85' lang='lat' dir='ltr'><strong>ecclesiae</strong></span> <span class='ocrx_word' id='word_1_28' title='bbox 2823 735 3059 796; x_wconf 79' lang='lat' dir='ltr'><strong>nostrae</strong></span> 
     </span>
     <span class='ocr_line' id='line_1_4' title="bbox 732 845 3060 936; baseline -0.003 -18"><span class='ocrx_word' id='word_1_29' title='bbox 732 851 1145 920; x_wconf 76' lang='lat' dir='ltr'><strong>resarciendis</strong></span> <span class='ocrx_word' id='word_1_30' title='bbox 1192 851 1425 936; x_wconf 80' lang='lat' dir='ltr'><strong>absque</strong></span> <span class='ocrx_word' id='word_1_31' title='bbox 1470 851 1746 934; x_wconf 83' lang='lat' dir='ltr'><strong>graviori</strong></span> <span class='ocrx_word' id='word_1_32' title='bbox 1790 850 2148 917; x_wconf 87' lang='lat' dir='ltr'><strong>discrimine</strong></span> <span class='ocrx_word' id='word_1_33' title='bbox 2194 867 2444 914; x_wconf 89' lang='lat' dir='ltr'><strong>omnem</strong></span> <span class='ocrx_word' id='word_1_34' title='bbox 2477 845 2942 914; x_wconf 88' lang='lat' dir='ltr'><strong>benivolentiae</strong></span> <span class='ocrx_word' id='word_1_35' title='bbox 2969 866 3060 912; x_wconf 88' lang='lat' dir='ltr'><strong>ve-</strong></span> 
     </span>
    </p>

    <p class='ocr_par' dir='ltr' id='par_1_3' title="bbox 734 976 903 1036">
     <span class='ocr_line' id='line_1_5' title="bbox 734 976 903 1036; baseline -0.012 1"><span class='ocrx_word' id='word_1_36' title='bbox 734 976 903 1036; x_wconf 86' lang='lat' dir='ltr'><strong>strae</strong></span> 
     </span>
    </p>

    <p class='ocr_par' dir='ltr' id='par_1_4' title="bbox 733 1085 918 1171">
     <span class='ocr_line' id='line_1_6' title="bbox 733 1085 918 1171; baseline -0.016 -18"><span class='ocrx_word' id='word_1_37' title='bbox 733 1085 918 1171; x_wconf 61' lang='lat' dir='ltr'><strong>neglig</strong></span> 
     </span>
    </p>

    <p class='ocr_par' dir='ltr' id='par_1_5' title="bbox 732 1202 918 1269">
     <span class='ocr_line' id='line_1_7' title="bbox 732 1202 918 1269; baseline -0.011 0"><span class='ocrx_word' id='word_1_38' title='bbox 732 1202 918 1269; x_wconf 67' lang='lat' dir='ltr'><strong>inter(</strong></span> 
     </span>
    </p>

    <p class='ocr_par' dir='ltr' id='par_1_6' title="bbox 732 1324 918 1386">
     <span class='ocr_line' id='line_1_8' title="bbox 732 1324 918 1386; baseline 0 -2"><span class='ocrx_word' id='word_1_39' title='bbox 732 1324 918 1386; x_wconf 53' lang='lat' dir='ltr'><strong>noste]</strong></span> 
     </span>
    </p>
   </div>
   <div class='ocr_carea' id='block_1_3' title="bbox 732 1551 907 1630">
    <p class='ocr_par' dir='ltr' id='par_1_7' title="bbox 732 1551 907 1630">
     <span class='ocr_line' id='line_1_9' title="bbox 732 1551 907 1630; baseline -0.011 -11"><span class='ocrx_word' id='word_1_40' title='bbox 732 1551 907 1630; x_wconf 88' lang='lat' dir='ltr'><strong>Quod</strong></span> 
     </span>
    </p>
   </div>
   <div class='ocr_carea' id='block_1_4' title="bbox 730 1673 3073 3262">
    <p class='ocr_par' dir='ltr' id='par_1_8' title="bbox 733 1673 908 1734">
     <span class='ocr_line' id='line_1_10' title="bbox 733 1673 908 1734; baseline 0 -1"><span class='ocrx_word' id='word_1_41' title='bbox 733 1673 908 1734; x_wconf 88' lang='lat' dir='ltr'><strong>sente</strong></span> 
     </span>
    </p>

    <p class='ocr_par' dir='ltr' id='par_1_9' title="bbox 731 1782 918 1850">
     <span class='ocr_line' id='line_1_11' title="bbox 731 1782 918 1850; baseline -0.005 -1"><span class='ocrx_word' id='word_1_42' title='bbox 731 1782 918 1850; x_wconf 86' lang='lat' dir='ltr'><strong>Leviu</strong></span> 
     </span>
    </p>

    <p class='ocr_par' dir='ltr' id='par_1_10' title="bbox 732 1904 918 1986">
     <span class='ocr_line' id='line_1_12' title="bbox 732 1904 918 1986; baseline -0.005 -20"><span class='ocrx_word' id='word_1_43' title='bbox 732 1904 918 1986; x_wconf 83' lang='lat' dir='ltr'><strong>perta</strong></span> 
     </span>
    </p>

    <p class='ocr_par' dir='ltr' id='par_1_11' title="bbox 730 2021 3073 3262">
     <span class='ocr_line' id='line_1_13' title="bbox 733 2021 3070 2092; baseline -0.003 -9"><span class='ocrx_word' id='word_1_44' title='bbox 733 2021 863 2083; x_wconf 87' lang='lat' dir='ltr'><strong>tem</strong></span> <span class='ocrx_word' id='word_1_45' title='bbox 916 2038 1128 2081; x_wconf 55' lang='grc' dir='ltr'><strong>.-.ψ</strong></span> <span class='ocrx_word' id='word_1_46' title='bbox 1184 2067 1446 2080; x_wconf 50' lang='lat' dir='ltr'><strong>um...</strong></span> <span class='ocrx_word' id='word_1_47' title='bbox 1504 2067 1741 2082; x_wconf 76' lang='grc'><strong>...,..,--.,</strong></span> <span class='ocrx_word' id='word_1_48' title='bbox 1798 2067 2179 2079; x_wconf 41' lang='grc' dir='ltr'><strong>..-ψ-...ψη</strong></span> <span class='ocrx_word' id='word_1_49' title='bbox 2222 2067 2574 2077; x_wconf 67' lang='grc'><strong>.---..--..--</strong></span> <span class='ocrx_word' id='word_1_50' title='bbox 2767 2067 3070 2092; x_wconf 69' lang='grc'><strong>-,----,</strong></span> 
     </span>
     <span class='ocr_line' id='line_1_14' title="bbox 732 2125 3073 2220; baseline -0.003 -21"><span class='ocrx_word' id='word_1_51' title='bbox 732 2136 912 2220; x_wconf 85' lang='lat' dir='ltr'><strong>pater</strong></span> <span class='ocrx_word' id='word_1_52' title='bbox 965 2132 1421 2215; x_wconf 88' lang='lat' dir='ltr'><strong>amantissime,</strong></span> <span class='ocrx_word' id='word_1_53' title='bbox 1480 2136 1552 2196; x_wconf 92' lang='lat' dir='ltr'><strong>ut</strong></span> <span class='ocrx_word' id='word_1_54' title='bbox 1598 2129 1678 2196; x_wconf 86' lang='lat' dir='ltr'><strong>ad</strong></span> <span class='ocrx_word' id='word_1_55' title='bbox 1722 2149 1825 2213; x_wconf 89' lang='lat' dir='ltr'><strong>ea,</strong></span> <span class='ocrx_word' id='word_1_56' title='bbox 1883 2148 2043 2214; x_wconf 86' lang='lat' dir='ltr'><strong>quae</strong></span> <span class='ocrx_word' id='word_1_57' title='bbox 2085 2126 2386 2193; x_wconf 87' lang='lat' dir='ltr'><strong>fratribus</strong></span> <span class='ocrx_word' id='word_1_58' title='bbox 2430 2127 2498 2193; x_wconf 91' lang='lat' dir='ltr'><strong>in</strong></span> <span class='ocrx_word' id='word_1_59' title='bbox 2543 2144 2878 2192; x_wconf 87' lang='lat' dir='ltr'><strong>commune</strong></span> <span class='ocrx_word' id='word_1_60' title='bbox 2922 2125 3073 2192; x_wconf 79' lang='lat' dir='ltr'><strong>scri·</strong></span> 
     </span>
     <span class='ocr_line' id='line_1_15' title="bbox 732 2242 3073 2336; baseline -0.003 -20"><span class='ocrx_word' id='word_1_61' title='bbox 732 2250 979 2336; x_wconf 87' lang='lat' dir='ltr'><strong>psistis,</strong></span> <span class='ocrx_word' id='word_1_62' title='bbox 1046 2248 1320 2315; x_wconf 89' lang='lat' dir='ltr'><strong>breviter</strong></span> <span class='ocrx_word' id='word_1_63' title='bbox 1386 2247 1800 2334; x_wconf 78' lang='lat' dir='ltr'><strong>respondeam</strong></span> <span class='ocrx_word' id='word_1_64' title='bbox 1815 2295 1834 2328; x_wconf 89' lang='lat'><strong>,</strong></span> <span class='ocrx_word' id='word_1_65' title='bbox 1902 2244 2072 2310; x_wconf 94' lang='lat' dir='ltr'><strong>nullo</strong></span> <span class='ocrx_word' id='word_1_66' title='bbox 2127 2242 2313 2309; x_wconf 91' lang='lat' dir='ltr'><strong>modo</strong></span> <span class='ocrx_word' id='word_1_67' title='bbox 2366 2242 2770 2328; x_wconf 81' lang='lat' dir='ltr'><strong>paternitatis</strong></span> <span class='ocrx_word' id='word_1_68' title='bbox 2829 2248 3073 2309; x_wconf 79' lang='lat' dir='ltr'><strong>vestrae</strong></span> 
     </span>
     <span class='ocr_line' id='line_1_16' title="bbox 732 2358 3072 2450; baseline -0.003 -18"><span class='ocrx_word' id='word_1_69' title='bbox 732 2366 1201 2450; x_wconf 81' lang='lat' dir='ltr'><strong>gubernatione,</strong></span> <span class='ocrx_word' id='word_1_70' title='bbox 1246 2363 1423 2431; x_wconf 86' lang='lat' dir='ltr'><strong>nulla</strong></span> <span class='ocrx_word' id='word_1_71' title='bbox 1463 2365 1709 2430; x_wconf 85' lang='lat' dir='ltr'><strong>ratione</strong></span> <span class='ocrx_word' id='word_1_72' title='bbox 1753 2360 2200 2428; x_wconf 88' lang='lat' dir='ltr'><strong>moderationis</strong></span> <span class='ocrx_word' id='word_1_73' title='bbox 2229 2364 2477 2425; x_wconf 86' lang='lat' dir='ltr'><strong>vestrae</strong></span> <span class='ocrx_word' id='word_1_74' title='bbox 2521 2358 2829 2442; x_wconf 87' lang='lat' dir='ltr'><strong>regimine</strong></span> <span class='ocrx_word' id='word_1_75' title='bbox 2861 2377 3072 2424; x_wconf 77' lang='lat' dir='ltr'><strong>carere</strong></span> 
     </span>
     <span class='ocr_line' id='line_1_17' title="bbox 733 2472 3070 2567; baseline -0.003 -19"><span class='ocrx_word' id='word_1_76' title='bbox 733 2481 1018 2548; x_wconf 89' lang='lat' dir='ltr'><strong>volumus</strong></span> <span class='ocrx_word' id='word_1_77' title='bbox 1067 2485 1177 2547; x_wconf 88' lang='lat' dir='ltr'><strong>aut</strong></span> <span class='ocrx_word' id='word_1_78' title='bbox 1207 2501 1570 2567; x_wconf 84' lang='lat' dir='ltr'><strong>possumus3</strong></span> <span class='ocrx_word' id='word_1_79' title='bbox 1618 2498 1763 2545; x_wconf 89' lang='lat' dir='ltr'><strong>cum</strong></span> <span class='ocrx_word' id='word_1_80' title='bbox 1791 2479 1859 2543; x_wconf 88' lang='lat' dir='ltr'><strong>in</strong></span> <span class='ocrx_word' id='word_1_81' title='bbox 1886 2478 2005 2543; x_wconf 91' lang='lat' dir='ltr'><strong>hoc</strong></span> <span class='ocrx_word' id='word_1_82' title='bbox 2033 2475 2506 2542; x_wconf 81' lang='lat' dir='ltr'><strong>convenerimus</strong></span> <span class='ocrx_word' id='word_1_83' title='bbox 2538 2479 2602 2541; x_wconf 91' lang='lat' dir='ltr'><strong>et</strong></span> <span class='ocrx_word' id='word_1_84' title='bbox 2628 2472 2830 2540; x_wconf 88' lang='lat' dir='ltr'><strong>fixum</strong></span> <span class='ocrx_word' id='word_1_85' title='bbox 2861 2480 3070 2542; x_wconf 83' lang='lat' dir='ltr'><strong>tenea-</strong></span> 
     </span>
     <span class='ocr_line' id='line_1_18' title="bbox 731 2590 3068 2685; baseline -0.004 -20"><span class='ocrx_word' id='word_1_86' title='bbox 731 2618 893 2684; x_wconf 86' lang='lat' dir='ltr'><strong>mus,</strong></span> <span class='ocrx_word' id='word_1_87' title='bbox 942 2598 1108 2685; x_wconf 92' lang='lat' dir='ltr'><strong>quod</strong></span> <span class='ocrx_word' id='word_1_88' title='bbox 1150 2599 1361 2685; x_wconf 88' lang='lat' dir='ltr'><strong>potius</strong></span> <span class='ocrx_word' id='word_1_89' title='bbox 1408 2618 1479 2664; x_wconf 91' lang='lat' dir='ltr'><strong>eo</strong></span> <span class='ocrx_word' id='word_1_90' title='bbox 1523 2598 1662 2684; x_wconf 86' lang='lat' dir='ltr'><strong>ipso</strong></span> <span class='ocrx_word' id='word_1_91' title='bbox 1707 2593 1952 2661; x_wconf 91' lang='lat' dir='ltr'><strong>modico</strong></span> <span class='ocrx_word' id='word_1_92' title='bbox 1997 2592 2312 2676; x_wconf 87' lang='lat' dir='ltr'><strong>thesauro,</strong></span> <span class='ocrx_word' id='word_1_93' title='bbox 2360 2590 2504 2677; x_wconf 63' lang='lat' dir='ltr'><strong>qui*</strong></span> <span class='ocrx_word' id='word_1_94' title='bbox 2550 2590 2718 2678; x_wconf 89' lang='lat' dir='ltr'><strong>apud</strong></span> <span class='ocrx_word' id='word_1_95' title='bbox 2759 2610 2880 2657; x_wconf 86' lang='lat' dir='ltr'><strong>nos</strong></span> <span class='ocrx_word' id='word_1_96' title='bbox 2924 2596 3068 2674; x_wconf 63' lang='grc' dir='ltr'>θεῖ’,</span> 
     </span>
     <span class='ocr_line' id='line_1_19' title="bbox 732 2708 3070 2801; baseline -0.005 -17"><span class='ocrx_word' id='word_1_97' title='bbox 732 2736 945 2784; x_wconf 87' lang='lat' dir='ltr'><strong>carere</strong></span> <span class='ocrx_word' id='word_1_98' title='bbox 975 2715 1259 2800; x_wconf 89' lang='lat' dir='ltr'><strong>velimus,</strong></span> <span class='ocrx_word' id='word_1_99' title='bbox 1292 2734 1481 2801; x_wconf 87' lang='lat' dir='ltr'><strong>quam</strong></span> <span class='ocrx_word' id='word_1_100' title='bbox 1512 2713 1626 2779; x_wconf 99' lang='lat' dir='ltr'><strong>sub</strong></span> <span class='ocrx_word' id='word_1_101' title='bbox 1654 2711 1841 2779; x_wconf 87' lang='lat' dir='ltr'><strong>titulo</strong></span> <span class='ocrx_word' id='word_1_102' title='bbox 1874 2710 2130 2777; x_wconf 87' lang='lat' dir='ltr'><strong>alterius</strong></span> <span class='ocrx_word' id='word_1_103' title='bbox 2162 2708 2462 2775; x_wconf 86' lang='lat' dir='ltr'><strong>ecclesiae</strong></span> <span class='ocrx_word' id='word_1_104' title='bbox 2488 2726 2796 2794; x_wconf 89' lang='lat' dir='ltr'><strong>personae</strong></span> <span class='ocrx_word' id='word_1_105' title='bbox 2828 2713 3070 2774; x_wconf 79' lang='lat' dir='ltr'><strong>vestrae</strong></span> 
     </span>
     <span class='ocr_line' id='line_1_20' title="bbox 731 2815 3070 2917; baseline -0.005 -17"><span class='ocrx_word' id='word_1_106' title='bbox 731 2833 1011 2917; x_wconf 88' lang='lat' dir='ltr'><strong>regimen</strong></span> <span class='ocrx_word' id='word_1_107' title='bbox 1057 2832 1365 2898; x_wconf 88' lang='lat' dir='ltr'><strong>amittere.</strong></span> <span class='ocrx_word' id='word_1_108' title='bbox 1433 2829 1656 2912; x_wconf 84' lang='lat' dir='ltr'><strong>Quare,</strong></span> <span class='ocrx_word' id='word_1_109' title='bbox 1704 2832 1904 2914; x_wconf 89' lang='lat' dir='ltr'><strong>pater,</strong></span> <span class='ocrx_word' id='word_1_110' title='bbox 1951 2846 2027 2893; x_wconf 88' lang='lat' dir='ltr'><strong>ea</strong></span> <span class='ocrx_word' id='word_1_111' title='bbox 2070 2823 2329 2911; x_wconf 87' lang='lat' dir='ltr'><strong>speciali</strong></span> <span class='ocrx_word' id='word_1_112' title='bbox 2374 2822 2768 2907; x_wconf 77' lang='lat' dir='ltr'><strong>confidentia,</strong></span> <span class='ocrx_word' id='word_1_113' title='bbox 2818 2815 2944 2908; x_wconf 83' lang='lat' dir='ltr'><strong>qua</strong></span> <span class='ocrx_word' id='word_1_114' title='bbox 2970 2843 3070 2889; x_wconf 88' lang='lat' dir='ltr'><strong>me</strong></span> 
     </span>
     <span class='ocr_line' id='line_1_21' title="bbox 732 2941 3067 3036; baseline -0.005 -20"><span class='ocrx_word' id='word_1_115' title='bbox 732 2969 981 3036; x_wconf 87' lang='lat' dir='ltr'><strong>semper</strong></span> <span class='ocrx_word' id='word_1_116' title='bbox 1024 2947 1225 3014; x_wconf 88' lang='lat' dir='ltr'><strong>filium</strong></span> <span class='ocrx_word' id='word_1_117' title='bbox 1268 2966 1492 3013; x_wconf 89' lang='lat' dir='ltr'><strong>vocare</strong></span> <span class='ocrx_word' id='word_1_118' title='bbox 1537 2944 1970 3026; x_wconf 83' lang='lat' dir='ltr'><strong>consuevistis,</strong></span> <span class='ocrx_word' id='word_1_119' title='bbox 2015 2941 2470 3026; x_wconf 81' lang='lat' dir='ltr'><strong>benignitatem</strong></span> <span class='ocrx_word' id='word_1_120' title='bbox 2507 2945 2783 3006; x_wconf 88' lang='lat' dir='ltr'><strong>vestram</strong></span> <span class='ocrx_word' id='word_1_121' title='bbox 2835 2944 3067 3006; x_wconf 85' lang='lat' dir='ltr'><strong>attente</strong></span> 
     </span>
     <span class='ocr_line' id='line_1_22' title="bbox 732 3056 3066 3150; baseline -0.006 -16"><span class='ocrx_word' id='word_1_122' title='bbox 732 3066 1010 3150; x_wconf 87' lang='lat' dir='ltr'><strong>obsecro,</strong></span> <span class='ocrx_word' id='word_1_123' title='bbox 1056 3084 1137 3131; x_wconf 92' lang='lat' dir='ltr'><strong>ne</strong></span> <span class='ocrx_word' id='word_1_124' title='bbox 1181 3084 1295 3130; x_wconf 90' lang='lat' dir='ltr'><strong>nos</strong></span> <span class='ocrx_word' id='word_1_125' title='bbox 1342 3082 1531 3149; x_wconf 90' lang='lat' dir='ltr'><strong>super</strong></span> <span class='ocrx_word' id='word_1_126' title='bbox 1573 3062 1694 3128; x_wconf 91' lang='lat' dir='ltr'><strong>hoc</strong></span> <span class='ocrx_word' id='word_1_127' title='bbox 1723 3059 1912 3126; x_wconf 89' lang='lat' dir='ltr'><strong>verbo</strong></span> <span class='ocrx_word' id='word_1_128' title='bbox 1956 3058 2125 3126; x_wconf 89' lang='lat' dir='ltr'><strong>ultra</strong></span> <span class='ocrx_word' id='word_1_129' title='bbox 2168 3057 2541 3144; x_wconf 86' lang='lat' dir='ltr'><strong>perturbare</strong></span> <span class='ocrx_word' id='word_1_130' title='bbox 2582 3056 2948 3138; x_wconf 85' lang='lat' dir='ltr'><strong>intendatis,</strong></span> <span class='ocrx_word' id='word_1_131' title='bbox 2991 3075 3066 3121; x_wconf 90' lang='lat' dir='ltr'><strong>ne</strong></span> 
     </span>
     <span class='ocr_line' id='line_1_23' title="bbox 730 3171 3063 3262; baseline -0.006 -12"><span class='ocrx_word' id='word_1_132' title='bbox 730 3183 980 3249; x_wconf 88' lang='lat' dir='ltr'><strong>ruinam</strong></span> <span class='ocrx_word' id='word_1_133' title='bbox 1025 3185 1089 3248; x_wconf 90' lang='lat' dir='ltr'><strong>et</strong></span> <span class='ocrx_word' id='word_1_134' title='bbox 1132 3179 1581 3249; x_wconf 86' lang='lat' dir='ltr'><strong>desolationem</strong></span> <span class='ocrx_word' id='word_1_135' title='bbox 1625 3177 1770 3261; x_wconf 90' lang='lat' dir='ltr'><strong>loci,</strong></span> <span class='ocrx_word' id='word_1_136' title='bbox 1819 3196 2003 3262; x_wconf 90' lang='lat' dir='ltr'><strong>quem</strong></span> <span class='ocrx_word' id='word_1_137' title='bbox 2042 3172 2399 3258; x_wconf 85' lang='lat' dir='ltr'><strong>edificastis,</strong></span> <span class='ocrx_word' id='word_1_138' title='bbox 2447 3171 2612 3259; x_wconf 92' lang='lat' dir='ltr'><strong>quod</strong></span> <span class='ocrx_word' id='word_1_139' title='bbox 2644 3172 2830 3256; x_wconf 85' lang='lat' dir='ltr'><strong>absit,</strong></span> <span class='ocrx_word' id='word_1_140' title='bbox 2878 3171 3063 3239; x_wconf 86' lang='lat' dir='ltr'><strong>oculis</strong></span> 
     </span>
    </p>
   </div>
   <div class='ocr_carea' id='block_1_5' title="bbox 732 3293 1822 3386">
    <p class='ocr_par' dir='ltr' id='par_1_12' title="bbox 732 3293 1822 3386">
     <span class='ocr_line' id='line_1_24' title="bbox 732 3293 1822 3386; baseline -0.008 -20"><span class='ocrx_word' id='word_1_141' title='bbox 732 3298 1157 3386; x_wconf 87' lang='lat' dir='ltr'><strong>corporalibus</strong></span> <span class='ocrx_word' id='word_1_142' title='bbox 1202 3299 1271 3363; x_wconf 92' lang='lat' dir='ltr'><strong>in</strong></span> <span class='ocrx_word' id='word_1_143' title='bbox 1313 3296 1491 3364; x_wconf 89' lang='lat' dir='ltr'><strong>brevi</strong></span> <span class='ocrx_word' id='word_1_144' title='bbox 1535 3293 1822 3361; x_wconf 88' lang='lat' dir='ltr'><strong>videatis.</strong></span> 
     </span>
    </p>
   </div>
   <div class='ocr_carea' id='block_1_6' title="bbox 1691 3416 2114 3428">
    <p class='ocr_par' dir='ltr' id='par_1_13' title="bbox 1691 3416 2114 3428">
     <span class='ocr_line' id='line_1_25' title="bbox 1691 3416 2114 3428; baseline 0 1814"><span class='ocrx_word' id='word_1_145' title='bbox 1691 3416 2114 3428; x_wconf 95' lang='lat' dir='ltr'><strong> </strong></span> 
     </span>
    </p>
   </div>
   <div class='ocr_carea' id='block_1_7' title="bbox 739 3492 3063 3693">
    <p class='ocr_par' dir='ltr' id='par_1_14' title="bbox 739 3492 3063 3693">
     <span class='ocr_line' id='line_1_26' title="bbox 739 3492 3062 3586; baseline -0.008 -12"><span class='ocrx_word' id='word_1_146' title='bbox 739 3502 780 3574; x_wconf 89' lang='lat'><strong>3</strong></span> <span class='ocrx_word' id='word_1_147' title='bbox 796 3502 913 3572; x_wconf 88' lang='lat'><strong>14.</strong></span> <span class='ocrx_word' id='word_1_148' title='bbox 948 3504 1265 3570; x_wconf 66' lang='lat' dir='ltr'><strong>Wibaldas</strong></span> <span class='ocrx_word' id='word_1_149' title='bbox 1290 3501 1745 3568; x_wconf 76' lang='lat' dir='ltr'><strong>Stabulensium</strong></span> <span class='ocrx_word' id='word_1_150' title='bbox 1772 3520 2131 3586; x_wconf 75' lang='lat' dir='ltr'><strong>responsum</strong></span> <span class='ocrx_word' id='word_1_151' title='bbox 2152 3496 2634 3583; x_wconf 72' lang='lat' dir='ltr'><strong>praecipitatum</strong></span> <span class='ocrx_word' id='word_1_152' title='bbox 2664 3492 3062 3580; x_wconf 70' lang='lat' dir='ltr'><strong>reprehendit.</strong></span> 
     </span>
     <span class='ocr_line' id='line_1_27' title="bbox 955 3601 3063 3693; baseline -0.007 -17"><span class='ocrx_word' id='word_1_153' title='bbox 955 3611 1250 3689; x_wconf 78' lang='lat' dir='ltr'><strong>Mandat,</strong></span> <span class='ocrx_word' id='word_1_154' title='bbox 1308 3620 1376 3673; x_wconf 80' lang='lat' dir='ltr'><strong>ut</strong></span> <span class='ocrx_word' id='word_1_155' title='bbox 1432 3609 1507 3672; x_wconf 85' lang='lat' dir='ltr'><strong>de</strong></span> <span class='ocrx_word' id='word_1_156' title='bbox 1563 3606 1927 3693; x_wconf 78' lang='lat' dir='ltr'><strong>deponenda</strong></span> <span class='ocrx_word' id='word_1_157' title='bbox 1982 3604 2230 3668; x_wconf 74' lang='lat' dir='ltr'><strong>abbatia</strong></span> <span class='ocrx_word' id='word_1_158' title='bbox 2277 3614 2335 3666; x_wconf 81' lang='lat' dir='ltr'><strong>et</strong></span> <span class='ocrx_word' id='word_1_159' title='bbox 2375 3601 2977 3667; x_wconf 71' lang='lat' dir='ltr'><strong>Malmundarienses</strong></span> <span class='ocrx_word' id='word_1_160' title='bbox 3015 3608 3063 3661; x_wconf 72' lang='lat' dir='ltr'><strong>et</strong></span> 
     </span>
    </p>
   </div>
   <div class='ocr_carea' id='block_1_8' title="bbox 953 3703 3061 3782">
    <p class='ocr_par' dir='ltr' id='par_1_15' title="bbox 953 3703 3061 3782">
     <span class='ocr_line' id='line_1_28' title="bbox 953 3703 3061 3782; baseline -0.006 0"><span class='ocrx_word' id='word_1_161' title='bbox 953 3719 1142 3782; x_wconf 75' lang='lat' dir='ltr'><strong>laicos</strong></span> <span class='ocrx_word' id='word_1_162' title='bbox 1188 3716 1472 3782; x_wconf 72' lang='lat' dir='ltr'><strong>ecclesiae</strong></span> <span class='ocrx_word' id='word_1_163' title='bbox 1516 3716 1582 3777; x_wconf 76' lang='lat' dir='ltr'><strong>in</strong></span> <span class='ocrx_word' id='word_1_164' title='bbox 1629 3712 1946 3778; x_wconf 77' lang='lat' dir='ltr'><strong>consilium</strong></span> <span class='ocrx_word' id='word_1_165' title='bbox 1993 3708 2340 3774; x_wconf 75' lang='lat' dir='ltr'><strong>adhibeant.</strong></span> <span class='ocrx_word' id='word_1_166' title='bbox 2752 3703 2860 3782; x_wconf 84' lang='lat' dir='ltr'><strong>(M.</strong></span> <span class='ocrx_word' id='word_1_167' title='bbox 2895 3703 3061 3782; x_wconf 76' lang='lat'><strong>297.)</strong></span> 
     </span>
    </p>
   </div>
   <div class='ocr_carea' id='block_1_9' title="bbox 400 3837 3061 4039">
    <p class='ocr_par' dir='ltr' id='par_1_16' title="bbox 400 3837 3061 4039">
     <span class='ocr_line' id='line_1_29' title="bbox 400 3837 3061 3929; baseline -0.01 1"><span class='ocrx_word' id='word_1_168' title='bbox 400 3874 542 3929; x_wconf 84' lang='lat'>1150</span> <span class='ocrx_word' id='word_1_169' title='bbox 561 3888 628 3920; x_wconf 61' lang='grc' dir='ltr'><strong>οι</strong></span> <span class='ocrx_word' id='word_1_170' title='bbox 651 3896 700 3904; x_wconf 92' lang='grc'>-</span> <span class='ocrx_word' id='word_1_171' title='bbox 911 3848 1292 3917; x_wconf 90' lang='lat' dir='ltr'><strong>Reverendis</strong></span> <span class='ocrx_word' id='word_1_172' title='bbox 1343 3847 1410 3912; x_wconf 88' lang='lat' dir='ltr'><strong>in</strong></span> <span class='ocrx_word' id='word_1_173' title='bbox 1456 3844 1706 3912; x_wconf 90' lang='lat' dir='ltr'><strong>Christo</strong></span> <span class='ocrx_word' id='word_1_174' title='bbox 1750 3843 2050 3910; x_wconf 85' lang='lat' dir='ltr'><strong>fratribus</strong></span> <span class='ocrx_word' id='word_1_175' title='bbox 2095 3846 2160 3908; x_wconf 88' lang='lat' dir='ltr'><strong>et</strong></span> <span class='ocrx_word' id='word_1_176' title='bbox 2203 3839 2472 3906; x_wconf 90' lang='lat' dir='ltr'><strong>dominis</strong></span> <span class='ocrx_word' id='word_1_177' title='bbox 2518 3837 2841 3919; x_wconf 85' lang='lat' dir='ltr'><strong>R(oberto)</strong></span> <span class='ocrx_word' id='word_1_178' title='bbox 2890 3857 3061 3904; x_wconf 90' lang='lat' dir='ltr'><strong>vene-</strong></span> 
     </span>
     <span class='ocr_line' id='line_1_30' title="bbox 402 3946 3060 4039; baseline -0.01 5"><span class='ocrx_word' id='word_1_179' title='bbox 402 3946 537 4001; x_wconf 76' lang='lat'><strong>¹¹⁵¹</strong></span> <span class='ocrx_word' id='word_1_180' title='bbox 559 3948 623 3993; x_wconf 65' lang='lat'><strong>¹¹²⁰</strong></span> <span class='ocrx_word' id='word_1_181' title='bbox 734 3969 921 4039; x_wconf 86' lang='lat' dir='ltr'><strong>rabili</strong></span> <span class='ocrx_word' id='word_1_182' title='bbox 966 3969 1199 4035; x_wconf 90' lang='lat' dir='ltr'><strong>decano</strong></span> <span class='ocrx_word' id='word_1_183' title='bbox 1239 3970 1302 4030; x_wconf 89' lang='lat' dir='ltr'><strong>et</strong></span> <span class='ocrx_word' id='word_1_184' title='bbox 1332 3963 1555 4030; x_wconf 87' lang='lat' dir='ltr'><strong>ceteris</strong></span> <span class='ocrx_word' id='word_1_185' title='bbox 1589 3961 1978 4029; x_wconf 89' lang='lat' dir='ltr'><strong>Stabulensis</strong></span> <span class='ocrx_word' id='word_1_186' title='bbox 2022 3955 2358 4024; x_wconf 86' lang='lat' dir='ltr'><strong>aecclesiae</strong></span> <span class='ocrx_word' id='word_1_187' title='bbox 2398 3954 2544 4021; x_wconf 87' lang='lat' dir='ltr'><strong>filiis</strong></span> <span class='ocrx_word' id='word_1_188' title='bbox 2587 3954 2782 4021; x_wconf 82' lang='lat' dir='ltr'><strong>frater</strong></span> <span class='ocrx_word' id='word_1_189' title='bbox 2812 3951 3060 4034; x_wconf 77' lang='lat' dir='ltr'><strong>Wfibal-</strong></span> 
     </span>
    </p>
   </div>
   <div class='ocr_carea' id='block_1_10' title="bbox 736 4071 3059 4170">
    <p class='ocr_par' dir='ltr' id='par_1_17' title="bbox 736 4071 3059 4170">
     <span class='ocr_line' id='line_1_31' title="bbox 736 4071 3059 4170; baseline -0.009 -16"><span class='ocrx_word' id='word_1_190' title='bbox 736 4088 876 4170; x_wconf 88' lang='lat' dir='ltr'><strong>dus)</strong></span> <span class='ocrx_word' id='word_1_191' title='bbox 923 4085 1044 4152; x_wconf 91' lang='lat' dir='ltr'><strong>Dei</strong></span> <span class='ocrx_word' id='word_1_192' title='bbox 1088 4083 1296 4169; x_wconf 89' lang='lat' dir='ltr'><strong>gratia</strong></span> <span class='ocrx_word' id='word_1_193' title='bbox 1340 4080 1435 4164; x_wconf 89' lang='lat' dir='ltr'><strong>id,</strong></span> <span class='ocrx_word' id='word_1_194' title='bbox 1483 4079 1646 4165; x_wconf 90' lang='lat' dir='ltr'><strong>quod</strong></span> <span class='ocrx_word' id='word_1_195' title='bbox 1696 4082 1793 4145; x_wconf 89' lang='lat' dir='ltr'><strong>est</strong></span> <span class='ocrx_word' id='word_1_196' title='bbox 1836 4078 1903 4143; x_wconf 92' lang='lat' dir='ltr'><strong>in</strong></span> <span class='ocrx_word' id='word_1_197' title='bbox 1950 4073 2251 4142; x_wconf 87' lang='lat' dir='ltr'><strong>aecclesia</strong></span> <span class='ocrx_word' id='word_1_198' title='bbox 2293 4071 2632 4155; x_wconf 85' lang='lat' dir='ltr'><strong>catholica,</strong></span> <span class='ocrx_word' id='word_1_199' title='bbox 2677 4071 2895 4155; x_wconf 88' lang='lat' dir='ltr'><strong>magni</strong></span> <span class='ocrx_word' id='word_1_200' title='bbox 2928 4089 3059 4138; x_wconf 89' lang='lat' dir='ltr'><strong>oon-</strong></span> 
     </span>
    </p>
   </div>
   <div class='ocr_carea' id='block_1_11' title="bbox 736 4200 2526 4384">
    <p class='ocr_par' dir='ltr' id='par_1_18' title="bbox 736 4200 2526 4384">
     <span class='ocr_line' id='line_1_32' title="bbox 736 4200 1220 4287; baseline -0.014 -15"><span class='ocrx_word' id='word_1_201' title='bbox 736 4204 862 4273; x_wconf 88' lang='lat' dir='ltr'><strong>silii</strong></span> <span class='ocrx_word' id='word_1_202' title='bbox 909 4200 1220 4287; x_wconf 88' lang='lat' dir='ltr'><strong>angelum.</strong></span> 
     </span>
     <span class='ocr_line' id='line_1_33' title="bbox 882 4312 2526 4384; baseline -0.01 -10"><span class='ocrx_word' id='word_1_203' title='bbox 882 4342 922 4374; x_wconf 81' lang='lat' dir='ltr'><strong>a.</strong></span> <span class='ocrx_word' id='word_1_204' title='bbox 966 4328 1094 4384; x_wconf 75' lang='lat' dir='ltr'><strong>gutta</strong></span> <span class='ocrx_word' id='word_1_205' title='bbox 1125 4338 1163 4370; x_wconf 90' lang='lat' dir='ltr'><strong>c.</strong></span> <span class='ocrx_word' id='word_1_206' title='bbox 1195 4323 1225 4369; x_wconf 90' lang='lat'><strong>1.</strong></span> <span class='ocrx_word' id='word_1_207' title='bbox 1256 4326 1302 4371; x_wconf 85' lang='lat' dir='ltr'><strong>ii.</strong></span> <span class='ocrx_word' id='word_1_208' title='bbox 1334 4322 1381 4369; x_wconf 93' lang='lat' dir='ltr'><strong>vi</strong></span> <span class='ocrx_word' id='word_1_209' title='bbox 1413 4335 1465 4366; x_wconf 88' lang='lat' dir='ltr'><strong>.s.</strong></span> <span class='ocrx_word' id='word_1_210' title='bbox 1498 4320 1602 4366; x_wconf 77' lang='lat' dir='ltr'><strong>cod.</strong></span> <span class='ocrx_word' id='word_1_211' title='bbox 1726 4318 1771 4363; x_wconf 92' lang='lat' dir='ltr'><strong>b.</strong></span> <span class='ocrx_word' id='word_1_212' title='bbox 1803 4316 1927 4377; x_wconf 89' lang='lat' dir='ltr'><strong>quod</strong></span> <span class='ocrx_word' id='word_1_213' title='bbox 1959 4334 1996 4362; x_wconf 82' lang='lat' dir='ltr'><strong>c.</strong></span> <span class='ocrx_word' id='word_1_214' title='bbox 2122 4328 2161 4361; x_wconf 88' lang='lat' dir='ltr'><strong>c.</strong></span> <span class='ocrx_word' id='word_1_215' title='bbox 2204 4316 2276 4361; x_wconf 84' lang='lat' dir='ltr'><strong>est</strong></span> <span class='ocrx_word' id='word_1_216' title='bbox 2306 4330 2392 4359; x_wconf 86' lang='lat' dir='ltr'><strong>om.</strong></span> <span class='ocrx_word' id='word_1_217' title='bbox 2423 4312 2526 4359; x_wconf 79' lang='lat' dir='ltr'><strong>cod.</strong></span> 
     </span>
    </p>
   </div>
   <div class='ocr_carea' id='block_1_12' title="bbox 880 4404 2613 4561">
    <p class='ocr_par' dir='ltr' id='par_1_19' title="bbox 880 4404 2613 4561">
     <span class='ocr_line' id='line_1_34' title="bbox 880 4404 1702 4492; baseline -0.013 -24"><span class='ocrx_word' id='word_1_218' title='bbox 880 4413 932 4468; x_wconf 94' lang='lat'><strong>1.</strong></span> <span class='ocrx_word' id='word_1_219' title='bbox 968 4410 1053 4468; x_wconf 80' lang='lat' dir='ltr'><strong>cf.</strong></span> <span class='ocrx_word' id='word_1_220' title='bbox 1078 4409 1236 4466; x_wconf 88' lang='lat' dir='ltr'><strong>Ovid.</strong></span> <span class='ocrx_word' id='word_1_221' title='bbox 1263 4408 1424 4464; x_wconf 88' lang='lat' dir='ltr'><strong>Pont.</strong></span> <span class='ocrx_word' id='word_1_222' title='bbox 1449 4406 1501 4474; x_wconf 89' lang='lat'><strong>4,</strong></span> <span class='ocrx_word' id='word_1_223' title='bbox 1529 4406 1615 4492; x_wconf 66' lang='lat' dir='ltr'><strong>lq.</strong></span> <span class='ocrx_word' id='word_1_224' title='bbox 1640 4404 1702 4458; x_wconf 88' lang='lat'><strong>5:</strong></span> 
     </span>
     <span class='ocr_line' id='line_1_35' title="bbox 1190 4488 2613 4561; baseline -0.008 -8"><span class='ocrx_word' id='word_1_225' title='bbox 1190 4498 1363 4553; x_wconf 83' lang='lat' dir='ltr'><strong>Gutta</strong></span> <span class='ocrx_word' id='word_1_226' title='bbox 1396 4500 1558 4551; x_wconf 84' lang='lat' dir='ltr'><strong>cavat</strong></span> <span class='ocrx_word' id='word_1_227' title='bbox 1592 4492 1848 4561; x_wconf 85' lang='lat' dir='ltr'><strong>lapidem,</strong></span> <span class='ocrx_word' id='word_1_228' title='bbox 1887 4490 2226 4547; x_wconf 87' lang='lat' dir='ltr'><strong>consumitur</strong></span> <span class='ocrx_word' id='word_1_229' title='bbox 2261 4488 2456 4544; x_wconf 81' lang='lat' dir='ltr'><strong>anulus</strong></span> <span class='ocrx_word' id='word_1_230' title='bbox 2490 4501 2613 4542; x_wconf 82' lang='lat' dir='ltr'><strong>usu.</strong></span> 
     </span>
    </p>
   </div>
   <div class='ocr_carea' id='block_1_13' title="bbox 740 4568 3056 4653">
    <p class='ocr_par' dir='ltr' id='par_1_20' title="bbox 740 4568 3056 4653">
     <span class='ocr_line' id='line_1_36' title="bbox 740 4568 3056 4653; baseline -0.011 -5"><span class='ocrx_word' id='word_1_231' title='bbox 740 4594 790 4647; x_wconf 79' lang='lat'><strong>2.</strong></span> <span class='ocrx_word' id='word_1_232' title='bbox 829 4588 1074 4646; x_wconf 86' lang='lat' dir='ltr'><strong>Terentii</strong></span> <span class='ocrx_word' id='word_1_233' title='bbox 1111 4584 1367 4643; x_wconf 88' lang='lat' dir='ltr'><strong>Eunuchi</strong></span> <span class='ocrx_word' id='word_1_234' title='bbox 1404 4585 1499 4642; x_wconf 85' lang='lat' dir='ltr'><strong>IV.</strong></span> <span class='ocrx_word' id='word_1_235' title='bbox 1533 4583 1585 4653; x_wconf 83' lang='lat'><strong>4,</strong></span> <span class='ocrx_word' id='word_1_236' title='bbox 1619 4584 1710 4639; x_wconf 81' lang='lat'><strong>53.</strong></span> <span class='ocrx_word' id='word_1_237' title='bbox 1737 4583 1836 4638; x_wconf 80' lang='lat'><strong>54:</strong></span> <span class='ocrx_word' id='word_1_238' title='bbox 1883 4581 1999 4652; x_wconf 83' lang='lat' dir='ltr'><strong>„Tu</strong></span> <span class='ocrx_word' id='word_1_239' title='bbox 2033 4579 2153 4649; x_wconf 86' lang='lat' dir='ltr'><strong>pol,</strong></span> <span class='ocrx_word' id='word_1_240' title='bbox 2198 4578 2245 4635; x_wconf 88' lang='lat' dir='ltr'><strong>si</strong></span> <span class='ocrx_word' id='word_1_241' title='bbox 2283 4577 2432 4647; x_wconf 79' lang='lat' dir='ltr'><strong>sapis</strong></span> <span class='ocrx_word' id='word_1_242' title='bbox 2443 4616 2459 4647; x_wconf 83' lang='lat'>‚</span> <span class='ocrx_word' id='word_1_243' title='bbox 2506 4574 2656 4645; x_wconf 85' lang='lat' dir='ltr'><strong>quod</strong></span> <span class='ocrx_word' id='word_1_244' title='bbox 2689 4573 2802 4631; x_wconf 75' lang='lat' dir='ltr'><strong>scis</strong></span> <span class='ocrx_word' id='word_1_245' title='bbox 2837 4568 3056 4630; x_wconf 49' lang='lat' dir='ltr'><strong>nemis&amp;</strong></span> 
     </span>
    </p>
   </div>
   <div class='ocr_carea' id='block_1_14' title="bbox 3263 2201 3268 3929">
    <p class='ocr_par' dir='ltr' id='par_1_21' title="bbox 3263 2201 3268 3929">
     <span class='ocr_line' id='line_1_37' title="bbox 3263 2201 3268 3929; baseline 0 0"><span class='ocrx_word' id='word_1_246' title='bbox 3263 2201 3268 3929; x_wconf 95' lang='lat' dir='ltr'><strong> </strong></span> 
     </span>
    </p>
   </div>
  </div>
 </body>
</html>
