3319 5242
830 441 1437 493 onnonoomnus
1485 443 1929 493 consnmnsxs
2467 428 2552 495 65

244 583 480 662 quatuor
531 584 779 667 magnis
825 584 1142 653 montibus
1187 587 1585 672 premunitur
1601 638 1618 669 ‚
1678 587 1757 653 ab
1806 587 2157 653 occidente·
2201 608 2351 654 vero
2399 609 2551 674 quo-

242 692 364 760 dam
402 694 654 766 flumine
698 702 1006 767 irroratur
1022 751 1040 785 ‚
1089 701 1264 768 cuius
1311 723 1541 769 nomen
1585 702 1819 769 Phafar
1864 703 2112 778 dicitur.
2194 703 2374 770 Hanc
2417 704 2552 770 An-

239 810 452 879 tiochus
496 835 612 881 rex
657 836 802 883 cum
847 818 977 884 suis
1026 820 1111 885 65
1157 819 1407 903 regibus
1455 820 1767 902 condidit,
1815 820 1978 886 sicut
2021 820 2306 906 hystoria
2350 821 2550 907 ipsius

237 928 398 1014 plane
440 931 612 1018 dicit,
659 953 1011 1019 nomenque
1058 933 1134 1001 de
1180 955 1292 1000 suo
1339 937 1593 1003 nomine
1636 935 1885 1002 indidit.
1962 935 2141 1003 Hanc
2183 936 2397 1022 itaque
2442 937 2552 1004 ob-

237 1045 504 1115 sederunt
532 1051 738 1116 nostri
765 1050 1090 1136 perigrini,
1138 1051 1379 1118 scilicet
1409 1045 1656 1119 itineris
1689 1053 1922 1138 prioris
1969 1052 2217 1138 quando
2261 1058 2325 1118 et
2368 1058 2554 1139 capta

235 1166 316 1227 est
353 1162 764 1250 Hierusalem,
811 1187 926 1253 per
972 1172 1110 1234 octo
1157 1189 1405 1236 menses
1452 1173 1516 1235 et
1559 1169 1729 1235 diem
1761 1188 1987 1251 unum3
2037 1175 2101 1235 et
2129 1168 2331 1247 tribus
2364 1168 2552 1235 ebdo-

233 1278 492 1347 madibus
549 1283 807 1349 fuerunt
860 1283 1033 1349 intus
1087 1284 1315 1351 inclusi
1374 1305 1413 1350 a
1467 1290 1654 1369 gente
1700 1284 2078 1352 Parthorum
2091 1335 2110 1369 ‚
2173 1306 2293 1371 que
2338 1285 2550 1351 divino

233 1402 501 1481 superata
545 1399 826 1466 subsidio
874 1404 938 1466 et
969 1400 1379 1485 ammirabili3
1427 1407 1649 1488 postea
1680 1402 2052 1487 quieverunt
2080 1401 2149 1467 in
2180 1421 2255 1468 ea
2285 1407 2553 1487 quatuor

233 1530 452 1581 menses
498 1520 567 1582 et
610 1515 744 1582 dies
793 1517 852 1582 8.

381 1744 771 1831 Patriarcha„
804 1746 1084 1834 episcopi
1108 1744 1294 1814 Greci
1324 1753 1387 1815 et
1407 1746 1620 1815 Latini
1653 1754 1717 1816 et
1747 1748 2006 1816 ecclesie
2037 1747 2549 1843 Ierosolimitane‚

232 1860 577 1931 occidentali
624 1862 881 1931 ecclesie
927 1864 1270 1931 universali
1315 1867 1699 1932 consortium
1745 1865 2031 1933 coelestis
2078 1866 2435 1933 Ierusalem.

383 1979 695 2059 Quoniam
739 1978 997 2048 ecclesie
1043 1987 1296 2048 nostrae
1341 1982 1726 2049 incremento
1772 2003 1884 2049 vos
1915 1982 2187 2066 gaudere
2217 2004 2343 2048 non
2374 1983 2551 2066 igno-

230 2114 415 2162 ramus
485 2102 552 2164 et
619 2096 920 2163 sollicitos
991 2097 1074 2163 ad
1129 2098 1441 2165 audienda
1492 2104 1626 2165 tam
1684 2099 1948 2166 adversa
2002 2120 2192 2185 quam
2246 2120 2554 2186 prospera

230 2212 535 2298 credimu8‚
588 2214 1023 2299 ampliacionis
1067 2215 1553 2302 prosperitatem
1596 2216 1689 2282 sic
1718 2214 2129 2282 notificamus.
2200 2213 2554 2282 Innotescat

230 2326 399 2409 igitur
440 2330 698 2396 caritati
739 2336 1008 2417 vestrae,
1063 2332 1388 2399 dominum
1429 2337 1721 2398 nostrum
1766 2331 2158 2399 Salvatorem
2204 2331 2271 2397 in
2314 2335 2402 2399 40
2446 2354 2552 2398 ur-

232 2439 386 2510 bibus
443 2452 508 2512 et
564 2446 635 2512 in
681 2448 813 2513 200
858 2448 1083 2514 castris
1130 2469 1280 2515 suae
1327 2447 1626 2516 ecclesiae
1671 2448 2095 2536 triumphasse
2140 2453 2274 2514 tam
2319 2448 2386 2513 in
2429 2447 2552 2514 Ro-

230 2562 415 2628 mania
470 2583 665 2650 quam
709 2563 775 2630 in
824 2562 1040 2650 Suria,
1100 2570 1165 2633 et
1207 2586 1322 2632 nos
1369 2565 1572 2633 adhuc
1617 2564 1849 2634 habere
1893 2570 2108 2654 preter
2150 2564 2374 2650 vulgus
2428 2566 2555 2631 100

228 2676 379 2744 milia
422 2679 499 2746 de
545 2680 861 2767 loricatis,
911 2682 1160 2749 amissis
1206 2687 1419 2749 tamen
1463 2681 1682 2748 multis
1727 2684 1796 2748 in
1839 2683 2065 2771 primis
2111 2681 2348 2769 preliis.
2444 2679 2555 2747 Set

228 2793 353 2877 quid
407 2795 568 2862 hoc?
659 2796 823 2875 Quid
879 2819 1041 2864 unus
1096 2799 1164 2864 in
1219 2798 1434 2865 mille?
1524 2798 1646 2865 Ubi
1704 2820 1819 2865 nos
1877 2799 2179 2866 habemus
2237 2797 2551 2881 comitem,

228 2906 411 2978 hostes
455 2912 701 2979 habent
743 2914 831 2979 40
877 2934 1088 2998 reges3
1137 2914 1245 2981 ubi
1289 2937 1406 2981 nos
1442 2921 1738 2998 turmam,
1785 2914 1880 2980 illi
1908 2901 2250 2998 legionem3
2299 2914 2406 2980 ubi
2435 2933 2552 2979 nos

227 3026 486 3114 militem,
539 3028 636 3095 illi
682 3029 937 3112 ducem3
985 3030 1095 3097 ubi
1140 3051 1256 3097 nos
1301 3031 1601 3118 peditem,
1650 3031 1747 3096 illi
1791 3031 2117 3112 comitem3
2165 3030 2273 3096 ubi
2302 3049 2418 3095 nos
2450 3050 2552 3095 ca-

228 3145 420 3229 strum,
466 3145 569 3212 illi
612 3166 896 3229 regnum.
966 3145 1097 3213 Nos
1146 3152 1357 3214 autem
1399 3128 1527 3222 non
1572 3145 1791 3214 confisi
1817 3146 2222 3212 multitudine
2254 3163 2370 3212 nec
2399 3146 2552 3210 viri-

227 3254 323 3325 bus
362 3282 477 3328 nec
524 3263 1002 3349 presumptione
1047 3262 1291 3349 aliqua,
1339 3269 1436 3331 set
1481 3264 1683 3350 clipeo
1731 3263 1967 3330 Christi
2012 3268 2076 3329 et
2122 3263 2255 3330 eius
2301 3261 2554 3335 iusticia

226 3379 500 3464 protecti,
574 3377 842 3463 Georgio
911 3383 976 3446 et
1033 3379 1392 3464 Theodoro,
1461 3381 1786 3448 Demetrio
1841 3379 2179 3466 Blasioque
2243 3377 2551 3445 militibus

228 3487 437 3561 Christi
480 3515 633 3562 vere
678 3495 1148 3564 committimus.
1219 3495 1458 3564 Valete.

347 3686 386 3719 a.
418 3674 653 3721 octidente
685 3693 725 3721 c.

319 4641 468 4697 suri,
500 4645 785 4692 Bibliotheca
817 4646 850 4692 Ι.
2052 4646 2088 4701 5
