3319 5242
899 476 1198 526 wmALm
1239 476 1613 526 merom
1657 477 1718 525 75
1736 476 1867 524 -·1·1.
2431 460 2555 528 151

240 619 385 688 Huic
423 619 618 706 igitur
660 619 899 687 homini
944 619 1202 687 habenti
1248 619 1458 702 zelum
1488 620 1611 686 Dei
1654 625 1960 706 tanquam
2003 621 2148 707 pins
2193 626 2259 687 et
2285 619 2558 688 clemens
2614 626 2752 682 1147

239 741 399 825 pater
451 736 730 804 assistite
785 742 850 803 et
903 736 1182 820 labores,
1243 756 1398 823 qnos
1455 736 1607 803 fecit
1662 735 1729 801 in
1790 736 2093 804 aecclesia
2135 736 2286 822 Dei,
2345 743 2561 804 vestra
2591 713 2631 747 α
2656 700 2770 747 Dm

238 853 587 920 auctoritate
630 853 1059 935 corroborate3
1105 853 1225 919 hoc
1261 852 1483 939 procul
1514 852 1704 919 dubio
1736 853 2026 938 scientes,
2073 854 2240 940 quod
2268 853 2556 938 mutatio,

236 989 376 1055 quae
417 971 484 1037 in
527 967 776 1057 prefato
820 969 1203 1036 monasterio
1248 969 1417 1035 facta
1461 973 1577 1053 est,
1625 968 1914 1035 omnibus
1959 969 2272 1054 religiosis
2301 976 2556 1038 nostrae

233 1090 418 1153 terrae
461 1105 537 1153 ac
578 1085 949 1152 timentibus
994 1084 1203 1152 Deum
1246 1084 1483 1171 placet,
1529 1084 1629 1151 his
1679 1091 1908 1170 autem,
1958 1087 2065 1170 qui
2110 1085 2348 1153 ibidem
2393 1086 2555 1155 exti-

230 1206 437 1287 terant,
485 1221 678 1269 causa
719 1200 1209 1286 irreligiositatis
1255 1200 1566 1287 displicet.

233 1413 340 1485 76.
381 1417 709 1504 Eumenius
735 1416 848 1482 ΠΙ
871 1439 1050 1504 papa
1098 1416 1487 1496 Corbeienses
1537 1416 1849 1498 hortatur,
1907 1426 1980 1480 ut
2018 1415 2300 1481 Wibaldo
2348 1415 2558 1482 abbati

384 1533 679 1599 obediant
723 1544 782 1597 et
822 1534 888 1598 in
933 1533 1378 1620 recuperandis
1422 1533 1702 1599 coenobii
1746 1533 1920 1598 bonis
1964 1533 2169 1597 assint.
2275 1529 2383 1612 (M.
2417 1530 2552 1611 52.)

382 1664 710 1750 Eugenius
756 1665 1086 1753 episcopus
1134 1685 1353 1731 servus
1398 1684 1725 1731 servorum
1765 1663 1886 1731 Dei
1931 1662 2176 1731 dilectis
2220 1662 2369 1731 filiis
2400 1663 2553 1732 Gor·
2610 1674 2748 1728 1148

224 1782 567 1850 hoiensibus
612 1781 936 1848 monachis
981 1781 1252 1848 salutem
1297 1786 1361 1849 et
1405 1779 1819 1868 apostolicam
1863 1780 2381 1848 benedictionem.
2587 1761 2627 1795 ⁰’
2654 1748 2784 1796 Μ’·

328 1967 331 1972 ,
380 1898 698 1966 Memores
742 1918 959 1964 sumus
973 1948 991 1983 ‚
1044 1898 1211 1983 quod
1253 1918 1371 1985 per
1415 1897 1541 1964 alia
1584 1896 1765 1965 vobis
1810 1896 2049 1983 scripta
2090 1897 2553 1982 mandavimus,

220 2021 284 2081 nt
320 2014 550 2083 dilecto
594 2013 726 2080 filio
770 2019 986 2081 nostro
1020 2013 1311 2081 Wibaldo
1356 2018 1659 2100 tanquam
1706 2013 1921 2080 abbati
1956 2019 2167 2079 vestro
2195 2014 2554 2082 humilitate

220 2131 416 2199 debita
470 2132 802 2218 pareretis.
881 2130 1081 2209 Quem
1133 2129 1383 2216 utique,
1439 2150 1645 2217 nuper
1702 2130 1783 2196 ad
1834 2150 1949 2196 nos
1993 2130 2382 2215 venientem,
2437 2151 2552 2217 pa-

216 2251 384 2315 terna
427 2248 819 2333 benignitate
861 2246 1216 2334 recepimus
1229 2296 1248 2331 ,
1297 2252 1362 2314 et
1403 2246 1472 2313 in
1515 2246 1638 2330 his,
1686 2259 1848 2332 quae
1893 2246 1974 2312 ad
2016 2247 2435 2332 reparandam
2481 2247 2551 2313 in

215 2366 587 2432 monasterio
633 2370 843 2432 vestro
897 2363 1268 2448 religionem
1323 2363 1646 2449 pertinent
1702 2367 1889 2448 atque
1943 2362 2349 2448 servandam,
2405 2363 2550 2429 dili-

214 2483 375 2565 genti
443 2502 593 2551 eum
657 2481 864 2548 studio
932 2479 1451 2548 commonuimus.
1540 2479 1758 2567 Ipsum
1824 2478 2038 2565 itaque
2105 2479 2185 2545 ad
2237 2500 2350 2546 vos
2407 2499 2551 2546 cum

211 2600 408 2683 gratia
452 2598 624 2667 sedis
671 2597 1052 2685 apostolicae
1098 2601 1163 2663 et
1204 2600 1567 2664 nostrarum
1609 2595 1968 2663 litterarum
2006 2597 2550 2683 prosecutionibus

186 2717 596 2783 *remittentes
609 2765 628 2800 ,
682 2714 1083 2781 universitati
1127 2718 1378 2780 vestrae
1422 2712 1796 2779 mandamus
1841 2733 2167 2780 monemus
2214 2719 2279 2781 et
2325 2714 2550 2782 exhor-

208 2834 405 2898 tamur
456 2831 525 2896 in
559 2830 853 2915 Domino,
902 2831 1198 2915 quatinus
1246 2850 1389 2897 eum
1435 2834 1738 2915 tanquam
1780 2830 1931 2896 boni
1978 2835 2043 2896 et
2085 2830 2353 2897 humiles
2398 2829 2549 2897 filii·

209 2945 484 3031 diligatis
531 2952 597 3015 et
638 2946 979 3030 honoretis,
1028 2952 1216 3032 atque
1252 2951 1334 3013 ‚ut
1377 2947 1619 3032 pastori
1665 2951 1877 3013 vestro
1921 2946 2299 3031 condignam
2344 2948 2405 3014 ei
2448 2968 2548 3015 re-

209 3064 554 3131 verentiam
611 3067 676 3130 et
732 3062 1156 3130 obedientiam
1211 3061 1604 3148 inpendatis,
1664 3062 1908 3147 sibique
1961 3063 2040 3129 ad
2084 3063 2547 3149 recuperandas

207 3185 265 3246 et
313 3179 682 3248 retinendas
738 3178 1170 3265 possessiones
1224 3183 1289 3245 et
1332 3177 1500 3245 bona
1543 3176 1938 3245 Corbeiensis
1984 3180 2351 3246 monasterii
2394 3181 2547 3247 viri-

205 3294 341 3364 liter
403 3301 471 3364 et
519 3295 790 3362 fideliter
834 3296 1167 3362 assistatis.
1246 3294 1377 3362 Nos
1423 3294 1736 3381 siquidem
1783 3296 2050 3362 eundem
2096 3296 2386 3364 abbatem
2431 3317 2546 3383 pa-

206 3417 378 3481 terno
426 3411 655 3480 affectu
700 3410 1020 3497 diligimus
1068 3418 1150 3497 et,
1196 3412 1267 3478 in
1312 3411 1539 3497 quibus
1574 3411 1919 3479 secundum
1949 3412 2156 3480 Deum
2184 3433 2544 3500 possumus,

206 3527 487 3596 volumus
533 3528 849 3596 exaudire.

211 3737 326 3810 77.
371 3741 699 3832 Euqenius
731 3741 843 3809 Ill
862 3765 1046 3830 papa
1090 3742 1362 3809 Hem-ico
1410 3744 1695 3830 episcopo
1736 3741 2075 3808 Leodiensi
2116 3746 2392 3827 mandat,
2441 3770 2542 3813 co-

369 3871 481 3948 φαί
532 3858 943 3926 Eustachium
1009 3870 1067 3925 et
1131 3858 1527 3925 Macharium
1536 3908 1555 3941 ,
1626 3869 1696 3923 ut
1758 3861 2131 3924 monasterio
2193 3860 2547 3930 stabulensi

377 3976 587 4042 ablata
631 3978 969 4041 restituant.
2262 3974 2371 4057 (M.
2405 3977 2540 4058 53.)

376 4107 699 4193 Eugenius
756 4108 1090 4195 episcopus
1144 4127 1362 4176 servus
1419 4127 1745 4175 servorum
1791 4107 1912 4174 Dei
1933 4154 1940 4159 -
1965 4108 2312 4175 venerabili
2358 4108 2541 4176 fratri
2597 4115 2735 4170 1148

206 4221 469 4291 Heurico
499 4222 834 4292 Leodiensi
863 4225 1158 4311 episcopo
1189 4223 1458 4291 salutem
1488 4230 1554 4290 et
1580 4223 1991 4311 apostolicam
2021 4224 2537 4293 benedictionem.
2575 4202 2615 4235 ⁰'
2642 4188 2775 4237 Feb*

373 4339 1002 4408 Aecclesiasticorum
1046 4341 1355 4407 bonorum
1398 4361 1767 4427 pervasores
1812 4346 2049 4427 quanta
2093 4343 2223 4408 sint
2256 4342 2539 4409 animad-

206 4455 483 4522 versione
546 4455 895 4542 plectendi,
963 4463 1135 4524 tuam
1205 4457 1607 4547 prudentiam
1674 4478 1802 4527 non
1857 4457 2169 4529 credimus
2222 4458 2532 4547 ignorare.

345 4596 927 4651 aflliievonuittncod.
