<?xml version="1.0" encoding="UTF-8"?>
<!DOCTYPE html PUBLIC "-//W3C//DTD XHTML 1.0 Transitional//EN"
    "http://www.w3.org/TR/xhtml1/DTD/xhtml1-transitional.dtd">
<html xmlns="http://www.w3.org/1999/xhtml" xml:lang="en" lang="en">
 <head>
  <title>
</title>
<meta http-equiv="Content-Type" content="text/html;charset=utf-8" />
  <meta name='ocr-system' content='tesseract 3.04.00' />
  <meta name='ocr-capabilities' content='ocr_page ocr_carea ocr_par ocr_line ocrx_word'/>
</head>
<body>
  <div class='ocr_page' id='page_1' title='image "./monumentacorbei00corvgoog_0469.png"; bbox 0 0 3319 5242; ppageno 0'>
   <div class='ocr_carea' id='block_1_1' title="bbox 932 445 2605 516">
    <p class='ocr_par' dir='ltr' id='par_1_1' title="bbox 932 445 2605 516">
     <span class='ocr_line' id='line_1_1' title="bbox 932 445 2605 516; baseline 0.002 -3"><span class='ocrx_word' id='word_1_1' title='bbox 932 464 1233 513; x_wconf 70' lang='lat' dir='ltr'>mum</span> <span class='ocrx_word' id='word_1_2' title='bbox 1274 463 1648 513; x_wconf 65' lang='lat' dir='ltr'>nusi-onan</span> <span class='ocrx_word' id='word_1_3' title='bbox 1692 464 1799 512; x_wconf 70' lang='lat' dir='ltr'>aas.</span> <span class='ocrx_word' id='word_1_4' title='bbox 1831 464 1937 512; x_wconf 68' lang='lat' dir='ltr'>aas.</span> <span class='ocrx_word' id='word_1_5' title='bbox 2471 445 2605 516; x_wconf 78' lang='lat'>459</span> 
     </span>
    </p>
   </div>
   <div class='ocr_carea' id='block_1_2' title="bbox 256 604 2823 2439">
    <p class='ocr_par' dir='ltr' id='par_1_2' title="bbox 256 604 2823 1504">
     <span class='ocr_line' id='line_1_2' title="bbox 257 604 2797 699; baseline 0.001 -26"><span class='ocrx_word' id='word_1_6' title='bbox 257 606 474 673; x_wconf 86' lang='lat' dir='ltr'>curiae</span> <span class='ocrx_word' id='word_1_7' title='bbox 517 604 929 674; x_wconf 85' lang='lat' dir='ltr'>cancellarius</span> <span class='ocrx_word' id='word_1_8' title='bbox 942 656 961 690; x_wconf 89' lang='lat'>‚</span> <span class='ocrx_word' id='word_1_9' title='bbox 1007 606 1341 674; x_wconf 87' lang='lat' dir='ltr'>Heinricus</span> <span class='ocrx_word' id='word_1_10' title='bbox 1384 605 1752 673; x_wconf 83' lang='lat' dir='ltr'>Leodiensis</span> <span class='ocrx_word' id='word_1_11' title='bbox 1798 606 2161 695; x_wconf 88' lang='lat' dir='ltr'>episcopus,</span> <span class='ocrx_word' id='word_1_12' title='bbox 2218 607 2366 676; x_wconf 90' lang='lat' dir='ltr'>Otto</span> <span class='ocrx_word' id='word_1_13' title='bbox 2409 609 2608 676; x_wconf 84' lang='lat' dir='ltr'>frater</span> <span class='ocrx_word' id='word_1_14' title='bbox 2661 615 2688 668; x_wconf 89' lang='lat'>1</span> <span class='ocrx_word' id='word_1_15' title='bbox 2701 614 2797 699; x_wconf 56' lang='lat'>{51</span> 
     </span>
     <span class='ocr_line' id='line_1_3' title="bbox 256 687 2823 812; baseline 0 -22"><span class='ocrx_word' id='word_1_16' title='bbox 256 728 478 790; x_wconf 86' lang='lat' dir='ltr'>noster</span> <span class='ocrx_word' id='word_1_17' title='bbox 505 722 928 808; x_wconf 85' lang='lat' dir='ltr'>Frisingensis</span> <span class='ocrx_word' id='word_1_18' title='bbox 959 723 1312 810; x_wconf 87' lang='lat' dir='ltr'>episcopus,</span> <span class='ocrx_word' id='word_1_19' title='bbox 1337 721 1681 790; x_wconf 86' lang='lat' dir='ltr'>Warnerus</span> <span class='ocrx_word' id='word_1_20' title='bbox 1710 722 2222 791; x_wconf 84' lang='lat' dir='ltr'>Monasteriensis</span> <span class='ocrx_word' id='word_1_21' title='bbox 2253 725 2606 812; x_wconf 88' lang='lat' dir='ltr'>episcopus,</span> <span class='ocrx_word' id='word_1_22' title='bbox 2639 688 2746 734; x_wconf 51' lang='grc' dir='ltr'>’ω’</span> <span class='ocrx_word' id='word_1_23' title='bbox 2765 687 2823 734; x_wconf 78' lang='lat'>¹⁷</span> 
     </span>
     <span class='ocr_line' id='line_1_4' title="bbox 258 837 2609 929; baseline 0.002 -25"><span class='ocrx_word' id='word_1_24' title='bbox 258 837 592 927; x_wconf 79' lang='lat' dir='ltr'><strong>Philippus</strong></span> <span class='ocrx_word' id='word_1_25' title='bbox 638 838 1092 923; x_wconf 83' lang='lat' dir='ltr'>Osebrugensis</span> <span class='ocrx_word' id='word_1_26' title='bbox 1152 840 1482 926; x_wconf 90' lang='lat' dir='ltr'>episcopus</span> <span class='ocrx_word' id='word_1_27' title='bbox 1495 889 1515 923; x_wconf 94' lang='lat'>,</span> <span class='ocrx_word' id='word_1_28' title='bbox 1569 838 1871 906; x_wconf 85' lang='lat' dir='ltr'>Albertus</span> <span class='ocrx_word' id='word_1_29' title='bbox 1915 838 2310 908; x_wconf 85' lang='lat' dir='ltr'>Missinensis</span> <span class='ocrx_word' id='word_1_30' title='bbox 2368 842 2609 929; x_wconf 88' lang='lat' dir='ltr'>episco-</span> 
     </span>
     <span class='ocr_line' id='line_1_5' title="bbox 258 953 2611 1041; baseline 0.002 -20"><span class='ocrx_word' id='word_1_31' title='bbox 258 975 417 1041; x_wconf 85' lang='lat' dir='ltr'>pus,</span> <span class='ocrx_word' id='word_1_32' title='bbox 473 953 535 1021; x_wconf 89' lang='lat' dir='ltr'>H</span> <span class='ocrx_word' id='word_1_33' title='bbox 606 956 621 971; x_wconf 86' lang='lat'><strong><em>&#39;</em></strong></span> <span class='ocrx_word' id='word_1_34' title='bbox 819 975 894 1022; x_wconf 93' lang='lat' dir='ltr'>us</span> <span class='ocrx_word' id='word_1_35' title='bbox 940 956 1360 1026; x_wconf 86' lang='lat' dir='ltr'>Traiectensis</span> <span class='ocrx_word' id='word_1_36' title='bbox 1407 955 1673 1040; x_wconf 88' lang='lat' dir='ltr'>electus,</span> <span class='ocrx_word' id='word_1_37' title='bbox 1718 953 2045 1023; x_wconf 87' lang='lat' dir='ltr'>Wibaldus</span> <span class='ocrx_word' id='word_1_38' title='bbox 2093 953 2485 1025; x_wconf 88' lang='lat' dir='ltr'>Stabulensis</span> <span class='ocrx_word' id='word_1_39' title='bbox 2545 963 2611 1025; x_wconf 96' lang='lat' dir='ltr'>et</span> 
     </span>
     <span class='ocr_line' id='line_1_6' title="bbox 258 1055 2610 1158; baseline 0.001 -21"><span class='ocrx_word' id='word_1_40' title='bbox 258 1070 528 1138; x_wconf 84' lang='lat' dir='ltr'>Corbeie</span> <span class='ocrx_word' id='word_1_41' title='bbox 607 1057 646 1085; x_wconf 27' lang='lat'>&#39;¹</span> <span class='ocrx_word' id='word_1_42' title='bbox 723 1071 905 1156; x_wconf 87' lang='lat' dir='ltr'>bbas,</span> <span class='ocrx_word' id='word_1_43' title='bbox 950 1055 1326 1141; x_wconf 62' lang='lat' dir='ltr'>Lambeitus</span> <span class='ocrx_word' id='word_1_44' title='bbox 1358 1070 1802 1139; x_wconf 78' lang='lat' dir='ltr'>werdenensis</span> <span class='ocrx_word' id='word_1_45' title='bbox 1833 1071 2048 1158; x_wconf 87' lang='lat' dir='ltr'>abbas,</span> <span class='ocrx_word' id='word_1_46' title='bbox 2092 1072 2360 1140; x_wconf 80' lang='lat' dir='ltr'>Adolfus</span> <span class='ocrx_word' id='word_1_47' title='bbox 2400 1093 2610 1140; x_wconf 90' lang='lat' dir='ltr'>comes</span> 
     </span>
     <span class='ocr_line' id='line_1_7' title="bbox 261 1183 2610 1272; baseline 0.001 -18"><span class='ocrx_word' id='word_1_48' title='bbox 261 1186 346 1254; x_wconf 85' lang='lat' dir='ltr'>de</span> <span class='ocrx_word' id='word_1_49' title='bbox 388 1183 740 1272; x_wconf 76' lang='lat' dir='ltr'><strong>Montibus,</strong></span> <span class='ocrx_word' id='word_1_50' title='bbox 797 1186 1131 1254; x_wconf 85' lang='lat' dir='ltr'>Heinricus</span> <span class='ocrx_word' id='word_1_51' title='bbox 1187 1207 1395 1255; x_wconf 88' lang='lat' dir='ltr'>comes</span> <span class='ocrx_word' id='word_1_52' title='bbox 1450 1189 1531 1256; x_wconf 92' lang='lat' dir='ltr'>de</span> <span class='ocrx_word' id='word_1_53' title='bbox 1586 1188 1810 1272; x_wconf 88' lang='lat' dir='ltr'>Gelra‚</span> <span class='ocrx_word' id='word_1_54' title='bbox 1868 1186 2296 1272; x_wconf 84' lang='lat' dir='ltr'>God(efridus)</span> <span class='ocrx_word' id='word_1_55' title='bbox 2341 1195 2406 1256; x_wconf 91' lang='lat' dir='ltr'>et</span> <span class='ocrx_word' id='word_1_56' title='bbox 2448 1189 2610 1256; x_wconf 91' lang='lat' dir='ltr'>Her-</span> 
     </span>
     <span class='ocr_line' id='line_1_8' title="bbox 259 1301 2610 1389; baseline 0.001 -20"><span class='ocrx_word' id='word_1_57' title='bbox 259 1321 536 1369; x_wconf 82' lang='lat' dir='ltr'>mannus</span> <span class='ocrx_word' id='word_1_58' title='bbox 579 1302 809 1370; x_wconf 78' lang='lat' dir='ltr'>fratres</span> <span class='ocrx_word' id='word_1_59' title='bbox 855 1303 934 1370; x_wconf 91' lang='lat' dir='ltr'>de</span> <span class='ocrx_word' id='word_1_60' title='bbox 963 1301 1143 1386; x_wconf 90' lang='lat' dir='ltr'>Kuic,</span> <span class='ocrx_word' id='word_1_61' title='bbox 1187 1302 1606 1389; x_wconf 83' lang='lat' dir='ltr'>Marquardus</span> <span class='ocrx_word' id='word_1_62' title='bbox 1636 1305 1715 1372; x_wconf 91' lang='lat' dir='ltr'>de</span> <span class='ocrx_word' id='word_1_63' title='bbox 1746 1302 2140 1388; x_wconf 88' lang='lat' dir='ltr'>Gruenbach,</span> <span class='ocrx_word' id='word_1_64' title='bbox 2186 1305 2487 1372; x_wconf 86' lang='lat' dir='ltr'>Albertus</span> <span class='ocrx_word' id='word_1_65' title='bbox 2531 1306 2610 1372; x_wconf 91' lang='lat' dir='ltr'>de</span> 
     </span>
     <span class='ocr_line' id='line_1_9' title="bbox 257 1417 693 1504; baseline -0.009 -16"><span class='ocrx_word' id='word_1_66' title='bbox 257 1417 693 1504; x_wconf 77' lang='lat' dir='ltr'>Druendinga.</span> 
     </span>
    </p>

    <p class='ocr_par' dir='ltr' id='par_1_3' title="bbox 258 1533 2610 1720">
     <span class='ocr_line' id='line_1_10' title="bbox 446 1533 2610 1621; baseline 0.001 -20"><span class='ocrx_word' id='word_1_67' title='bbox 446 1533 713 1620; x_wconf 78' lang='lat' dir='ltr'><strong>Signum</strong></span> <span class='ocrx_word' id='word_1_68' title='bbox 779 1535 995 1603; x_wconf 91' lang='lat' dir='ltr'>domni</span> <span class='ocrx_word' id='word_1_69' title='bbox 1062 1534 1382 1602; x_wconf 86' lang='lat' dir='ltr'>Guonradi</span> <span class='ocrx_word' id='word_1_70' title='bbox 1457 1536 1718 1603; x_wconf 89' lang='lat' dir='ltr'>secundi</span> <span class='ocrx_word' id='word_1_71' title='bbox 1784 1535 2211 1604; x_wconf 90' lang='lat' dir='ltr'>Romanorum</span> <span class='ocrx_word' id='word_1_72' title='bbox 2276 1537 2445 1621; x_wconf 83' lang='lat' dir='ltr'>regis</span> <span class='ocrx_word' id='word_1_73' title='bbox 2510 1538 2610 1604; x_wconf 93' lang='lat' dir='ltr'>in-</span> 
     </span>
     <span class='ocr_line' id='line_1_11' title="bbox 258 1652 617 1720; baseline -0.003 -1"><span class='ocrx_word' id='word_1_74' title='bbox 258 1652 617 1720; x_wconf 86' lang='lat' dir='ltr'>victissimi.</span> 
     </span>
    </p>

    <p class='ocr_par' dir='ltr' id='par_1_4' title="bbox 260 1766 2613 2185">
     <span class='ocr_line' id='line_1_12' title="bbox 447 1766 2613 1855; baseline 0.001 -21"><span class='ocrx_word' id='word_1_75' title='bbox 447 1767 680 1834; x_wconf 88' lang='lat' dir='ltr'>Actum</span> <span class='ocrx_word' id='word_1_76' title='bbox 732 1768 800 1834; x_wconf 91' lang='lat' dir='ltr'>in</span> <span class='ocrx_word' id='word_1_77' title='bbox 855 1766 1093 1855; x_wconf 88' lang='lat' dir='ltr'>palatio</span> <span class='ocrx_word' id='word_1_78' title='bbox 1135 1767 1512 1852; x_wconf 79' lang='lat' dir='ltr'>Noviomagi</span> <span class='ocrx_word' id='word_1_79' title='bbox 1556 1787 1721 1834; x_wconf 89' lang='lat' dir='ltr'>anno</span> <span class='ocrx_word' id='word_1_80' title='bbox 1767 1767 2118 1837; x_wconf 79' lang='lat' dir='ltr'><strong>dominicae</strong></span> <span class='ocrx_word' id='word_1_81' title='bbox 2161 1769 2613 1837; x_wconf 86' lang='lat' dir='ltr'>incarnationis</span> 
     </span>
     <span class='ocr_line' id='line_1_13' title="bbox 269 1883 2613 1969; baseline 0.001 -18"><span class='ocrx_word' id='word_1_82' title='bbox 269 1888 302 1951; x_wconf 96' lang='lat'>1</span> <span class='ocrx_word' id='word_1_83' title='bbox 316 1885 468 1968; x_wconf 84' lang='lat'>151,</span> <span class='ocrx_word' id='word_1_84' title='bbox 514 1884 854 1951; x_wconf 79' lang='lat' dir='ltr'>indictione</span> <span class='ocrx_word' id='word_1_85' title='bbox 905 1886 1009 1969; x_wconf 88' lang='lat'>13,</span> <span class='ocrx_word' id='word_1_86' title='bbox 1063 1886 1145 1953; x_wconf 89' lang='lat'>16</span> <span class='ocrx_word' id='word_1_87' title='bbox 1190 1883 1507 1952; x_wconf 87' lang='lat' dir='ltr'>Kalendas</span> <span class='ocrx_word' id='word_1_88' title='bbox 1552 1884 1737 1969; x_wconf 88' lang='lat' dir='ltr'>Iunii,</span> <span class='ocrx_word' id='word_1_89' title='bbox 1780 1891 2086 1969; x_wconf 84' lang='lat' dir='ltr'>regnante</span> <span class='ocrx_word' id='word_1_90' title='bbox 2131 1885 2359 1952; x_wconf 91' lang='lat' dir='ltr'>domno</span> <span class='ocrx_word' id='word_1_91' title='bbox 2406 1885 2613 1954; x_wconf 85' lang='lat' dir='ltr'>Guon-</span> 
     </span>
     <span class='ocr_line' id='line_1_14' title="bbox 263 1999 2613 2086; baseline 0.001 -18"><span class='ocrx_word' id='word_1_92' title='bbox 263 2000 423 2068; x_wconf 87' lang='lat' dir='ltr'>rado</span> <span class='ocrx_word' id='word_1_93' title='bbox 469 1999 894 2067; x_wconf 88' lang='lat' dir='ltr'>Romanorum</span> <span class='ocrx_word' id='word_1_94' title='bbox 937 2021 1086 2086; x_wconf 82' lang='lat' dir='ltr'>rege</span> <span class='ocrx_word' id='word_1_95' title='bbox 1131 2001 1438 2086; x_wconf 87' lang='lat' dir='ltr'>secundo,</span> <span class='ocrx_word' id='word_1_96' title='bbox 1495 2020 1661 2068; x_wconf 89' lang='lat' dir='ltr'>anno</span> <span class='ocrx_word' id='word_1_97' title='bbox 1704 2002 1886 2085; x_wconf 79' lang='lat' dir='ltr'>regni</span> <span class='ocrx_word' id='word_1_98' title='bbox 1941 2002 2041 2068; x_wconf 88' lang='lat' dir='ltr'>sui</span> <span class='ocrx_word' id='word_1_99' title='bbox 2090 2003 2203 2086; x_wconf 88' lang='lat'>14,</span> <span class='ocrx_word' id='word_1_100' title='bbox 2248 2001 2317 2067; x_wconf 91' lang='lat' dir='ltr'>in</span> <span class='ocrx_word' id='word_1_101' title='bbox 2362 2001 2613 2070; x_wconf 85' lang='lat' dir='ltr'>Christo</span> 
     </span>
     <span class='ocr_line' id='line_1_15' title="bbox 260 2116 785 2185; baseline -0.002 -1"><span class='ocrx_word' id='word_1_102' title='bbox 260 2116 537 2185; x_wconf 79' lang='lat' dir='ltr'>feliciter</span> <span class='ocrx_word' id='word_1_103' title='bbox 583 2137 785 2185; x_wconf 89' lang='lat' dir='ltr'>amen.</span> 
     </span>
    </p>

    <p class='ocr_par' dir='ltr' id='par_1_5' title="bbox 265 2230 2617 2439">
     <span class='ocr_line' id='line_1_16' title="bbox 449 2230 2617 2317; baseline 0.001 -18"><span class='ocrx_word' id='word_1_104' title='bbox 449 2232 586 2317; x_wconf 84' lang='lat' dir='ltr'>Ego</span> <span class='ocrx_word' id='word_1_105' title='bbox 630 2232 952 2300; x_wconf 86' lang='lat' dir='ltr'>Arnoldus</span> <span class='ocrx_word' id='word_1_106' title='bbox 1009 2231 1420 2299; x_wconf 84' lang='lat' dir='ltr'>cancellarius</span> <span class='ocrx_word' id='word_1_107' title='bbox 1474 2232 1613 2299; x_wconf 90' lang='lat' dir='ltr'>vice</span> <span class='ocrx_word' id='word_1_108' title='bbox 1665 2231 1947 2300; x_wconf 88' lang='lat' dir='ltr'>Heinrici</span> <span class='ocrx_word' id='word_1_109' title='bbox 2001 2230 2356 2317; x_wconf 81' lang='lat' dir='ltr'>Moguntini</span> <span class='ocrx_word' id='word_1_110' title='bbox 2411 2231 2617 2301; x_wconf 85' lang='lat' dir='ltr'>archi·</span> 
     </span>
     <span class='ocr_line' id='line_1_17' title="bbox 265 2347 1636 2439; baseline -0.002 -21"><span class='ocrx_word' id='word_1_111' title='bbox 265 2350 552 2439; x_wconf 77' lang='lat' dir='ltr'>episcopi</span> <span class='ocrx_word' id='word_1_112' title='bbox 597 2355 664 2417; x_wconf 91' lang='lat' dir='ltr'>et</span> <span class='ocrx_word' id='word_1_113' title='bbox 709 2347 1240 2416; x_wconf 73' lang='lat' dir='ltr'>archicancellarii</span> <span class='ocrx_word' id='word_1_114' title='bbox 1284 2349 1636 2433; x_wconf 80' lang='lat' dir='ltr'>recognovi.</span> 
     </span>
    </p>
   </div>
   <div class='ocr_carea' id='block_1_3' title="bbox 1230 2482 1655 2495">
    <p class='ocr_par' dir='ltr' id='par_1_6' title="bbox 1230 2482 1655 2495">
     <span class='ocr_line' id='line_1_18' title="bbox 1230 2482 1655 2495; baseline 0 0"><span class='ocrx_word' id='word_1_115' title='bbox 1230 2482 1655 2495; x_wconf 95' lang='lat' dir='ltr'> </span> 
     </span>
    </p>
   </div>
   <div class='ocr_carea' id='block_1_4' title="bbox 266 2561 2790 4534">
    <p class='ocr_par' dir='ltr' id='par_1_7' title="bbox 272 2561 2614 2886">
     <span class='ocr_line' id='line_1_19' title="bbox 272 2561 2609 2656; baseline -0.001 -21"><span class='ocrx_word' id='word_1_116' title='bbox 272 2562 372 2635; x_wconf 81' lang='lat'>32</span> <span class='ocrx_word' id='word_1_117' title='bbox 385 2561 454 2633; x_wconf 86' lang='lat'>9.</span> <span class='ocrx_word' id='word_1_118' title='bbox 501 2565 888 2632; x_wconf 73' lang='lat' dir='ltr'>Corbeiemes</span> <span class='ocrx_word' id='word_1_119' title='bbox 928 2564 1211 2631; x_wconf 73' lang='lat' dir='ltr'>wibaldo</span> <span class='ocrx_word' id='word_1_120' title='bbox 1255 2564 1638 2656; x_wconf 74' lang='lat' dir='ltr'>siym&#39;ficant,</span> <span class='ocrx_word' id='word_1_121' title='bbox 1689 2566 2118 2653; x_wconf 72' lang='lat' dir='ltr'>praepositum</span> <span class='ocrx_word' id='word_1_122' title='bbox 2162 2588 2195 2631; x_wconf 79' lang='lat' dir='ltr'>e</span> <span class='ocrx_word' id='word_1_123' title='bbox 2237 2568 2609 2632; x_wconf 74' lang='lat' dir='ltr'>monasterio</span> 
     </span>
     <span class='ocr_line' id='line_1_20' title="bbox 497 2681 2614 2770; baseline -0 -23"><span class='ocrx_word' id='word_1_124' title='bbox 497 2682 600 2747; x_wconf 75' lang='lat' dir='ltr'>die</span> <span class='ocrx_word' id='word_1_125' title='bbox 642 2681 730 2747; x_wconf 89' lang='grc'>19</span> <span class='ocrx_word' id='word_1_126' title='bbox 760 2682 925 2747; x_wconf 77' lang='lat' dir='ltr'>Maii</span> <span class='ocrx_word' id='word_1_127' title='bbox 968 2682 1222 2764; x_wconf 74' lang='lat' dir='ltr'>abiisse,·</span> <span class='ocrx_word' id='word_1_128' title='bbox 1267 2703 1452 2769; x_wconf 77' lang='lat' dir='ltr'>seque</span> <span class='ocrx_word' id='word_1_129' title='bbox 1480 2682 1699 2768; x_wconf 73' lang='lat' dir='ltr'>inopia</span> <span class='ocrx_word' id='word_1_130' title='bbox 1730 2681 2033 2770; x_wconf 76' lang='lat' dir='ltr'>fameque</span> <span class='ocrx_word' id='word_1_131' title='bbox 2052 2683 2277 2769; x_wconf 69' lang='lat' dir='ltr'>premi.</span> <span class='ocrx_word' id='word_1_132' title='bbox 2344 2682 2614 2769; x_wconf 73' lang='lat' dir='ltr'>Royant,</span> 
     </span>
     <span class='ocr_line' id='line_1_21' title="bbox 496 2795 2614 2886; baseline 0 -23"><span class='ocrx_word' id='word_1_133' title='bbox 496 2809 565 2863; x_wconf 76' lang='lat' dir='ltr'>ut</span> <span class='ocrx_word' id='word_1_134' title='bbox 609 2798 697 2862; x_wconf 82' lang='lat' dir='ltr'>ad</span> <span class='ocrx_word' id='word_1_135' title='bbox 736 2820 802 2862; x_wconf 76' lang='lat' dir='ltr'>se</span> <span class='ocrx_word' id='word_1_136' title='bbox 844 2799 1066 2863; x_wconf 75' lang='lat' dir='ltr'>veniat.</span> <span class='ocrx_word' id='word_1_137' title='bbox 1179 2878 1186 2886; x_wconf 31' lang='lat'><strong>·</strong></span> <span class='ocrx_word' id='word_1_138' title='bbox 2291 2795 2614 2879; x_wconf 87' lang='lat' dir='ltr'>(M.·304.)</span> 
     </span>
    </p>

    <p class='ocr_par' dir='ltr' id='par_1_8' title="bbox 272 2928 2790 3233">
     <span class='ocr_line' id='line_1_22' title="bbox 453 2928 2790 3031; baseline 0.001 -34"><span class='ocrx_word' id='word_1_139' title='bbox 453 2929 818 2998; x_wconf 87' lang='lat' dir='ltr'>Reverendo</span> <span class='ocrx_word' id='word_1_140' title='bbox 862 2929 931 2995; x_wconf 91' lang='lat' dir='ltr'>in</span> <span class='ocrx_word' id='word_1_141' title='bbox 977 2928 1227 2995; x_wconf 87' lang='lat' dir='ltr'>Christo</span> <span class='ocrx_word' id='word_1_142' title='bbox 1270 2928 1442 3013; x_wconf 87' lang='lat' dir='ltr'>patri</span> <span class='ocrx_word' id='word_1_143' title='bbox 1486 2933 1551 2995; x_wconf 89' lang='lat' dir='ltr'>et</span> <span class='ocrx_word' id='word_1_144' title='bbox 1594 2928 1848 2996; x_wconf 91' lang='lat' dir='ltr'>domino</span> <span class='ocrx_word' id='word_1_145' title='bbox 1878 2928 2219 3012; x_wconf 89' lang='lat' dir='ltr'>W(ibaldo)</span> <span class='ocrx_word' id='word_1_146' title='bbox 2257 2929 2620 2998; x_wconf 78' lang='lat' dir='ltr'>corbeiensi</span> <span class='ocrx_word' id='word_1_147' title='bbox 2654 2946 2790 3031; x_wconf 47' lang='lat'>1151</span> 
     </span>
     <span class='ocr_line' id='line_1_23' title="bbox 272 3018 2770 3131; baseline -0.002 -13"><span class='ocrx_word' id='word_1_148' title='bbox 272 3048 492 3117; x_wconf 88' lang='lat' dir='ltr'>abbati</span> <span class='ocrx_word' id='word_1_149' title='bbox 534 3047 732 3113; x_wconf 86' lang='lat' dir='ltr'>frater</span> <span class='ocrx_word' id='word_1_150' title='bbox 760 3044 1144 3126; x_wconf 89' lang='lat' dir='ltr'>H(einricus)</span> <span class='ocrx_word' id='word_1_151' title='bbox 1189 3044 1364 3131; x_wconf 89' lang='lat' dir='ltr'>prior</span> <span class='ocrx_word' id='word_1_152' title='bbox 1410 3049 1474 3110; x_wconf 90' lang='lat' dir='ltr'>et</span> <span class='ocrx_word' id='word_1_153' title='bbox 1516 3049 1860 3112; x_wconf 88' lang='lat' dir='ltr'>conventus</span> <span class='ocrx_word' id='word_1_154' title='bbox 1889 3044 2285 3113; x_wconf 89' lang='lat' dir='ltr'>Corbeiensis</span> <span class='ocrx_word' id='word_1_155' title='bbox 2320 3047 2619 3114; x_wconf 87' lang='lat' dir='ltr'>ecclesiae</span> <span class='ocrx_word' id='word_1_156' title='bbox 2662 3018 2770 3066; x_wconf 56' lang='grc' dir='ltr'>Μ’</span> 
     </span>
     <span class='ocr_line' id='line_1_24' title="bbox 272 3159 1812 3233; baseline -0.004 0"><span class='ocrx_word' id='word_1_157' title='bbox 272 3166 535 3233; x_wconf 81' lang='lat' dir='ltr'>devotas</span> <span class='ocrx_word' id='word_1_158' title='bbox 579 3163 896 3230; x_wconf 87' lang='lat' dir='ltr'>orationes</span> <span class='ocrx_word' id='word_1_159' title='bbox 942 3167 1007 3229; x_wconf 92' lang='lat' dir='ltr'>et</span> <span class='ocrx_word' id='word_1_160' title='bbox 1049 3160 1329 3228; x_wconf 78' lang='lat' dir='ltr'>debitam</span> <span class='ocrx_word' id='word_1_161' title='bbox 1373 3159 1812 3228; x_wconf 89' lang='lat' dir='ltr'>obedientiam.</span> 
     </span>
    </p>

    <p class='ocr_par' dir='ltr' id='par_1_9' title="bbox 266 3277 2623 4534">
     <span class='ocr_line' id='line_1_25' title="bbox 456 3277 2621 3365; baseline -0.001 -18"><span class='ocrx_word' id='word_1_162' title='bbox 456 3279 636 3347; x_wconf 85' lang='lat' dir='ltr'>Sicut</span> <span class='ocrx_word' id='word_1_163' title='bbox 686 3279 757 3345; x_wconf 92' lang='lat' dir='ltr'>in</span> <span class='ocrx_word' id='word_1_164' title='bbox 790 3278 1019 3345; x_wconf 86' lang='lat' dir='ltr'>litteris</span> <span class='ocrx_word' id='word_1_165' title='bbox 1049 3278 1278 3344; x_wconf 88' lang='lat' dir='ltr'>vestris</span> <span class='ocrx_word' id='word_1_166' title='bbox 1322 3277 1725 3344; x_wconf 74' lang='lat' dir='ltr'>universitati</span> <span class='ocrx_word' id='word_1_167' title='bbox 1766 3281 2021 3345; x_wconf 88' lang='lat' dir='ltr'>nostrae</span> <span class='ocrx_word' id='word_1_168' title='bbox 2065 3278 2504 3365; x_wconf 86' lang='lat' dir='ltr'>iniunxeratis,</span> <span class='ocrx_word' id='word_1_169' title='bbox 2547 3285 2621 3346; x_wconf 90' lang='lat' dir='ltr'>ut</span> 
     </span>
     <span class='ocr_line' id='line_1_26' title="bbox 273 3394 2623 3483; baseline -0.001 -18"><span class='ocrx_word' id='word_1_170' title='bbox 273 3417 423 3466; x_wconf 85' lang='lat' dir='ltr'>cum</span> <span class='ocrx_word' id='word_1_171' title='bbox 478 3396 800 3483; x_wconf 88' lang='lat' dir='ltr'>preposito</span> <span class='ocrx_word' id='word_1_172' title='bbox 853 3399 1071 3462; x_wconf 88' lang='lat' dir='ltr'>nostro</span> <span class='ocrx_word' id='word_1_173' title='bbox 1126 3394 1630 3478; x_wconf 85' lang='lat' dir='ltr'>conveniremus,</span> <span class='ocrx_word' id='word_1_174' title='bbox 1687 3399 1762 3461; x_wconf 90' lang='lat' dir='ltr'>ut</span> <span class='ocrx_word' id='word_1_175' title='bbox 1815 3394 2049 3479; x_wconf 82' lang='lat' dir='ltr'>absque</span> <span class='ocrx_word' id='word_1_176' title='bbox 2103 3394 2348 3462; x_wconf 86' lang='lat' dir='ltr'>defectu</span> <span class='ocrx_word' id='word_1_177' title='bbox 2403 3400 2623 3462; x_wconf 85' lang='lat' dir='ltr'>nostra</span> 
     </span>
     <span class='ocr_line' id='line_1_27' title="bbox 273 3510 2620 3599; baseline -0.001 -18"><span class='ocrx_word' id='word_1_178' title='bbox 273 3514 461 3581; x_wconf 89' lang='lat' dir='ltr'>nobis</span> <span class='ocrx_word' id='word_1_179' title='bbox 508 3512 1022 3595; x_wconf 81' lang='lat' dir='ltr'>amministraret,</span> <span class='ocrx_word' id='word_1_180' title='bbox 1067 3510 1274 3578; x_wconf 83' lang='lat' dir='ltr'>facere</span> <span class='ocrx_word' id='word_1_181' title='bbox 1319 3510 1704 3592; x_wconf 83' lang='lat' dir='ltr'>studuimus3</span> <span class='ocrx_word' id='word_1_182' title='bbox 1752 3515 1850 3577; x_wconf 90' lang='lat' dir='ltr'>set</span> <span class='ocrx_word' id='word_1_183' title='bbox 1880 3510 2075 3578; x_wconf 86' lang='lat' dir='ltr'>nichil</span> <span class='ocrx_word' id='word_1_184' title='bbox 2107 3531 2479 3598; x_wconf 86' lang='lat' dir='ltr'>promovere</span> <span class='ocrx_word' id='word_1_185' title='bbox 2503 3532 2620 3599; x_wconf 90' lang='lat' dir='ltr'>po-</span> 
     </span>
     <span class='ocr_line' id='line_1_28' title="bbox 266 3618 2623 3716; baseline -0 -19"><span class='ocrx_word' id='word_1_186' title='bbox 266 3618 536 3714; x_wconf 66' lang='lat' dir='ltr'>tuimus,</span> <span class='ocrx_word' id='word_1_187' title='bbox 582 3629 722 3716; x_wconf 86' lang='lat' dir='ltr'>ipso</span> <span class='ocrx_word' id='word_1_188' title='bbox 767 3627 1078 3695; x_wconf 78' lang='lat' dir='ltr'>defectum</span> <span class='ocrx_word' id='word_1_189' title='bbox 1124 3648 1307 3694; x_wconf 92' lang='lat' dir='ltr'>suum</span> <span class='ocrx_word' id='word_1_190' title='bbox 1352 3626 1762 3714; x_wconf 87' lang='lat' dir='ltr'>pretendente</span> <span class='ocrx_word' id='word_1_191' title='bbox 1807 3631 1874 3693; x_wconf 85' lang='lat' dir='ltr'>et</span> <span class='ocrx_word' id='word_1_192' title='bbox 1914 3626 2118 3711; x_wconf 91' lang='lat' dir='ltr'>nobis,</span> <span class='ocrx_word' id='word_1_193' title='bbox 2161 3631 2236 3693; x_wconf 90' lang='lat' dir='ltr'>ut</span> <span class='ocrx_word' id='word_1_194' title='bbox 2266 3629 2623 3696; x_wconf 88' lang='lat' dir='ltr'>necessaria</span> 
     </span>
     <span class='ocr_line' id='line_1_29' title="bbox 275 3743 2621 3831; baseline -0 -17"><span class='ocrx_word' id='word_1_195' title='bbox 275 3747 703 3830; x_wconf 88' lang='lat' dir='ltr'>ministraret,</span> <span class='ocrx_word' id='word_1_196' title='bbox 755 3744 1211 3811; x_wconf 86' lang='lat' dir='ltr'>insistentibus.</span> <span class='ocrx_word' id='word_1_197' title='bbox 1302 3743 1590 3829; x_wconf 91' lang='lat' dir='ltr'>Denique</span> <span class='ocrx_word' id='word_1_198' title='bbox 1638 3744 1807 3809; x_wconf 90' lang='lat' dir='ltr'>inter</span> <span class='ocrx_word' id='word_1_199' title='bbox 1851 3763 1994 3809; x_wconf 90' lang='lat' dir='ltr'>eum</span> <span class='ocrx_word' id='word_1_200' title='bbox 2039 3749 2105 3810; x_wconf 91' lang='lat' dir='ltr'>et</span> <span class='ocrx_word' id='word_1_201' title='bbox 2145 3764 2261 3811; x_wconf 91' lang='lat' dir='ltr'>nos</span> <span class='ocrx_word' id='word_1_202' title='bbox 2304 3765 2503 3831; x_wconf 92' lang='lat' dir='ltr'>usque</span> <span class='ocrx_word' id='word_1_203' title='bbox 2547 3765 2621 3813; x_wconf 89' lang='lat' dir='ltr'>eo</span> 
     </span>
     <span class='ocr_line' id='line_1_30' title="bbox 276 3859 2620 3951; baseline -0.002 -18"><span class='ocrx_word' id='word_1_204' title='bbox 276 3884 383 3933; x_wconf 84' lang='lat' dir='ltr'>res</span> <span class='ocrx_word' id='word_1_205' title='bbox 426 3861 738 3951; x_wconf 87' lang='lat' dir='ltr'>processit</span> <span class='ocrx_word' id='word_1_206' title='bbox 773 3866 922 3947; x_wconf 91' lang='lat' dir='ltr'>post</span> <span class='ocrx_word' id='word_1_207' title='bbox 947 3859 1182 3927; x_wconf 87' lang='lat' dir='ltr'>multas</span> <span class='ocrx_word' id='word_1_208' title='bbox 1212 3859 1747 3944; x_wconf 87' lang='lat' dir='ltr'>denunciationes,</span> <span class='ocrx_word' id='word_1_209' title='bbox 1795 3860 2021 3945; x_wconf 88' lang='lat' dir='ltr'>quibus</span> <span class='ocrx_word' id='word_1_210' title='bbox 2052 3860 2408 3928; x_wconf 82' lang='lat' dir='ltr'>defuturum</span> <span class='ocrx_word' id='word_1_211' title='bbox 2437 3860 2620 3928; x_wconf 86' lang='lat' dir='ltr'>nobis</span> 
     </span>
     <span class='ocr_line' id='line_1_31' title="bbox 276 3972 2621 4069; baseline -0.002 -23"><span class='ocrx_word' id='word_1_212' title='bbox 276 3998 512 4069; x_wconf 88' lang='lat' dir='ltr'>panem</span> <span class='ocrx_word' id='word_1_213' title='bbox 558 3983 622 4045; x_wconf 92' lang='lat' dir='ltr'>et</span> <span class='ocrx_word' id='word_1_214' title='bbox 650 3982 871 4064; x_wconf 85' lang='lat' dir='ltr'>potum</span> <span class='ocrx_word' id='word_1_215' title='bbox 902 3976 1320 4061; x_wconf 71' lang='lat' dir='ltr'>denunciavit,</span> <span class='ocrx_word' id='word_1_216' title='bbox 1367 3977 1534 4063; x_wconf 90' lang='lat' dir='ltr'>quod</span> <span class='ocrx_word' id='word_1_217' title='bbox 1560 3977 1815 4043; x_wconf 87' lang='lat' dir='ltr'>tandem</span> <span class='ocrx_word' id='word_1_218' title='bbox 1845 3977 1914 4043; x_wconf 92' lang='lat' dir='ltr'>in</span> <span class='ocrx_word' id='word_1_219' title='bbox 1945 3976 2162 4044; x_wconf 89' lang='lat' dir='ltr'>diebus</span> <span class='ocrx_word' id='word_1_220' title='bbox 2190 3978 2587 4062; x_wconf 78' lang='lat' dir='ltr'>rogationum</span> <span class='ocrx_word' id='word_1_221' title='bbox 2603 3972 2621 4004; x_wconf 90' lang='lat'><em>¹</em></span> 
     </span>
     <span class='ocr_line' id='line_1_32' title="bbox 281 4088 2620 4182; baseline -0.002 -19"><span class='ocrx_word' id='word_1_222' title='bbox 281 4103 349 4164; x_wconf 90' lang='lat' dir='ltr'>et</span> <span class='ocrx_word' id='word_1_223' title='bbox 403 4097 469 4162; x_wconf 91' lang='lat' dir='ltr'>in</span> <span class='ocrx_word' id='word_1_224' title='bbox 524 4095 668 4182; x_wconf 88' lang='lat' dir='ltr'>ipsa</span> <span class='ocrx_word' id='word_1_225' title='bbox 709 4098 930 4160; x_wconf 88' lang='lat' dir='ltr'>sancta</span> <span class='ocrx_word' id='word_1_226' title='bbox 978 4093 1081 4159; x_wconf 90' lang='lat' dir='ltr'>die</span> <span class='ocrx_word' id='word_1_227' title='bbox 1126 4094 1508 4160; x_wconf 84' lang='lat' dir='ltr'>ascensionis</span> <span class='ocrx_word' id='word_1_228' title='bbox 1551 4088 1846 4160; x_wconf 84' lang='lat' dir='ltr'>Domini²</span> <span class='ocrx_word' id='word_1_229' title='bbox 1888 4113 2004 4161; x_wconf 88' lang='lat' dir='ltr'>nos</span> <span class='ocrx_word' id='word_1_230' title='bbox 2051 4093 2284 4178; x_wconf 88' lang='lat' dir='ltr'>absque</span> <span class='ocrx_word' id='word_1_231' title='bbox 2324 4095 2481 4180; x_wconf 89' lang='lat' dir='ltr'>potu</span> <span class='ocrx_word' id='word_1_232' title='bbox 2524 4093 2620 4159; x_wconf 91' lang='lat' dir='ltr'>di-</span> 
     </span>
     <span class='ocr_line' id='line_1_33' title="bbox 278 4204 2621 4297; baseline -0.002 -18"><span class='ocrx_word' id='word_1_233' title='bbox 278 4212 491 4295; x_wconf 79' lang='lat' dir='ltr'>misit3</span> <span class='ocrx_word' id='word_1_234' title='bbox 549 4216 615 4278; x_wconf 90' lang='lat' dir='ltr'>et</span> <span class='ocrx_word' id='word_1_235' title='bbox 667 4211 882 4278; x_wconf 90' lang='lat' dir='ltr'>statim</span> <span class='ocrx_word' id='word_1_236' title='bbox 937 4211 1223 4297; x_wconf 85' lang='lat' dir='ltr'>sequenti</span> <span class='ocrx_word' id='word_1_237' title='bbox 1266 4210 1557 4297; x_wconf 84' lang='lat' dir='ltr'>proximo</span> <span class='ocrx_word' id='word_1_238' title='bbox 1602 4204 1898 4277; x_wconf 84' lang='lat' dir='ltr'>sabbato⁸</span> <span class='ocrx_word' id='word_1_239' title='bbox 1944 4209 2177 4294; x_wconf 86' lang='lat' dir='ltr'>absque</span> <span class='ocrx_word' id='word_1_240' title='bbox 2222 4228 2387 4295; x_wconf 91' lang='lat' dir='ltr'>pane</span> <span class='ocrx_word' id='word_1_241' title='bbox 2431 4207 2621 4275; x_wconf 90' lang='lat' dir='ltr'>simul</span> 
     </span>
     <span class='ocr_line' id='line_1_34' title="bbox 281 4324 2621 4416; baseline -0.002 -20"><span class='ocrx_word' id='word_1_242' title='bbox 281 4334 349 4397; x_wconf 90' lang='lat' dir='ltr'>et</span> <span class='ocrx_word' id='word_1_243' title='bbox 392 4334 578 4416; x_wconf 89' lang='lat' dir='ltr'>potu,</span> <span class='ocrx_word' id='word_1_244' title='bbox 635 4327 801 4413; x_wconf 90' lang='lat' dir='ltr'>quod</span> <span class='ocrx_word' id='word_1_245' title='bbox 843 4347 1167 4413; x_wconf 87' lang='lat' dir='ltr'>nunquam</span> <span class='ocrx_word' id='word_1_246' title='bbox 1211 4325 1511 4394; x_wconf 88' lang='lat' dir='ltr'>Corbeiae</span> <span class='ocrx_word' id='word_1_247' title='bbox 1553 4327 1792 4393; x_wconf 86' lang='lat' dir='ltr'>factum</span> <span class='ocrx_word' id='word_1_248' title='bbox 1834 4324 2179 4408; x_wconf 87' lang='lat' dir='ltr'>credimus,</span> <span class='ocrx_word' id='word_1_249' title='bbox 2235 4343 2349 4391; x_wconf 90' lang='lat' dir='ltr'>nos</span> <span class='ocrx_word' id='word_1_250' title='bbox 2394 4324 2621 4392; x_wconf 90' lang='lat' dir='ltr'>dereli-</span> 
     </span>
     <span class='ocr_line' id='line_1_35' title="bbox 282 4440 2619 4534; baseline -0.003 -21"><span class='ocrx_word' id='word_1_251' title='bbox 282 4447 440 4534; x_wconf 91' lang='lat' dir='ltr'>quit.</span> <span class='ocrx_word' id='word_1_252' title='bbox 596 4443 756 4511; x_wconf 88' lang='lat' dir='ltr'>Cum</span> <span class='ocrx_word' id='word_1_253' title='bbox 800 4464 948 4529; x_wconf 86' lang='lat' dir='ltr'>ergo</span> <span class='ocrx_word' id='word_1_254' title='bbox 990 4444 1134 4531; x_wconf 88' lang='lat' dir='ltr'>ipsa</span> <span class='ocrx_word' id='word_1_255' title='bbox 1176 4443 1300 4528; x_wconf 92' lang='lat' dir='ltr'>die,</span> <span class='ocrx_word' id='word_1_256' title='bbox 1345 4443 1633 4510; x_wconf 86' lang='lat' dir='ltr'>sedentes</span> <span class='ocrx_word' id='word_1_257' title='bbox 1680 4442 1762 4509; x_wconf 88' lang='lat' dir='ltr'>ad</span> <span class='ocrx_word' id='word_1_258' title='bbox 1802 4461 2087 4509; x_wconf 90' lang='lat' dir='ltr'>mensam</span> <span class='ocrx_word' id='word_1_259' title='bbox 2130 4440 2473 4510; x_wconf 89' lang='lat' dir='ltr'>secundum</span> <span class='ocrx_word' id='word_1_260' title='bbox 2517 4462 2619 4509; x_wconf 86' lang='lat' dir='ltr'>or-</span> 
     </span>
    </p>
   </div>
   <div class='ocr_carea' id='block_1_5' title="bbox 425 4572 1838 4632">
    <p class='ocr_par' dir='ltr' id='par_1_10' title="bbox 425 4572 1838 4632">
     <span class='ocr_line' id='line_1_36' title="bbox 425 4572 1838 4632; baseline -0.002 0"><span class='ocrx_word' id='word_1_261' title='bbox 425 4577 479 4632; x_wconf 94' lang='lat'>1.</span> <span class='ocrx_word' id='word_1_262' title='bbox 512 4575 641 4632; x_wconf 71' lang='lat' dir='ltr'>nni.</span> <span class='ocrx_word' id='word_1_263' title='bbox 667 4574 896 4632; x_wconf 82' lang='lat'>14—16.</span> <span class='ocrx_word' id='word_1_264' title='bbox 1036 4576 1092 4631; x_wconf 78' lang='lat'>2.</span> <span class='ocrx_word' id='word_1_265' title='bbox 1125 4573 1254 4630; x_wconf 71' lang='lat' dir='ltr'>nni.</span> <span class='ocrx_word' id='word_1_266' title='bbox 1281 4574 1366 4630; x_wconf 80' lang='lat'>17.</span> <span class='ocrx_word' id='word_1_267' title='bbox 1509 4574 1563 4630; x_wconf 84' lang='lat'>3.</span> <span class='ocrx_word' id='word_1_268' title='bbox 1598 4573 1727 4630; x_wconf 71' lang='lat' dir='ltr'>Mai.</span> <span class='ocrx_word' id='word_1_269' title='bbox 1752 4572 1838 4629; x_wconf 79' lang='lat'>19.</span> 
     </span>
    </p>
   </div>
  </div>
 </body>
</html>
