<?xml version="1.0" encoding="UTF-8"?>
<!DOCTYPE html PUBLIC "-//W3C//DTD XHTML 1.0 Transitional//EN"
    "http://www.w3.org/TR/xhtml1/DTD/xhtml1-transitional.dtd">
<html xmlns="http://www.w3.org/1999/xhtml" xml:lang="en" lang="en">
 <head>
  <title>
</title>
<meta http-equiv="Content-Type" content="text/html;charset=utf-8" />
  <meta name='ocr-system' content='tesseract 3.04.00' />
  <meta name='ocr-capabilities' content='ocr_page ocr_carea ocr_par ocr_line ocrx_word'/>
</head>
<body>
  <div class='ocr_page' id='page_1' title='image "./monumentacorbei00corvgoog_0632.png"; bbox 0 0 3319 5242; ppageno 0'>
   <div class='ocr_carea' id='block_1_1' title="bbox 735 428 2302 496">
    <p class='ocr_par' dir='ltr' id='par_1_1' title="bbox 735 428 2302 496">
     <span class='ocr_line' id='line_1_1' title="bbox 735 428 2302 496; baseline -0.001 0"><span class='ocrx_word' id='word_1_1' title='bbox 735 428 867 496; x_wconf 84' lang='grc'>622</span> <span class='ocrx_word' id='word_1_2' title='bbox 1561 446 1777 495; x_wconf 73' lang='lat' dir='ltr'>num</span> <span class='ocrx_word' id='word_1_3' title='bbox 1819 445 2302 495; x_wconf 66' lang='lat' dir='ltr'>smmum</span> 
     </span>
    </p>
   </div>
   <div class='ocr_carea' id='block_1_2' title="bbox 1931 581 1941 761">
    <p class='ocr_par' dir='ltr' id='par_1_2' title="bbox 1931 581 1941 761">
     <span class='ocr_line' id='line_1_2' title="bbox 1931 581 1941 761; baseline 0 4481"><span class='ocrx_word' id='word_1_4' title='bbox 1931 581 1941 761; x_wconf 95' lang='lat' dir='ltr'> </span> 
     </span>
    </p>
   </div>
   <div class='ocr_carea' id='block_1_3' title="bbox 1932 764 1940 975">
    <p class='ocr_par' dir='ltr' id='par_1_3' title="bbox 1932 764 1940 975">
     <span class='ocr_line' id='line_1_3' title="bbox 1932 764 1940 975; baseline 0 0"><span class='ocrx_word' id='word_1_5' title='bbox 1932 764 1940 975; x_wconf 95' lang='lat' dir='ltr'> </span> 
     </span>
    </p>
   </div>
   <div class='ocr_carea' id='block_1_4' title="bbox 733 600 3135 2684">
    <p class='ocr_par' dir='ltr' id='par_1_4' title="bbox 733 600 3135 2684">
     <span class='ocr_line' id='line_1_4' title="bbox 1795 600 3126 645; baseline 0.001 -1"><span class='ocrx_word' id='word_1_6' title='bbox 1795 600 1899 644; x_wconf 66' lang='grc' dir='ltr'>με·</span> <span class='ocrx_word' id='word_1_7' title='bbox 3031 601 3126 645; x_wconf 71' lang='lat' dir='ltr'>1³⁸ss-</span> 
     </span>
     <span class='ocr_line' id='line_1_5' title="bbox 737 661 2964 773; baseline 0 -54"><span class='ocrx_word' id='word_1_8' title='bbox 737 662 912 734; x_wconf 82' lang='lat' dir='ltr'>Super</span> <span class='ocrx_word' id='word_1_9' title='bbox 944 663 1166 734; x_wconf 80' lang='lat' dir='ltr'>negotio</span> <span class='ocrx_word' id='word_1_10' title='bbox 1201 668 1385 718; x_wconf 80' lang='lat' dir='ltr'>vestro</span> <span class='ocrx_word' id='word_1_11' title='bbox 1444 703 1457 715; x_wconf 92' lang='lat'><strong>.</strong></span> <span class='ocrx_word' id='word_1_12' title='bbox 1532 703 1545 716; x_wconf 91' lang='lat'><strong>.</strong></span> <span class='ocrx_word' id='word_1_13' title='bbox 1621 704 1634 716; x_wconf 92' lang='lat'><strong>.</strong></span> <span class='ocrx_word' id='word_1_14' title='bbox 1710 705 1723 717; x_wconf 90' lang='lat'><strong>.</strong></span> <span class='ocrx_word' id='word_1_15' title='bbox 1794 665 1898 719; x_wconf 90' lang='grc'>577</span> <span class='ocrx_word' id='word_1_16' title='bbox 1971 662 2311 720; x_wconf 76' lang='lat' dir='ltr'>Venerabilis</span> <span class='ocrx_word' id='word_1_17' title='bbox 2345 661 2515 773; x_wconf 79' lang='lat' dir='ltr'>frater</span> <span class='ocrx_word' id='word_1_18' title='bbox 2548 668 2737 720; x_wconf 82' lang='lat' dir='ltr'>noster</span> <span class='ocrx_word' id='word_1_19' title='bbox 2769 663 2964 735; x_wconf 78' lang='lat' dir='ltr'>Philip-</span> 
     </span>
     <span class='ocr_line' id='line_1_6' title="bbox 735 752 3130 823; baseline 0 -15"><span class='ocrx_word' id='word_1_20' title='bbox 735 752 911 823; x_wconf 83' lang='lat' dir='ltr'>Super</span> <span class='ocrx_word' id='word_1_21' title='bbox 946 752 1165 822; x_wconf 85' lang='lat' dir='ltr'>negotio</span> <span class='ocrx_word' id='word_1_22' title='bbox 1196 756 1385 807; x_wconf 84' lang='lat' dir='ltr'>vestro</span> <span class='ocrx_word' id='word_1_23' title='bbox 1446 790 1458 803; x_wconf 93' lang='lat'>.</span> <span class='ocrx_word' id='word_1_24' title='bbox 1534 791 1546 804; x_wconf 90' lang='lat'><strong>.</strong></span> <span class='ocrx_word' id='word_1_25' title='bbox 1622 791 1634 804; x_wconf 93' lang='lat'><strong>.</strong></span> <span class='ocrx_word' id='word_1_26' title='bbox 1712 792 1725 805; x_wconf 88' lang='lat'><strong>.</strong></span> <span class='ocrx_word' id='word_1_27' title='bbox 1796 754 1901 807; x_wconf 93' lang='grc'>582</span> <span class='ocrx_word' id='word_1_28' title='bbox 2041 769 2147 822; x_wconf 88' lang='lat' dir='ltr'>pus</span> <span class='ocrx_word' id='word_1_29' title='bbox 2243 792 2964 807; x_wconf 91' lang='grc'><strong>.........</strong></span> <span class='ocrx_word' id='word_1_30' title='bbox 3035 754 3130 808; x_wconf 78' lang='grc'>584</span> 
     </span>
     <span class='ocr_line' id='line_1_7' title="bbox 735 840 3131 912; baseline 0 -15"><span class='ocrx_word' id='word_1_31' title='bbox 735 841 912 912; x_wconf 83' lang='lat' dir='ltr'><strong>Super</strong></span> <span class='ocrx_word' id='word_1_32' title='bbox 945 841 1296 912; x_wconf 88' lang='lat' dir='ltr'>querimonia,</span> <span class='ocrx_word' id='word_1_33' title='bbox 1332 855 1496 910; x_wconf 88' lang='lat' dir='ltr'>quam</span> <span class='ocrx_word' id='word_1_34' title='bbox 1536 881 1547 892; x_wconf 92' lang='lat'>.</span> <span class='ocrx_word' id='word_1_35' title='bbox 1622 881 1634 893; x_wconf 90' lang='lat'>.</span> <span class='ocrx_word' id='word_1_36' title='bbox 1710 880 1722 893; x_wconf 92' lang='lat'><strong>.</strong></span> <span class='ocrx_word' id='word_1_37' title='bbox 1971 840 2297 897; x_wconf 90' lang='lat' dir='ltr'>Venerande</span> <span class='ocrx_word' id='word_1_38' title='bbox 2331 845 2490 911; x_wconf 83' lang='lat' dir='ltr'>pater</span> <span class='ocrx_word' id='word_1_39' title='bbox 2516 848 2573 895; x_wconf 90' lang='lat' dir='ltr'>et</span> <span class='ocrx_word' id='word_1_40' title='bbox 2599 880 2965 894; x_wconf 90' lang='grc'><strong>.....</strong></span> <span class='ocrx_word' id='word_1_41' title='bbox 3033 843 3131 897; x_wconf 79' lang='lat'>496</span> 
     </span>
     <span class='ocr_line' id='line_1_8' title="bbox 735 929 3131 1002; baseline -0.001 -15"><span class='ocrx_word' id='word_1_42' title='bbox 735 931 1018 1002; x_wconf 71' lang='lat' dir='ltr'><strong>Supplices</strong></span> <span class='ocrx_word' id='word_1_43' title='bbox 1054 936 1218 1000; x_wconf 81' lang='lat' dir='ltr'>atque</span> <span class='ocrx_word' id='word_1_44' title='bbox 1253 929 1483 984; x_wconf 78' lang='lat' dir='ltr'>devotas</span> <span class='ocrx_word' id='word_1_45' title='bbox 1534 968 1547 981; x_wconf 90' lang='lat'><strong>.</strong></span> <span class='ocrx_word' id='word_1_46' title='bbox 1620 968 1633 981; x_wconf 92' lang='lat'><strong>.</strong></span> <span class='ocrx_word' id='word_1_47' title='bbox 1707 968 1723 984; x_wconf 88' lang='lat'><strong>.</strong></span> <span class='ocrx_word' id='word_1_48' title='bbox 1795 930 1901 984; x_wconf 83' lang='lat'>568</span> <span class='ocrx_word' id='word_1_49' title='bbox 1973 930 2214 985; x_wconf 77' lang='lat' dir='ltr'>Veniens</span> <span class='ocrx_word' id='word_1_50' title='bbox 2250 929 2322 984; x_wconf 81' lang='lat' dir='ltr'>sd</span> <span class='ocrx_word' id='word_1_51' title='bbox 2355 945 2458 985; x_wconf 89' lang='lat' dir='ltr'>nos</span> <span class='ocrx_word' id='word_1_52' title='bbox 2494 930 2727 985; x_wconf 72' lang='lat' dir='ltr'>dilectus</span> <span class='ocrx_word' id='word_1_53' title='bbox 2775 970 2789 983; x_wconf 93' lang='lat'>.</span> <span class='ocrx_word' id='word_1_54' title='bbox 2862 970 2875 982; x_wconf 92' lang='lat'><strong>.</strong></span> <span class='ocrx_word' id='word_1_55' title='bbox 2954 970 2968 983; x_wconf 93' lang='lat'>.</span> <span class='ocrx_word' id='word_1_56' title='bbox 3068 931 3131 985; x_wconf 83' lang='grc'>98</span> 
     </span>
     <span class='ocr_line' id='line_1_9' title="bbox 736 1017 3132 1089; baseline -0.001 -14"><span class='ocrx_word' id='word_1_57' title='bbox 736 1019 988 1089; x_wconf 88' lang='lat' dir='ltr'>Suscepti</span> <span class='ocrx_word' id='word_1_58' title='bbox 1021 1019 1301 1089; x_wconf 86' lang='lat' dir='ltr'>regiminis</span> <span class='ocrx_word' id='word_1_59' title='bbox 1334 1033 1437 1073; x_wconf 89' lang='lat' dir='ltr'>nos</span> <span class='ocrx_word' id='word_1_60' title='bbox 1535 1059 1545 1069; x_wconf 93' lang='lat'><em>.</em></span> <span class='ocrx_word' id='word_1_61' title='bbox 1622 1057 1633 1069; x_wconf 95' lang='lat'><strong>.</strong></span> <span class='ocrx_word' id='word_1_62' title='bbox 1710 1057 1722 1070; x_wconf 93' lang='lat'>.</span> <span class='ocrx_word' id='word_1_63' title='bbox 1794 1018 1901 1072; x_wconf 85' lang='lat'>488</span> <span class='ocrx_word' id='word_1_64' title='bbox 1974 1018 2216 1074; x_wconf 79' lang='lat' dir='ltr'>Veniens</span> <span class='ocrx_word' id='word_1_65' title='bbox 2252 1017 2324 1072; x_wconf 82' lang='lat' dir='ltr'>ad</span> <span class='ocrx_word' id='word_1_66' title='bbox 2358 1034 2460 1073; x_wconf 88' lang='lat' dir='ltr'>nos</span> <span class='ocrx_word' id='word_1_67' title='bbox 2494 1017 2671 1073; x_wconf 88' lang='lat' dir='ltr'>fidelis</span> <span class='ocrx_word' id='word_1_68' title='bbox 2775 1058 2788 1070; x_wconf 92' lang='lat'><strong>.</strong></span> <span class='ocrx_word' id='word_1_69' title='bbox 2866 1058 2880 1071; x_wconf 93' lang='lat'>.</span> <span class='ocrx_word' id='word_1_70' title='bbox 2955 1059 2967 1070; x_wconf 92' lang='lat'><strong>.</strong></span> <span class='ocrx_word' id='word_1_71' title='bbox 3035 1020 3132 1073; x_wconf 85' lang='grc'>592</span> 
     </span>
     <span class='ocr_line' id='line_1_10' title="bbox 736 1106 3130 1177; baseline -0.001 -13"><span class='ocrx_word' id='word_1_72' title='bbox 736 1112 893 1164; x_wconf 84' lang='lat' dir='ltr'>&#39;l&#39;am</span> <span class='ocrx_word' id='word_1_73' title='bbox 928 1109 1151 1164; x_wconf 80' lang='lat' dir='ltr'>rationis</span> <span class='ocrx_word' id='word_1_74' title='bbox 1185 1123 1349 1177; x_wconf 80' lang='lat' dir='ltr'>quam</span> <span class='ocrx_word' id='word_1_75' title='bbox 1443 1145 1457 1159; x_wconf 93' lang='lat'><strong>.</strong></span> <span class='ocrx_word' id='word_1_76' title='bbox 1534 1144 1546 1159; x_wconf 92' lang='lat'><strong><em>.</em></strong></span> <span class='ocrx_word' id='word_1_77' title='bbox 1622 1146 1633 1157; x_wconf 90' lang='lat'><strong>.</strong></span> <span class='ocrx_word' id='word_1_78' title='bbox 1711 1145 1723 1158; x_wconf 94' lang='lat'>.</span> <span class='ocrx_word' id='word_1_79' title='bbox 1796 1108 1901 1161; x_wconf 89' lang='grc'>572</span> <span class='ocrx_word' id='word_1_80' title='bbox 1974 1107 2215 1162; x_wconf 79' lang='lat' dir='ltr'>Veniens</span> <span class='ocrx_word' id='word_1_81' title='bbox 2251 1106 2323 1161; x_wconf 85' lang='lat' dir='ltr'>ad</span> <span class='ocrx_word' id='word_1_82' title='bbox 2356 1122 2459 1162; x_wconf 90' lang='lat' dir='ltr'>nos</span> <span class='ocrx_word' id='word_1_83' title='bbox 2494 1106 2700 1162; x_wconf 80' lang='lat' dir='ltr'>frater.</span> <span class='ocrx_word' id='word_1_84' title='bbox 2774 1146 2788 1158; x_wconf 91' lang='lat'><strong>.</strong></span> <span class='ocrx_word' id='word_1_85' title='bbox 2867 1148 2879 1158; x_wconf 94' lang='lat'>.</span> <span class='ocrx_word' id='word_1_86' title='bbox 3036 1108 3130 1162; x_wconf 73' lang='grc'>437</span> 
     </span>
     <span class='ocr_line' id='line_1_11' title="bbox 734 1148 3131 1265; baseline -0.001 -13"><span class='ocrx_word' id='word_1_87' title='bbox 734 1198 1004 1253; x_wconf 89' lang='lat' dir='ltr'>Tenorem</span> <span class='ocrx_word' id='word_1_88' title='bbox 1036 1197 1334 1251; x_wconf 77' lang='lat' dir='ltr'>litterarum</span> <span class='ocrx_word' id='word_1_89' title='bbox 1370 1194 1575 1250; x_wconf 89' lang='lat' dir='ltr'>domini</span> <span class='ocrx_word' id='word_1_90' title='bbox 1623 1234 1636 1247; x_wconf 93' lang='lat'><strong>.</strong></span> <span class='ocrx_word' id='word_1_91' title='bbox 1712 1234 1724 1245; x_wconf 92' lang='lat'><strong>.</strong></span> <span class='ocrx_word' id='word_1_92' title='bbox 1795 1195 1899 1249; x_wconf 85' lang='lat'>411</span> <span class='ocrx_word' id='word_1_93' title='bbox 1975 1195 2214 1250; x_wconf 78' lang='lat' dir='ltr'>Veniens</span> <span class='ocrx_word' id='word_1_94' title='bbox 2251 1195 2323 1250; x_wconf 83' lang='lat' dir='ltr'>ad</span> <span class='ocrx_word' id='word_1_95' title='bbox 2358 1201 2601 1251; x_wconf 84' lang='lat' dir='ltr'>nostram</span> <span class='ocrx_word' id='word_1_96' title='bbox 2635 1148 2972 1265; x_wconf 72' lang='lat' dir='ltr'>presentiam</span> <span class='ocrx_word' id='word_1_97' title='bbox 3036 1196 3131 1249; x_wconf 82' lang='grc'>486</span> 
     </span>
     <span class='ocr_line' id='line_1_12' title="bbox 733 1283 3130 1341; baseline -0 -1"><span class='ocrx_word' id='word_1_98' title='bbox 733 1286 1103 1341; x_wconf 77' lang='lat' dir='ltr'>Theodericus</span> <span class='ocrx_word' id='word_1_99' title='bbox 1139 1284 1209 1339; x_wconf 90' lang='lat' dir='ltr'>de</span> <span class='ocrx_word' id='word_1_100' title='bbox 1246 1284 1526 1339; x_wconf 85' lang='lat' dir='ltr'>Salenrivo</span> <span class='ocrx_word' id='word_1_101' title='bbox 1622 1323 1633 1334; x_wconf 91' lang='lat'><strong>.</strong></span> <span class='ocrx_word' id='word_1_102' title='bbox 1711 1323 1723 1336; x_wconf 92' lang='lat'><strong>.</strong></span> <span class='ocrx_word' id='word_1_103' title='bbox 1799 1283 1902 1338; x_wconf 87' lang='lat'>186</span> <span class='ocrx_word' id='word_1_104' title='bbox 1976 1284 2215 1340; x_wconf 87' lang='lat' dir='ltr'>Veniens</span> <span class='ocrx_word' id='word_1_105' title='bbox 2251 1284 2322 1338; x_wconf 91' lang='lat' dir='ltr'>ad</span> <span class='ocrx_word' id='word_1_106' title='bbox 2358 1299 2458 1339; x_wconf 87' lang='lat' dir='ltr'>nos</span> <span class='ocrx_word' id='word_1_107' title='bbox 2492 1284 2880 1339; x_wconf 85' lang='lat' dir='ltr'>venerabilis.</span> <span class='ocrx_word' id='word_1_108' title='bbox 2959 1326 2970 1337; x_wconf 90' lang='lat'><strong>.</strong></span> <span class='ocrx_word' id='word_1_109' title='bbox 3039 1285 3130 1339; x_wconf 79' lang='grc'>267</span> 
     </span>
     <span class='ocr_line' id='line_1_13' title="bbox 734 1371 3129 1443; baseline -0 -14"><span class='ocrx_word' id='word_1_110' title='bbox 734 1374 862 1429; x_wconf 87' lang='lat' dir='ltr'>Tibi</span> <span class='ocrx_word' id='word_1_111' title='bbox 895 1375 1018 1430; x_wconf 89' lang='lat' dir='ltr'>dico</span> <span class='ocrx_word' id='word_1_112' title='bbox 1052 1375 1115 1428; x_wconf 90' lang='lat' dir='ltr'>L.</span> <span class='ocrx_word' id='word_1_113' title='bbox 1138 1378 1328 1443; x_wconf 82' lang='lat' dir='ltr'>pastor</span> <span class='ocrx_word' id='word_1_114' title='bbox 1360 1410 1722 1425; x_wconf 91' lang='grc'><strong>.....</strong></span> <span class='ocrx_word' id='word_1_115' title='bbox 1832 1371 1904 1425; x_wconf 86' lang='grc'>64</span> <span class='ocrx_word' id='word_1_116' title='bbox 1974 1372 2300 1427; x_wconf 84' lang='lat' dir='ltr'>Venientem</span> <span class='ocrx_word' id='word_1_117' title='bbox 2335 1372 2408 1427; x_wconf 77' lang='lat' dir='ltr'>sd</span> <span class='ocrx_word' id='word_1_118' title='bbox 2443 1374 2773 1443; x_wconf 70' lang='lat' dir='ltr'>apostolicae</span> <span class='ocrx_word' id='word_1_119' title='bbox 2869 1413 2883 1426; x_wconf 92' lang='lat'><strong>.</strong></span> <span class='ocrx_word' id='word_1_120' title='bbox 2960 1414 2972 1427; x_wconf 93' lang='lat'><strong>.</strong></span> <span class='ocrx_word' id='word_1_121' title='bbox 3038 1374 3129 1428; x_wconf 83' lang='grc'>481</span> 
     </span>
     <span class='ocr_line' id='line_1_14' title="bbox 734 1460 3128 1519; baseline -0.001 -1"><span class='ocrx_word' id='word_1_122' title='bbox 734 1464 929 1518; x_wconf 87' lang='lat' dir='ltr'>Totius</span> <span class='ocrx_word' id='word_1_123' title='bbox 964 1479 1164 1519; x_wconf 84' lang='lat' dir='ltr'>causae</span> <span class='ocrx_word' id='word_1_124' title='bbox 1200 1468 1420 1518; x_wconf 85' lang='lat' dir='ltr'>nostrse</span> <span class='ocrx_word' id='word_1_125' title='bbox 1446 1500 1459 1514; x_wconf 90' lang='lat'><strong>.</strong></span> <span class='ocrx_word' id='word_1_126' title='bbox 1535 1501 1548 1514; x_wconf 91' lang='lat'><strong>.</strong></span> <span class='ocrx_word' id='word_1_127' title='bbox 1623 1500 1635 1512; x_wconf 89' lang='lat'><strong>.</strong></span> <span class='ocrx_word' id='word_1_128' title='bbox 1712 1501 1724 1512; x_wconf 90' lang='lat'><strong>.</strong></span> <span class='ocrx_word' id='word_1_129' title='bbox 1800 1461 1900 1514; x_wconf 98' lang='grc'>107</span> <span class='ocrx_word' id='word_1_130' title='bbox 1975 1461 2298 1516; x_wconf 85' lang='lat' dir='ltr'>Venientem</span> <span class='ocrx_word' id='word_1_131' title='bbox 2335 1461 2407 1516; x_wconf 85' lang='lat' dir='ltr'>sd</span> <span class='ocrx_word' id='word_1_132' title='bbox 2440 1477 2544 1517; x_wconf 89' lang='lat' dir='ltr'>nos</span> <span class='ocrx_word' id='word_1_133' title='bbox 2579 1460 2802 1517; x_wconf 72' lang='lat' dir='ltr'>stati-em</span> <span class='ocrx_word' id='word_1_134' title='bbox 2868 1503 2880 1515; x_wconf 94' lang='lat'><em>.</em></span> <span class='ocrx_word' id='word_1_135' title='bbox 2958 1502 2971 1515; x_wconf 91' lang='lat'><strong>.</strong></span> <span class='ocrx_word' id='word_1_136' title='bbox 3039 1463 3128 1517; x_wconf 77' lang='grc'>291</span> 
     </span>
     <span class='ocr_line' id='line_1_15' title="bbox 734 1549 3132 1607; baseline -0 -1"><span class='ocrx_word' id='word_1_137' title='bbox 734 1551 1157 1607; x_wconf 89' lang='lat' dir='ltr'>Transmisimus</span> <span class='ocrx_word' id='word_1_138' title='bbox 1193 1551 1265 1606; x_wconf 81' lang='lat' dir='ltr'>sd</span> <span class='ocrx_word' id='word_1_139' title='bbox 1299 1550 1646 1606; x_wconf 69' lang='lat' dir='ltr'>sanctitatem</span> <span class='ocrx_word' id='word_1_140' title='bbox 1713 1590 1723 1600; x_wconf 93' lang='lat'><em>.</em></span> <span class='ocrx_word' id='word_1_141' title='bbox 1796 1549 1904 1603; x_wconf 81' lang='grc'>450</span> <span class='ocrx_word' id='word_1_142' title='bbox 1975 1549 2271 1605; x_wconf 80' lang='lat' dir='ltr'>Venientes</span> <span class='ocrx_word' id='word_1_143' title='bbox 2309 1549 2381 1604; x_wconf 81' lang='lat' dir='ltr'>sd</span> <span class='ocrx_word' id='word_1_144' title='bbox 2415 1550 2695 1605; x_wconf 87' lang='lat' dir='ltr'>dominum</span> <span class='ocrx_word' id='word_1_145' title='bbox 2775 1590 2788 1603; x_wconf 93' lang='lat'><strong>.</strong></span> <span class='ocrx_word' id='word_1_146' title='bbox 2868 1592 2880 1603; x_wconf 91' lang='lat'><strong><em>.</em></strong></span> <span class='ocrx_word' id='word_1_147' title='bbox 2958 1592 2972 1604; x_wconf 91' lang='lat'><strong>.</strong></span> <span class='ocrx_word' id='word_1_148' title='bbox 3041 1552 3132 1605; x_wconf 82' lang='grc'>114</span> 
     </span>
     <span class='ocr_line' id='line_1_16' title="bbox 735 1638 3134 1695; baseline 0 -1"><span class='ocrx_word' id='word_1_149' title='bbox 735 1640 890 1695; x_wconf 75' lang='lat' dir='ltr'>Tuae</span> <span class='ocrx_word' id='word_1_150' title='bbox 924 1640 1202 1695; x_wconf 82' lang='lat' dir='ltr'>dilectioni</span> <span class='ocrx_word' id='word_1_151' title='bbox 1237 1645 1426 1695; x_wconf 89' lang='lat' dir='ltr'>notum</span> <span class='ocrx_word' id='word_1_152' title='bbox 1447 1677 1460 1691; x_wconf 88' lang='lat'><strong>.</strong></span> <span class='ocrx_word' id='word_1_153' title='bbox 1538 1678 1551 1692; x_wconf 92' lang='lat'><em>.</em></span> <span class='ocrx_word' id='word_1_154' title='bbox 1626 1678 1637 1690; x_wconf 92' lang='lat'><strong>.</strong></span> <span class='ocrx_word' id='word_1_155' title='bbox 1713 1677 1726 1691; x_wconf 90' lang='lat'><strong>.</strong></span> <span class='ocrx_word' id='word_1_156' title='bbox 1796 1638 1905 1692; x_wconf 86' lang='grc'>490</span> <span class='ocrx_word' id='word_1_157' title='bbox 1977 1638 2274 1693; x_wconf 86' lang='lat' dir='ltr'>Venientes</span> <span class='ocrx_word' id='word_1_158' title='bbox 2311 1638 2383 1693; x_wconf 83' lang='lat' dir='ltr'>sd</span> <span class='ocrx_word' id='word_1_159' title='bbox 2418 1654 2520 1694; x_wconf 89' lang='lat' dir='ltr'>nos</span> <span class='ocrx_word' id='word_1_160' title='bbox 2554 1639 2738 1694; x_wconf 82' lang='lat' dir='ltr'>dilecti</span> <span class='ocrx_word' id='word_1_161' title='bbox 2777 1680 2791 1691; x_wconf 85' lang='lat'><strong>.</strong></span> <span class='ocrx_word' id='word_1_162' title='bbox 2870 1680 2884 1693; x_wconf 92' lang='lat'>.</span> <span class='ocrx_word' id='word_1_163' title='bbox 2959 1679 2974 1693; x_wconf 93' lang='lat'><strong>.</strong></span> <span class='ocrx_word' id='word_1_164' title='bbox 3039 1640 3134 1695; x_wconf 79' lang='grc'>404</span> 
     </span>
     <span class='ocr_line' id='line_1_17' title="bbox 735 1727 3134 1797; baseline 0 -14"><span class='ocrx_word' id='word_1_165' title='bbox 735 1729 890 1784; x_wconf 88' lang='lat' dir='ltr'>Tuae</span> <span class='ocrx_word' id='word_1_166' title='bbox 924 1727 1173 1783; x_wconf 82' lang='lat' dir='ltr'>fidelitati</span> <span class='ocrx_word' id='word_1_167' title='bbox 1208 1743 1307 1797; x_wconf 87' lang='lat' dir='ltr'>per</span> <span class='ocrx_word' id='word_1_168' title='bbox 1357 1766 1724 1780; x_wconf 93' lang='grc'><strong>.....</strong></span> <span class='ocrx_word' id='word_1_169' title='bbox 1833 1727 1904 1780; x_wconf 89' lang='grc'>83</span> <span class='ocrx_word' id='word_1_170' title='bbox 1975 1727 2272 1782; x_wconf 87' lang='lat' dir='ltr'>Venientes</span> <span class='ocrx_word' id='word_1_171' title='bbox 2308 1727 2380 1782; x_wconf 81' lang='lat' dir='ltr'>sd</span> <span class='ocrx_word' id='word_1_172' title='bbox 2408 1743 2511 1784; x_wconf 87' lang='lat' dir='ltr'>nos</span> <span class='ocrx_word' id='word_1_173' title='bbox 2540 1727 2883 1784; x_wconf 80' lang='lat' dir='ltr'>Stabulaus.</span> <span class='ocrx_word' id='word_1_174' title='bbox 2961 1769 2975 1781; x_wconf 90' lang='lat'><strong>.</strong></span> <span class='ocrx_word' id='word_1_175' title='bbox 3042 1728 3134 1784; x_wconf 81' lang='grc'>295</span> 
     </span>
     <span class='ocr_line' id='line_1_18' title="bbox 734 1815 3135 1873; baseline 0 -1"><span class='ocrx_word' id='word_1_176' title='bbox 734 1816 857 1873; x_wconf 72' lang='lat' dir='ltr'>ubi</span> <span class='ocrx_word' id='word_1_177' title='bbox 890 1817 1207 1871; x_wconf 83' lang='lat' dir='ltr'>mandatum</span> <span class='ocrx_word' id='word_1_178' title='bbox 1242 1821 1301 1871; x_wconf 90' lang='lat' dir='ltr'>et</span> <span class='ocrx_word' id='word_1_179' title='bbox 1362 1854 1725 1867; x_wconf 91' lang='grc'><strong>.....</strong></span> <span class='ocrx_word' id='word_1_180' title='bbox 1797 1815 1904 1870; x_wconf 90' lang='grc'>485</span> <span class='ocrx_word' id='word_1_181' title='bbox 1975 1815 2241 1870; x_wconf 87' lang='lat' dir='ltr'>Venimus</span> <span class='ocrx_word' id='word_1_182' title='bbox 2277 1815 2349 1870; x_wconf 82' lang='lat' dir='ltr'>ad</span> <span class='ocrx_word' id='word_1_183' title='bbox 2385 1817 2592 1872; x_wconf 83' lang='lat' dir='ltr'>curiam</span> <span class='ocrx_word' id='word_1_184' title='bbox 2687 1855 2701 1869; x_wconf 90' lang='lat'><strong>.</strong></span> <span class='ocrx_word' id='word_1_185' title='bbox 2775 1856 2792 1870; x_wconf 91' lang='lat'><strong>.</strong></span> <span class='ocrx_word' id='word_1_186' title='bbox 3041 1817 3135 1872; x_wconf 79' lang='grc'>374</span> 
     </span>
     <span class='ocr_line' id='line_1_19' title="bbox 736 1856 2976 1977; baseline 0.001 -16"><span class='ocrx_word' id='word_1_187' title='bbox 736 1905 1118 1961; x_wconf 83' lang='lat' dir='ltr'>Universitatis</span> <span class='ocrx_word' id='word_1_188' title='bbox 1150 1910 1371 1960; x_wconf 84' lang='lat' dir='ltr'>vestrse</span> <span class='ocrx_word' id='word_1_189' title='bbox 1405 1902 1684 1959; x_wconf 87' lang='lat' dir='ltr'>doloribus</span> <span class='ocrx_word' id='word_1_190' title='bbox 1715 1944 1724 1954; x_wconf 92' lang='lat'>.</span> <span class='ocrx_word' id='word_1_191' title='bbox 1798 1904 1901 1958; x_wconf 88' lang='grc'>521</span> <span class='ocrx_word' id='word_1_192' title='bbox 1975 1905 2144 1960; x_wconf 89' lang='lat' dir='ltr'>Venit</span> <span class='ocrx_word' id='word_1_193' title='bbox 2183 1905 2255 1960; x_wconf 86' lang='lat' dir='ltr'>ad</span> <span class='ocrx_word' id='word_1_194' title='bbox 2309 1920 2408 1960; x_wconf 86' lang='lat' dir='ltr'>nos</span> <span class='ocrx_word' id='word_1_195' title='bbox 2452 1904 2738 1961; x_wconf 80' lang='lat' dir='ltr'>Corbeiam</span> <span class='ocrx_word' id='word_1_196' title='bbox 2790 1856 2976 1977; x_wconf 66' lang='lat' dir='ltr'>capel·</span> 
     </span>
     <span class='ocr_line' id='line_1_20' title="bbox 736 1992 3134 2064; baseline 0 -15"><span class='ocrx_word' id='word_1_197' title='bbox 736 1993 1187 2064; x_wconf 85' lang='lat' dir='ltr'>Unumquemque</span> <span class='ocrx_word' id='word_1_198' title='bbox 1220 1993 1453 2063; x_wconf 87' lang='lat' dir='ltr'>propriis</span> <span class='ocrx_word' id='word_1_199' title='bbox 1535 2031 1548 2044; x_wconf 89' lang='lat'><strong>.</strong></span> <span class='ocrx_word' id='word_1_200' title='bbox 1624 2032 1636 2044; x_wconf 93' lang='lat'><em>.</em></span> <span class='ocrx_word' id='word_1_201' title='bbox 1712 2031 1724 2044; x_wconf 93' lang='lat'><strong>.</strong></span> <span class='ocrx_word' id='word_1_202' title='bbox 1796 1992 1903 2046; x_wconf 86' lang='grc'>486</span> <span class='ocrx_word' id='word_1_203' title='bbox 2044 1993 2203 2049; x_wconf 79' lang='lat' dir='ltr'>lanus</span> <span class='ocrx_word' id='word_1_204' title='bbox 2248 2032 2976 2049; x_wconf 91' lang='grc'><strong>.........</strong></span> <span class='ocrx_word' id='word_1_205' title='bbox 2985 1996 3134 2050; x_wconf 74' lang='lat'>-406</span> 
     </span>
     <span class='ocr_line' id='line_1_21' title="bbox 736 2080 3133 2152; baseline 0.001 -15"><span class='ocrx_word' id='word_1_206' title='bbox 736 2081 812 2137; x_wconf 90' lang='lat' dir='ltr'>Ut</span> <span class='ocrx_word' id='word_1_207' title='bbox 845 2083 954 2137; x_wconf 89' lang='lat' dir='ltr'>iam</span> <span class='ocrx_word' id='word_1_208' title='bbox 989 2099 1087 2152; x_wconf 88' lang='lat' dir='ltr'>per</span> <span class='ocrx_word' id='word_1_209' title='bbox 1122 2082 1305 2152; x_wconf 84' lang='lat' dir='ltr'>plures</span> <span class='ocrx_word' id='word_1_210' title='bbox 1362 2120 1722 2134; x_wconf 91' lang='grc'><strong>.....</strong></span> <span class='ocrx_word' id='word_1_211' title='bbox 1797 2081 1904 2135; x_wconf 85' lang='grc'>334</span> <span class='ocrx_word' id='word_1_212' title='bbox 1975 2082 2143 2139; x_wconf 86' lang='lat' dir='ltr'>Venit</span> <span class='ocrx_word' id='word_1_213' title='bbox 2178 2082 2250 2137; x_wconf 75' lang='lat' dir='ltr'>sd</span> <span class='ocrx_word' id='word_1_214' title='bbox 2285 2097 2386 2137; x_wconf 85' lang='lat' dir='ltr'>nos</span> <span class='ocrx_word' id='word_1_215' title='bbox 2421 2080 2710 2139; x_wconf 76' lang='lat' dir='ltr'>corbeiam</span> <span class='ocrx_word' id='word_1_216' title='bbox 2743 2080 3133 2139; x_wconf 68' lang='lat' dir='ltr'>stater.196</span> 
     </span>
     <span class='ocr_line' id='line_1_22' title="bbox 736 2169 3130 2241; baseline 0 -15"><span class='ocrx_word' id='word_1_217' title='bbox 736 2169 812 2225; x_wconf 91' lang='lat' dir='ltr'>Ut</span> <span class='ocrx_word' id='word_1_218' title='bbox 846 2186 1134 2241; x_wconf 79' lang='lat' dir='ltr'>processus</span> <span class='ocrx_word' id='word_1_219' title='bbox 1168 2171 1376 2225; x_wconf 86' lang='lat' dir='ltr'>itineris</span> <span class='ocrx_word' id='word_1_220' title='bbox 1445 2207 1461 2223; x_wconf 89' lang='lat'><strong>.</strong></span> <span class='ocrx_word' id='word_1_221' title='bbox 1537 2209 1548 2221; x_wconf 94' lang='lat'><strong>.</strong></span> <span class='ocrx_word' id='word_1_222' title='bbox 1625 2210 1635 2220; x_wconf 93' lang='lat'><em>.</em></span> <span class='ocrx_word' id='word_1_223' title='bbox 1712 2208 1725 2222; x_wconf 91' lang='lat'><strong>.</strong></span> <span class='ocrx_word' id='word_1_224' title='bbox 1801 2171 1903 2225; x_wconf 87' lang='grc'>126</span> <span class='ocrx_word' id='word_1_225' title='bbox 1975 2171 2144 2226; x_wconf 90' lang='lat' dir='ltr'>Venit</span> <span class='ocrx_word' id='word_1_226' title='bbox 2178 2170 2250 2225; x_wconf 85' lang='lat' dir='ltr'>sd</span> <span class='ocrx_word' id='word_1_227' title='bbox 2284 2186 2386 2227; x_wconf 87' lang='lat' dir='ltr'>nos</span> <span class='ocrx_word' id='word_1_228' title='bbox 2421 2172 2748 2227; x_wconf 86' lang='lat' dir='ltr'>venerabilis</span> <span class='ocrx_word' id='word_1_229' title='bbox 2776 2211 2790 2224; x_wconf 93' lang='lat'><strong>.</strong></span> <span class='ocrx_word' id='word_1_230' title='bbox 2870 2212 2881 2224; x_wconf 94' lang='lat'><strong>.</strong></span> <span class='ocrx_word' id='word_1_231' title='bbox 2962 2213 2974 2225; x_wconf 90' lang='lat'><strong>.</strong></span> <span class='ocrx_word' id='word_1_232' title='bbox 3043 2174 3130 2227; x_wconf 86' lang='grc'>251</span> 
     </span>
     <span class='ocr_line' id='line_1_23' title="bbox 735 2258 3133 2330; baseline 0 -17"><span class='ocrx_word' id='word_1_233' title='bbox 735 2259 997 2315; x_wconf 74' lang='lat' dir='ltr'>Vacante</span> <span class='ocrx_word' id='word_1_234' title='bbox 1033 2259 1371 2314; x_wconf 84' lang='lat' dir='ltr'>Traiectensi</span> <span class='ocrx_word' id='word_1_235' title='bbox 1447 2297 1460 2311; x_wconf 92' lang='lat'><strong>.</strong></span> <span class='ocrx_word' id='word_1_236' title='bbox 1534 2296 1547 2310; x_wconf 91' lang='lat'><strong>.</strong></span> <span class='ocrx_word' id='word_1_237' title='bbox 1623 2297 1635 2309; x_wconf 93' lang='lat'><em>.</em></span> <span class='ocrx_word' id='word_1_238' title='bbox 1713 2297 1725 2310; x_wconf 93' lang='lat'><strong>.</strong></span> <span class='ocrx_word' id='word_1_239' title='bbox 1796 2258 1903 2313; x_wconf 88' lang='grc'>452</span> <span class='ocrx_word' id='word_1_240' title='bbox 1975 2258 2178 2329; x_wconf 88' lang='lat' dir='ltr'>Verba,</span> <span class='ocrx_word' id='word_1_241' title='bbox 2215 2275 2356 2329; x_wconf 87' lang='lat' dir='ltr'>quae</span> <span class='ocrx_word' id='word_1_242' title='bbox 2392 2261 2687 2330; x_wconf 84' lang='lat' dir='ltr'>scripsistis</span> <span class='ocrx_word' id='word_1_243' title='bbox 2778 2300 2792 2313; x_wconf 93' lang='lat'>.</span> <span class='ocrx_word' id='word_1_244' title='bbox 2869 2300 2883 2313; x_wconf 90' lang='lat'><strong>.</strong></span> <span class='ocrx_word' id='word_1_245' title='bbox 2962 2302 2976 2314; x_wconf 89' lang='lat'><strong>.</strong></span> <span class='ocrx_word' id='word_1_246' title='bbox 3041 2261 3133 2316; x_wconf 69' lang='grc'>418</span> 
     </span>
     <span class='ocr_line' id='line_1_24' title="bbox 736 2346 3132 2419; baseline 0 -16"><span class='ocrx_word' id='word_1_247' title='bbox 736 2346 1074 2403; x_wconf 76' lang='lat' dir='ltr'>Venerabilis</span> <span class='ocrx_word' id='word_1_248' title='bbox 1111 2363 1177 2402; x_wconf 81' lang='lat' dir='ltr'>sc</span> <span class='ocrx_word' id='word_1_249' title='bbox 1211 2346 1444 2401; x_wconf 71' lang='lat' dir='ltr'>dilectus</span> <span class='ocrx_word' id='word_1_250' title='bbox 1535 2385 1547 2398; x_wconf 93' lang='lat'>.</span> <span class='ocrx_word' id='word_1_251' title='bbox 1623 2386 1633 2397; x_wconf 92' lang='lat'><em>.</em></span> <span class='ocrx_word' id='word_1_252' title='bbox 1797 2347 1903 2401; x_wconf 90' lang='grc'>310</span> <span class='ocrx_word' id='word_1_253' title='bbox 1976 2348 2208 2403; x_wconf 85' lang='lat' dir='ltr'>Vestrae</span> <span class='ocrx_word' id='word_1_254' title='bbox 2245 2349 2452 2403; x_wconf 78' lang='lat' dir='ltr'>litteras</span> <span class='ocrx_word' id='word_1_255' title='bbox 2487 2349 2843 2419; x_wconf 77' lang='lat' dir='ltr'>benignitatis</span> <span class='ocrx_word' id='word_1_256' title='bbox 2870 2390 2882 2403; x_wconf 90' lang='lat'><strong>.</strong></span> <span class='ocrx_word' id='word_1_257' title='bbox 2963 2391 2973 2403; x_wconf 93' lang='lat'><strong>.</strong></span> <span class='ocrx_word' id='word_1_258' title='bbox 3041 2350 3132 2404; x_wconf 84' lang='grc'>378</span> 
     </span>
     <span class='ocr_line' id='line_1_25' title="bbox 734 2433 3132 2493; baseline 0.001 -3"><span class='ocrx_word' id='word_1_259' title='bbox 734 2435 1076 2491; x_wconf 76' lang='lat' dir='ltr'>Venerabilis</span> <span class='ocrx_word' id='word_1_260' title='bbox 1121 2434 1289 2490; x_wconf 84' lang='lat' dir='ltr'>frater</span> <span class='ocrx_word' id='word_1_261' title='bbox 1332 2443 1519 2490; x_wconf 85' lang='lat' dir='ltr'>noster</span> <span class='ocrx_word' id='word_1_262' title='bbox 1554 2433 1726 2489; x_wconf 77' lang='lat' dir='ltr'>abbas</span> <span class='ocrx_word' id='word_1_263' title='bbox 1797 2436 1903 2490; x_wconf 89' lang='grc'>552</span> <span class='ocrx_word' id='word_1_264' title='bbox 1977 2436 2373 2492; x_wconf 90' lang='lat' dir='ltr'>Villicationem</span> <span class='ocrx_word' id='word_1_265' title='bbox 2407 2443 2653 2492; x_wconf 83' lang='lat' dir='ltr'>nostram</span> <span class='ocrx_word' id='word_1_266' title='bbox 2691 2477 2704 2489; x_wconf 92' lang='lat'>.</span> <span class='ocrx_word' id='word_1_267' title='bbox 2779 2478 2793 2490; x_wconf 90' lang='lat'>.</span> <span class='ocrx_word' id='word_1_268' title='bbox 2869 2478 2885 2492; x_wconf 89' lang='lat'><strong>.</strong></span> <span class='ocrx_word' id='word_1_269' title='bbox 2960 2479 2974 2492; x_wconf 92' lang='lat'><strong>.</strong></span> <span class='ocrx_word' id='word_1_270' title='bbox 3040 2438 3132 2493; x_wconf 74' lang='lat'>543</span> 
     </span>
     <span class='ocr_line' id='line_1_26' title="bbox 735 2522 3130 2593; baseline 0 -14"><span class='ocrx_word' id='word_1_271' title='bbox 735 2524 1075 2580; x_wconf 80' lang='lat' dir='ltr'>Venerabilis</span> <span class='ocrx_word' id='word_1_272' title='bbox 1092 2522 1260 2579; x_wconf 69' lang='lat' dir='ltr'>stater</span> <span class='ocrx_word' id='word_1_273' title='bbox 1274 2528 1459 2578; x_wconf 88' lang='lat' dir='ltr'>noster</span> <span class='ocrx_word' id='word_1_274' title='bbox 1478 2524 1723 2593; x_wconf 75' lang='lat' dir='ltr'>I(ngrs.n-</span> <span class='ocrx_word' id='word_1_275' title='bbox 1976 2525 2126 2580; x_wconf 86' lang='lat' dir='ltr'>Visis</span> <span class='ocrx_word' id='word_1_276' title='bbox 2162 2526 2489 2581; x_wconf 79' lang='lat' dir='ltr'>sinceritatis</span> <span class='ocrx_word' id='word_1_277' title='bbox 2524 2532 2656 2581; x_wconf 84' lang='lat' dir='ltr'>tuae</span> <span class='ocrx_word' id='word_1_278' title='bbox 2688 2568 2698 2580; x_wconf 89' lang='lat'><strong>.</strong></span> <span class='ocrx_word' id='word_1_279' title='bbox 2779 2566 2793 2579; x_wconf 92' lang='lat'><strong>.</strong></span> <span class='ocrx_word' id='word_1_280' title='bbox 2870 2568 2883 2580; x_wconf 91' lang='lat'><strong>.</strong></span> <span class='ocrx_word' id='word_1_281' title='bbox 2959 2567 2973 2580; x_wconf 93' lang='lat'>.</span> <span class='ocrx_word' id='word_1_282' title='bbox 3040 2527 3130 2581; x_wconf 85' lang='grc'>331</span> 
     </span>
     <span class='ocr_line' id='line_1_27' title="bbox 807 2614 3132 2684; baseline 0 -15"><span class='ocrx_word' id='word_1_283' title='bbox 807 2615 932 2682; x_wconf 88' lang='lat' dir='ltr'>nus)</span> <span class='ocrx_word' id='word_1_284' title='bbox 1004 2652 1722 2667; x_wconf 92' lang='grc'><strong>.........</strong></span> <span class='ocrx_word' id='word_1_285' title='bbox 1799 2614 1898 2669; x_wconf 88' lang='grc'>171</span> <span class='ocrx_word' id='word_1_286' title='bbox 1978 2614 2326 2671; x_wconf 88' lang='lat' dir='ltr'>Voluntatem</span> <span class='ocrx_word' id='word_1_287' title='bbox 2363 2614 2585 2684; x_wconf 86' lang='lat' dir='ltr'>quidem</span> <span class='ocrx_word' id='word_1_288' title='bbox 2623 2615 2833 2672; x_wconf 85' lang='lat' dir='ltr'>domini</span> <span class='ocrx_word' id='word_1_289' title='bbox 2871 2656 2883 2669; x_wconf 94' lang='lat'>.</span> <span class='ocrx_word' id='word_1_290' title='bbox 2958 2655 2972 2669; x_wconf 91' lang='lat'><strong>.</strong></span> <span class='ocrx_word' id='word_1_291' title='bbox 3039 2615 3132 2670; x_wconf 77' lang='lat'>412</span> 
     </span>
    </p>
   </div>
  </div>
 </body>
</html>
