3319 5242
791 482 923 549 438
1458 498 1755 544 wmALm
1798 496 2170 544 EHSTOLAE
2212 494 2319 540 sos.
2357 493 2463 540 ³10.

462 647 688 732 115091-
711 673 760 680 -
793 641 1059 709 curastis
1074 689 1093 724 ,
1153 639 1449 725 quatinus
1496 639 1575 705 ad
1619 658 1841 725 pacem
1885 643 1951 705 et
1995 635 2390 704 concordiam
2434 634 2784 703 Mindensis
2840 631 3097 701 ecclesiae

460 720 593 773 1151
617 735 678 767 ω’
792 758 860 824 in
907 777 1097 824 causa
1138 755 1429 839 magistri
1459 753 1806 822 Godeboldi
1850 754 2299 836 laboraremus,
2346 753 2438 819 ita
2480 772 2649 819 nunc
2691 753 2762 818 in
2797 769 2978 817 causa
2999 748 3100 815 Re-

792 873 1093 958 genberni
1137 872 1405 955 benigno
1452 871 1651 938 adniti
1712 871 1919 937 studio
1967 869 2344 955 dignemini,
2399 889 2481 935 ne
2526 868 2677 954 quid
2732 869 2804 934 in
2849 888 2982 934 eum
3019 863 3101 931 vel

791 988 992 1076 ipsius
1038 988 1501 1075 possessionem
1545 992 1759 1075 preter
1804 987 1903 1052 ius
1963 991 2027 1051 et
2073 1005 2302 1071 equum
2347 984 2737 1050 admittatur.
2815 981 3104 1069 Siquidem

792 1105 1249 1173 ecclesiasticae
1294 1103 1722 1190 possessiones
1770 1102 2038 1170 seculari
2081 1104 2216 1169 iure
2259 1121 2384 1166 non
2425 1105 2573 1167 sunt
2603 1100 2963 1166 omnimodo
2986 1118 3105 1165 ceu·

791 1222 1051 1305 sendae3
1101 1226 1165 1288 et
1209 1220 1373 1286 sicut
1416 1220 1718 1286 canonica
1763 1219 1974 1286 clerici
2019 1219 2154 1285 iure
2199 1217 2360 1284 laico
2404 1216 2781 1301 regulariter
2816 1237 2945 1282 non
2972 1214 3107 1281 aoei-

787 1339 961 1426 pitur
975 1388 994 1423 ,
1050 1338 1144 1403 ita
1200 1337 1392 1403 etiam
1449 1356 1578 1403 non
1632 1334 1760 1401 nisi
1815 1336 2033 1402 ordine
2080 1335 2377 1401 canonico
2424 1331 2755 1400 amittitur.
2854 1331 3112 1421 Sapienti

789 1459 889 1520 sat
934 1454 1171 1520 dictum
1219 1457 1336 1536 est,
1383 1451 1531 1537 quia
1576 1451 1654 1517 de
1698 1453 1913 1537 parvis
1952 1450 2239 1519 odiorum
2266 1450 2561 1516 fomentis
2592 1451 2917 1518 maximae
2942 1450 3114 1516 inter·

789 1569 938 1637 dum
983 1567 1361 1637 inimiciciae
1405 1572 1471 1634 et
1511 1565 1744 1633 infiniti
1788 1568 2035 1635 labores
2083 1571 2501 1634 succrescunt.

796 1780 837 1852 3
852 1781 886 1850 1
900 1782 970 1852 O.
1009 1782 1325 1848 Wibaldus
1358 1781 1749 1848 &abulenses
1779 1783 2053 1862 con-sulit,
2101 1806 2252 1846 num
2283 1783 2368 1847 eis
2402 1805 2698 1868 praeesse
2727 1794 2933 1849 cesset.
2996 1780 3117 1847 Es-

1003 1899 1220 1985 pom't,
1280 1920 1391 1963 our
1446 1921 1524 1963 ex
1580 1921 1794 1963 eorum
1846 1899 2216 1963 monasterio
2271 1920 2336 1963 se
2394 1898 2555 1962 clam
2618 1899 2948 1964 Corbeu‘am
2997 1898 3120 1961 sub-

1014 2014 1278 2078 duxerit.
2809 2012 2926 2093 (M.
2960 2010 3119 2091 293.)

456 2158 685 2241 1150321.
711 2183 759 2189 —
968 2144 1191 2212 Frater
1220 2143 1597 2227 W(ibaldus)
1629 2144 1751 2211 Dei
1780 2145 1988 2229 gratia
2024 2144 2109 2229 id,
2157 2144 2323 2229 quod
2355 2147 2452 2211 est
2481 2146 2549 2211 in
2591 2144 2903 2212 aecclesia
2930 2145 3123 2212 catho-

456 2229 593 2283 ¹¹⁵¹
616 2245 678 2278 ω’
790 2263 934 2347 lica,
979 2261 1304 2344 R(oberto)
1351 2262 1586 2327 decano
1619 2266 1685 2327 et
1714 2261 1938 2327 ceteris
1972 2259 2359 2328 Stabulensis
2407 2260 2747 2329 aecclesiae
2787 2260 2968 2346 filiis,
3012 2260 3125 2347 spi·

790 2381 920 2447 ritu
964 2378 1211 2446 consilii
1259 2383 1323 2444 et
1365 2375 1754 2444 fortitudinis
1800 2377 2136 2444 abundare.

967 2494 1339 2562 Deliberare
1384 2493 1668 2577 cogimur
1712 2491 1791 2560 de
1826 2494 2018 2561 verbo
2064 2499 2131 2560 et
2173 2493 2252 2559 ad
2300 2490 2589 2560 effectum
2630 2493 2725 2560 rei
2770 2494 3125 2580 perducere,

793 2612 960 2699 quod
1008 2632 1155 2699 sepe
1200 2610 1269 2677 in
1314 2614 1625 2677 conventu
1670 2615 1880 2677 vestro
1925 2614 2231 2677 tractasse
2273 2630 2388 2676 nos
2419 2610 2641 2677 recolit
2667 2615 2890 2678 vestra
2914 2612 3127 2678 frater-

791 2730 960 2797 nitas
973 2779 992 2813 ,
1047 2726 1342 2795 videlicet
1386 2726 1552 2812 quod
1597 2727 1838 2794 duobus
1882 2727 2282 2794 monasteriis
2328 2731 2460 2793 tam
2502 2726 2688 2811 longe
2732 2728 3127 2808 distantibus,

792 2851 925 2912 tam
981 2844 1230 2930 amplae
1282 2843 1699 2930 possessionis
1757 2848 1822 2911 et
1876 2842 2154 2910 familiae
2208 2863 2463 2930 preesse
2518 2864 2924 2929 nequaquam
2972 2841 3130 2911 suffi-

792 2962 1024 3046 cimuS,
1079 2960 1228 3027 licet
1271 2961 1312 3026 a
1352 2959 1674 3043 magistris
1719 2959 2162 3027 aecclesiarum
2207 2964 2271 3026 et
2326 2979 2365 3025 a
2422 2959 2674 3025 domino
2725 2966 2953 3027 nostro
2996 2979 3129 3044 rege

792 3079 1193 3146 serenissimo
1251 3074 1592 3143 clementer
1649 3077 2109 3163 permittamur.
2181 3074 2428 3154 Quanta
2472 3076 2640 3142 enim
2684 3075 2943 3143 malitia
2985 3082 3131 3143 tem-

791 3195 1049 3281 poribus
1096 3194 1236 3260 istis
1283 3192 1641 3276 increverit,
1689 3191 1935 3277 quando
1980 3212 2098 3258 nec
2140 3213 2258 3279 per
2289 3190 2816 3259 aecclesiasticam
2864 3213 2991 3260 nec
3028 3211 3132 3279 per

793 3310 1139 3377 secularem
1182 3309 1501 3375 iusticiam
1547 3307 1947 3392 adiuvamur,
2004 3308 2385 3376 miserabilis
2427 3308 2712 3393 vexatio,
2773 3328 2945 3394 quae
2991 3308 3132 3375 coti·

793 3426 998 3492 dianis
1044 3426 1287 3511 rapinis
1334 3430 1400 3492 et
1440 3423 1903 3491 incursionibus
1949 3426 2401 3491 monasterium
2429 3424 2712 3492 vestrum
2758 3425 3040 3513 dissipat
3079 3430 3136 3490 et

795 3541 1051 3626 affligit,
1112 3542 1567 3629 experientiam
1611 3545 1890 3607 vestram
1936 3540 2292 3608 crudelibus
2346 3541 2737 3608 documentis
2780 3542 3135 3626 intelligere

791 3659 1094 3725 fecerunt.
1166 3657 1275 3725 Set
1321 3658 1484 3724 sicut
1528 3657 1607 3723 ad
1651 3657 1935 3741 regimen
1978 3655 2373 3724 Corbeiensis
2428 3658 2798 3723 monasterii
2843 3657 3133 3746 precipiti

796 3775 1136 3841 ambitione
1180 3794 1308 3840 non
1354 3772 1826 3856 declinavimus,
1873 3777 1970 3839 set
2012 3779 2160 3860 post
2202 3773 2483 3840 divinam
2525 3794 2642 3860 per
2677 3772 3012 3841 electionis
3041 3793 3135 3838 ca·

793 3891 1057 3958 nonicae
1099 3891 1356 3957 titulum
1400 3889 1793 3956 vocationem
1836 3894 2050 3956 vestra
2100 3891 2169 3955 in
2226 3890 2514 3956 omnibus
2567 3890 2953 3957 auctoritate
2999 3909 3134 3956 con·

795 4008 936 4075 silio
985 4013 1049 4074 et
1092 4008 1485 4073 ordinatione
1529 4006 1629 4072 usi
1673 4006 1941 4087 fuimus3
1989 4006 2080 4071 ita
2122 4025 2319 4089 nunc,
2365 4026 2580 4072 rerum
2624 4004 3039 4074 difficultates
3080 4009 3136 4071 et

793 4124 1076 4213 pericula
1105 4124 1369 4191 sollicite
1399 4127 1738 4209 pensantes
1770 4126 1834 4188 et
1862 4126 2038 4188 tanto
2069 4122 2333 4208 ponderi
2355 4123 2607 4209 penitus
2637 4123 3134 4204 succumbentes,

796 4242 877 4309 ad
931 4246 1298 4310 consuetum
1357 4223 1552 4306 vestri
1609 4237 1857 4305 consilii
1913 4237 2233 4305 oraculum
2288 4238 2662 4323 refugimus,
2717 4238 2897 4305 nullo
2957 4238 3133 4305 modo

795 4358 1174 4441 dubitantes,
1207 4356 1360 4442 quin
1389 4356 1527 4440 hoc,
1568 4354 1734 4440 quod
1763 4355 1831 4420 in
1859 4374 1930 4420 re
1960 4358 2093 4420 tam
2124 4355 2385 4441 ancipiti
2414 4360 2480 4421 et
2506 4356 2547 4421 a
2573 4359 2832 4421 nostrae
2861 4354 3134 4443 optionis

794 4476 1144 4561 capacitate
1193 4479 1327 4540 tam
1373 4476 1616 4539 remota
1659 4470 1840 4537 nobis
1888 4490 1928 4536 a
1967 4477 2214 4538 vestrae
2258 4471 2674 4537 fraternitatis
2719 4471 3132 4536 unanimitate

793 4591 987 4659 fuerit
1027 4590 1399 4673 iniunctum,
1448 4589 1486 4654 a
1529 4587 1745 4654 divina
1787 4587 1872 4654 sit
1913 4587 2347 4654 misericordia
2388 4592 2454 4655 et
2489 4586 2967 4673 dispensatione
2995 4606 3133 4674 pro-
