3319 5242
512 972 650 1028 1153

458 1046 584 1106 Sept.
607 1045 706 1093 Oct.

569 3301 706 3358 1153

739 433 873 503 560
1410 452 1709 499 wmALm
1741 450 2126 501 -nrls'rom
2168 452 2277 499 422.
2313 452 2422 498 423.

739 592 919 663 422.
962 593 1029 660 F
1017 595 1320 659 ridemus
1349 594 1394 660 I
1409 620 1523 660 rex
1562 596 1842 663 Wibaldo
1871 598 2098 678 scribit,
2146 596 2540 661 Friderieum
2581 599 2862 663 comitem
2896 596 3071 684 pala-

959 713 1154 775 tinum
1200 712 1258 775 ei
1303 712 1511 779 ablata
1554 715 1872 778 restituere
1914 714 2148 778 iussum
2194 736 2337 778 esse.
2411 711 2489 778 In
2534 714 2702 778 diem
2745 714 2785 778 1
2821 714 3074 779 Nouem-

961 830 1086 893 bris
1131 850 1269 892 eum
1319 828 1637 893 Coloniam
1682 841 1874 894 vocat.
2764 827 2878 910 (Μ.
2910 826 3074 908 399.)

915 957 1322 1042 F(ridericus)
1353 959 1474 1027 Dei
1514 963 1722 1045 gratia
1748 960 2177 1028 Romanorum
2204 982 2319 1028 rex
2352 961 2694 1043 W(ibaldo)
2726 960 3080 1029 Gorbeiensi

741 1075 952 1143 abbati
997 1078 1268 1160 gratiam
1315 1098 1495 1143 suam
1542 1083 1605 1145 et
1650 1098 1834 1144 omne
1880 1078 2134 1144 bonum.

918 1191 986 1258 Si
1040 1192 1359 1280 palatinus
1415 1214 1622 1261 comes
1682 1194 1761 1261 de
1819 1190 2303 1262 Sumerseburc¹
2360 1194 2442 1260 ad
2496 1195 2741 1261 curiam
2792 1194 3079 1275 venisset,

739 1309 1163 1395 correptiones
1219 1314 1283 1377 et
1332 1310 1551 1377 iudicii
1596 1312 1973 1377 sententiam
2016 1331 2134 1399 pro
2180 1310 2444 1394 iniuria,
2503 1330 2696 1396 quam
2740 1315 2893 1377 tuae
2940 1310 3082 1376 dile·

739 1425 933 1492 ctioni
982 1425 1203 1509 infert,
1260 1445 1390 1491 non
1436 1427 1932 1511 subterfugisset.
2024 1428 2330 1495 Attamen
2374 1427 2491 1494 sub
2535 1432 2804 1513 optentu
2849 1427 3086 1510 gratiae

738 1547 993 1609 nostrae
1039 1542 1097 1608 ei
1142 1542 1545 1629 precipiendo
1592 1544 2052 1628 mandavimus,
2098 1550 2189 1628 ut,
2234 1544 2527 1631 predium
2555 1543 2937 1610 Nienstede·
2976 1541 3083 1608 tibi

739 1659 1135 1744 resignando,
1184 1663 1248 1725 et
1289 1656 1679 1744 beneficium,
1727 1660 1892 1727 unde
1937 1661 2221 1727 homines
2264 1664 2405 1726 tuos
2437 1658 2701 1745 expulit,
2748 1658 2841 1725 eis
2870 1658 3086 1725 remit-

740 1775 958 1861 tendo,
1014 1794 1274 1861 prorsus
1328 1795 1367 1841 a
1412 1775 1505 1840 tui
1551 1780 1615 1842 et
1656 1780 1911 1842 tuorum
1954 1777 2391 1859 infestatione,
2449 1776 2613 1841 sicut
2657 1776 2936 1859 gratiam
2981 1794 3087 1840 no·

741 1896 940 1958 stram
985 1890 1295 1976 diligeret,
1340 1896 1632 1958 cessaret.
1775 1891 1875 1959 De
1918 1913 2218 1979 processu
2247 1912 2397 1959 vero
2442 1897 2659 1958 nostro
2706 1893 2894 1975 scias,
2945 1892 3087 1978 quia

739 2007 808 2074 in
851 2009 1011 2075 festo
1058 2008 1337 2073 omnium
1382 2003 1778 2075 sanctorum¹
1808 2008 2136 2076 Coloniam
2165 2010 2525 2090 veniemus3
2571 2006 2681 2074 ubi
2724 2008 2912 2075 nobis
2946 2028 3087 2094 pre·

741 2124 1010 2191 sentiam
1064 2131 1235 2191 tuam
1294 2124 1576 2192 exhiberi
1618 2125 2081 2192 desideramus.
2177 2125 2521 2211 Postquam
2578 2143 2728 2190 vero
2785 2122 3085 2190 familiari

739 2240 1042 2308 relatione
1085 2241 1350 2307 iniurias
1404 2246 1467 2309 et
1511 2222 1900 2324 gravamina·
1922 2246 2035 2307 tua
2075 2241 2312 2308 ibidem
2356 2240 2834 2325 cognoverimus
2850 2289 2870 2323 ‚
2933 2239 3086 2307 dile-

738 2358 935 2426 ctioni
976 2365 1122 2425 tuae
1168 2362 1231 2426 et
1274 2357 1631 2425 hominibus
1676 2363 1821 2425 tuae
1860 2364 2067 2429 terrae
2098 2357 2419 2424 evidenter
2448 2356 2872 2441 ostendemus,
2922 2356 3086 2441 quod

737 2494 855 2562 pro
900 2474 1123 2541 devoto
1173 2480 1236 2540 et
1280 2474 1575 2540 diuturno
1623 2473 1919 2559 obsequio
1963 2480 2094 2558 tu0,
2142 2473 2309 2560 quod
2340 2472 2521 2540 nobis
2553 2477 2618 2540 et
2642 2492 2842 2556 regno
2875 2472 3085 2538 hacte-

738 2610 858 2657 nus
886 2590 1272 2678 impendisti,
1303 2591 1651 2675 gratiosum
1682 2590 1850 2678 apud
1880 2609 1993 2657 nos
2022 2590 2304 2658 favorem
2325 2590 2395 2657 in
2419 2588 2709 2656 omnibus
2734 2589 3082 2676 optinuisti.

740 2705 1104 2793 Quicunque
1135 2709 1303 2774 enim
1334 2707 1736 2775 serenitatem
1764 2713 1936 2774 tuam
1967 2708 2036 2774 in
2068 2707 2276 2794 aliquo
2307 2706 2797 2791 conturbaverit,
2846 2707 3086 2790 gratiae

739 2828 994 2891 nostrae
1037 2822 1341 2892 offensam
1385 2844 1453 2892 se
1496 2822 1794 2891 incidisse
1838 2824 2057 2911 procul
2101 2824 2290 2891 dubio
2336 2828 2686 2908 cognoscet.

744 3035 841 3108 42
854 3035 922 3108 3.
968 3037 1290 3105 Odeln‘eus
1308 3040 1628 3127 episeopus
1638 3038 2254 3106 Halberstademibus
2265 3038 2336 3104 F
2323 3040 2660 3104 rides-ioum
2674 3041 3086 3126 conuitempa-

962 3156 1221 3222 latinum
1245 3157 1322 3221 de
1346 3156 1834 3243 Sumersenburq
1865 3157 2452 3222 excommunicatum
2471 3156 2732 3220 nuntiat.
2772 3152 2887 3234 (Μ.
2906 3155 3085 3234 406.)

919 3288 1292 3372 O(delricus)
1349 3287 1472 3355 Dei
1539 3288 1746 3372 gratia
1801 3288 2118 3355 modicum
2173 3288 2242 3354 id
2296 3287 2462 3373 quod
2518 3293 2615 3354 est
2670 3286 2903 3354 dilecto
2957 3287 3086 3353 filio

739 3403 1032 3491 E(rponi)
1102 3404 1335 3471 decano
1392 3406 1740 3490 ceterisque
1799 3404 2251 3471 archidiaconis
2309 3408 2374 3471 et
2429 3405 2776 3471 universali
2834 3413 3086 3473 sanctae

743 3519 1260 3587 Halberstadensi
1305 3521 1641 3588 aecclesiae
1688 3521 1955 3588 salutem
1999 3526 2062 3588 et
2105 3520 2522 3587 dilectionem.

918 3634 1147 3722 Liquet
1190 3637 1553 3704 discretioni
1585 3644 1853 3722 vestrae,
1900 3638 2065 3723 quod
2110 3637 2325 3704 domni
2355 3635 2705 3705 cardinales
2737 3638 2910 3704 sedis
2939 3658 3084 3725 apo-

744 3750 1000 3819 stolicae
1028 3752 1221 3837 legati
1249 3752 1479 3821 litteris
1510 3755 1641 3821 suis
1657 3751 1680 3784 ⁸
1711 3753 2065 3821 mandando
2094 3753 2275 3820 nobis
2304 3759 2740 3841 preceperunt,
2789 3756 3083 3840 quatinus

742 3868 1182 3952 F(ridericum)
1214 3868 1565 3956 palatinum
1594 3871 1888 3938 comitem
1918 3870 2201 3936 districte
2232 3889 2789 3954 commoneremus,
2825 3877 2899 3937 ut
2927 3872 3083 3937 bona

744 3985 1107 4055 Corbeiensi
1153 3986 1488 4054 aecclesiae
1534 3987 1747 4054 ablata
1787 3988 2150 4054 restitueret
2193 3990 2257 4052 et
2299 3987 2585 4054 homines
2631 3986 2918 4054 eiusdem
2953 4006 3082 4053 aee-

743 4104 969 4171 clesiae
1011 4105 1362 4190 inquietare
1407 4104 1766 4189 desisteret,
1815 4108 1907 4187 et,
1956 4103 2010 4169 si
2053 4107 2199 4189 post
2240 4108 2525 4169 nostram
2568 4104 3081 4171 ammonitionem

742 4220 908 4287 infra
965 4221 1228 4305 triginta
1283 4221 1416 4287 dies
1472 4220 1591 4286 hoc
1647 4240 1775 4286 non
1833 4218 2216 4306 adinpleret,
2274 4220 2574 4286 canonica
2630 4239 2777 4286 eum
2837 4218 3081 4286 iusticia

743 4354 1189 4405 coerceremus.
1250 4335 1509 4404 Litteris
1554 4338 1769 4422 itaque
1813 4335 2046 4402 nostris
2090 4335 2424 4419 diligenter
2468 4355 2507 4402 a
2534 4336 2724 4403 nobis
2748 4356 2946 4422 super
2973 4336 3080 4401 hoc

889 4493 930 4526 a.
971 4479 1220 4526 Hiensoede
1252 4498 1289 4526 e.

890 4566 939 4621 1.
975 4564 1307 4623 Fridericus.
1449 4567 1501 4622 2.
1538 4565 1681 4623 Nov.
1709 4565 1757 4621 1.
1902 4566 1956 4621 3.
1991 4578 2080 4637 ep.
2104 4564 2215 4621 414
2249 4579 2421 4635 supra
2449 4580 2505 4634 p.
2529 4565 2654 4622 552.
