3319 5242
946 480 1246 529 wmanm
1287 479 1663 529 merom
1706 479 1781 527 76.
1814 480 1890 528 74.
2464 465 2590 530 149

239 621 512 689 1161611616
576 621 870 689 abbatem
926 621 1282 710 venientem
1339 622 1421 688 ad
1476 622 1928 708 paternitatem
1983 626 2260 689 vestram
2317 623 2590 708 benigne
2645 628 2784 684 1147

235 737 454 805 soletis
511 740 795 824 recipere
840 744 905 805 et
946 738 1015 804 in
1059 739 1477 824 peticionibus
1524 739 1654 804 suis
1701 739 2041 806 clementer
2086 740 2417 823 exaudire,
2477 741 2588 807 ad·
2625 717 2665 750 ‘²'
2691 702 2803 750 Deo.

231 855 495 920 modum
553 854 939 938 exultamus;
997 860 1061 921 et
1111 861 1183 921 ut
1226 855 1520 940 deinceps
1563 854 1633 920 id
1677 856 1889 941 ipsum
1935 855 2183 922 faciatis
2196 906 2215 939 ‚
2275 857 2586 923 excelleu-

233 972 389 1039 tiam
446 976 729 1037 vestram
786 970 1123 1055 diligenter
1177 991 1493 1055 rogamus,
1572 970 1900 1055 Siquidem
1959 972 2058 1037 vir
2113 973 2234 1038 iste
2287 972 2355 1037 in
2412 977 2587 1039 terra

232 1093 455 1154 nostra
510 1092 811 1172 tanquam
865 1087 1049 1153 iubar
1104 1087 1391 1154 caelestis
1452 1086 1698 1173 syderis
1755 1086 2016 1168 effulsit3
2078 1089 2179 1154 cui
2237 1093 2302 1155 et
2345 1089 2583 1171 gratias

231 1224 346 1292 pro
391 1203 689 1287 vigilanti
735 1203 967 1286 studio,
1024 1223 1146 1288 quo
1192 1203 1259 1268 in
1305 1203 1608 1270 aecclesia
1651 1202 1773 1269 Dei
1817 1203 2084 1288 laborat,
2133 1204 2332 1287 agetis
2383 1209 2465 1288 et,
2511 1211 2586 1271 ut

232 1320 297 1386 in
340 1319 570 1386 eodem
613 1318 830 1386 labore
867 1318 1136 1385 viriliter
1182 1325 1246 1386 et
1288 1317 1558 1386 fideliter
1600 1325 1985 1405 perseveret,
2030 1319 2325 1387 fiduciam
2370 1325 2583 1387 vestra

233 1435 686 1502 ammonitione
740 1435 1125 1523 prestabitiS.
1193 1434 1359 1501 Nam
1412 1441 1749 1522 postquam
1792 1436 1871 1502 de
1915 1456 2108 1502 mauu
2153 1436 2368 1503 domni
2413 1438 2580 1520 regis

232 1551 354 1618 duo
383 1553 778 1619 monasteria
803 1552 1182 1618 feminarum
1213 1552 1475 1638 accepit,
1521 1551 1877 1618 Kaminada
1906 1552 2147 1619 scilicet
2176 1558 2240 1619 et
2263 1553 2580 1638 Visbicke,

233 1668 487 1735 divinae
531 1669 856 1752 religionis
902 1668 1291 1752 servitutem,
1341 1688 1503 1754 quae
1545 1688 1807 1754 prorsus
1851 1668 2010 1735 inibi
2057 1669 2433 1754 deperierat,
2481 1689 2586 1736 re-

231 1805 457 1871 parare
516 1789 582 1851 et
631 1785 973 1851 reformare
1019 1790 1321 1871 tanquam
1363 1783 1568 1851 fidelis
1615 1805 1833 1851 servus
1881 1790 1945 1852 et
1986 1786 2264 1871 prudens
2310 1784 2581 1852 multum

229 1901 495 1985 studuit,
544 1906 609 1968 et
651 1901 718 1966 in
762 1901 1200 1985 recolligendis
1244 1900 1769 1987 possessionibu8‚
1816 1920 1972 1985 quas
2015 1901 2337 1968 abbatissa
2364 1902 2581 1969 Kami-

226 2018 548 2102 natensis,
615 2016 855 2083 femina
917 2038 1366 2103 usquequaque
1427 2016 1971 2104 reprehensibilis,
2043 2017 2211 2084 inter
2268 2025 2582 2087 amatores

229 2155 378 2201 suos
426 2133 835 2221 disperserat,
879 2133 1224 2220 plurimum
1265 2134 1385 2200 hoc
1424 2153 1588 2200 anno
1607 2129 1623 2160 ¹
1651 2132 1966 2199 laboravit
2010 2139 2075 2199 et
2116 2134 2428 2201 adiutorio
2461 2135 2582 2203 Dei

227 2251 308 2318 ad
377 2251 699 2334 integrum
752 2249 884 2316 fere
942 2249 1220 2333 omnia,⁴
1258 2270 1419 2335 quae
1474 2249 1589 2316 illa
1643 2249 2057 2334 distraxerat,
2126 2251 2461 2336 requisivit
2518 2258 2583 2318 et

227 2368 450 2435 usibus
508 2366 921 2432 servientium
965 2365 1100 2432 Deo
1152 2366 1452 2433 restituit.
1522 2365 1727 2433 Huius
1771 2367 1971 2450 igitur
2013 2366 2286 2432 hominis
2331 2366 2578 2434 labores

227 2490 291 2551 et
334 2483 573 2567 studia,
621 2482 846 2568 quibus
893 2482 1199 2548 aecclesia
1226 2483 1295 2548 in
1324 2483 1558 2549 nostris
1587 2483 1878 2568 partibus
1909 2482 2255 2569 plurimum
2283 2483 2579 2568 indiguit,

225 2605 482 2668 vestrae
527 2599 850 2667 sanctitati
894 2619 1011 2666 1166
1058 2598 1223 2667 sicut
1268 2604 1332 2667 et
1375 2599 1569 2667 ceteri
1614 2599 1961 2667 confratres
2006 2601 2207 2667 nostri
2254 2605 2318 2667 et
2361 2620 2579 2669 omnes

224 2724 438 2786 terrae
492 2721 748 2783 nostrae
801 2716 1083 2800 religiosi
1126 2716 1638 2783 commendamus
1687 2722 1782 2800 et,
1840 2721 1912 2782 ut
1956 2737 2061 2783 eos
2108 2723 2320 2784 vestra
2365 2722 2580 2785 aucto-

222 2836 420 2901 ritate
466 2833 547 2899 ad
591 2837 959 2918 provectum
1007 2832 1305 2900 ecclesiae
1349 2832 1471 2899 Dei
1516 2831 1889 2899 confirmare
1919 2833 2287 2918 dignemini,
2335 2833 2577 2921 suppli—

222 2952 385 3019 citer
432 2949 852 3015 obsecramus.

226 3163 351 3235 74.
408 3167 474 3231 C.
510 3167 703 3231 abbas
740 3164 1291 3231 Grevenkerkensis
1317 3164 1607 3253 Euqem'o
1636 3163 1749 3231 HI
1766 3187 1986 3251 papae
2022 3163 2372 3230 Wibaldum
2415 3187 2577 3229 com·

405 3283 676 3347 mendac.
2296 3278 2407 3360 (Μ.
2442 3281 2576 3362 62.)

405 3412 801 3481 Universalis
857 3412 1157 3479 ecclesiae
1211 3433 1456 3479 summo
1514 3412 1801 3500 pontifici
1855 3412 2142 3497 Eugenio
2202 3412 2270 3479 C.
2318 3414 2576 3480 humilis
2633 3419 2771 3474 1147

216 3534 519 3601 minister
563 3529 863 3598 ecclesiae
907 3534 1163 3597 sauctae
1191 3528 1431 3597 Mariae
1474 3530 1541 3596 in
1573 3527 2063 3597 Grevenkerken
2104 3530 2379 3597 debitam
2408 3531 2579 3617 patri
2613 3508 2652 3540 ⁰’
2680 3493 2792 3541 Μ

213 3648 671 3719 obedientiam.

406 3763 785 3835 Exultamus
840 3763 909 3829 in
953 3761 1256 3845 Domino,
1315 3761 1481 3847 quod
1528 3761 2008 3828 dilectissimum
2052 3767 2301 3848 patrem
2347 3781 2421 3827 ac
2466 3761 2576 3827 do-

212 3884 472 3949 minum
537 3885 825 3948 nostrum
879 3877 1270 3962 wibaldum,
1338 3877 1763 3945 venerabilem
1819 3877 2215 3945 Corbeiensis
2277 3877 2575 3945 ecclesiae

212 3999 521 4067 abbatem
535 4047 555 4081 ‚
622 3998 693 4063 in
760 4000 1097 4084 conspectu
1162 4000 1372 4062 vestro
1439 3995 1713 4080 gratiam
1777 3995 2096 4061 invenisse
2149 3994 2575 4078 cognovimus,

212 4116 437 4182 virum
496 4114 743 4199 utique,
801 4113 879 4180 de
925 4112 1101 4179 cuius
1148 4091 1424 4178 adventu
1467 4110 1739 4178 multum
1783 4116 1955 4179 terra
1998 4117 2216 4177 nostra
2260 4109 2577 4177 illustrata

215 4237 313 4299 est
363 4236 442 4298 et
485 4231 564 4298 de
609 4230 786 4297 cuius
832 4229 1146 4295 industria
1190 4228 1516 4295 ecclesiam
1547 4227 1669 4294 Dei
1712 4227 1781 4294 in
1824 4228 2112 4314 partibus
2154 4227 2388 4294 nostris
2419 4228 2573 4293 satis

212 4349 343 4416 iam
410 4346 758 4434 profecisse
809 4351 874 4412 et
917 4345 1289 4431 ampliorem
1334 4344 1631 4430 deinceps
1678 4344 2030 4430 profectum
2074 4343 2434 4410 habituram
2478 4342 2574 4408 vi-

212 4464 469 4532 demus.
555 4462 675 4529 Est
741 4462 974 4528 etenim
1041 4461 1140 4528 vir
1206 4465 1339 4527 tam
1402 4462 1472 4528 in
1539 4481 1656 4527 sua
1709 4460 2182 4531 conversatione
2236 4459 2570 4545 religiosus

362 4597 420 4656 1.
464 4594 500 4652 i.
525 4609 573 4655 6.
610 4610 755 4654 anno
794 4593 949 4655 1147.
