3319 5242
951 433 1249 481 wmALm
1290 432 1665 481 amsa-omn
1707 431 1783 480 ss.
1814 431 1890 480 ss.
2333 503 2338 510 ·
2463 415 2588 482 159

238 572 670 642 membrorum
713 573 1113 642 deformitate
1158 574 1240 640 ad
1286 575 1707 642 sacerdotium
1749 595 1879 641 non
1921 579 2175 662 poterat
2207 576 2583 662 promoveri.
2635 580 2775 636 1148

236 690 531 776 Ideoque,
581 691 748 775 quod
792 711 983 778 super
1029 691 1162 758 eius
1210 690 1509 758 electione
1554 692 1790 758 factum
1836 696 1962 776 est,
2017 692 2390 759 auctoritate
2435 712 2587 780 apo-
2620 656 2729 714 Apr.
2754 655 2782 701 8

235 807 461 874 stolica
505 807 578 872 in
619 806 873 873 irritum
917 807 1315 891 deducentes,
1369 807 1729 892 monachos,
1777 807 2038 875 clericos
2084 809 2163 876 ab
2209 808 2585 893 obedientia,

236 930 297 991 et
348 923 555 990 laicos
614 923 653 990 a
706 921 1043 1007 fidelitate,
1107 944 1297 1009 quam
1353 924 1413 990 ei
1466 924 1690 991 fecisse
1747 931 2122 1009 noscuntur,
2181 924 2584 992 absolvimus.

235 1039 641 1127 Quapropter
701 1060 815 1126 per
871 1040 1192 1127 presentia
1244 1040 1422 1107 vobis
1479 1041 1716 1127 scripta
1770 1040 2144 1107 mandamus
2201 1046 2388 1127 atque
2441 1061 2587 1128 pre-

233 1157 511 1245 cipimus
526 1206 545 1241 ,
603 1156 895 1243 quatinus
943 1157 1020 1223 de
1066 1156 1188 1222 alio
1235 1156 1507 1223 claustro
1522 1206 1541 1241 ,
1589 1157 1850 1223 consilio
1898 1156 2269 1252 dilectorum
2311 1156 2585 1224 filiorum

231 1278 605 1340 nostrorum
646 1272 828 1340 Adae
869 1272 1276 1357 Ebracensis,
1335 1272 1863 1358 Eberbachensis,
1925 1272 2384 1358 Herfeldensis,
2432 1273 2585 1340 Cor-

233 1389 515 1458 beiensis
546 1388 865 1474 abbatum,
911 1409 1245 1476 personam
1278 1388 1657 1474 religiosam,
1706 1389 2062 1475 discretam,
2106 1389 2471 1474 litteratam,
2518 1391 2583 1455 in

232 1505 537 1574 abbatem
602 1506 780 1573 vobis
849 1505 1142 1572 invocata
1199 1506 1414 1572 divina
1467 1506 1677 1590 gratia
1744 1506 2024 1590 eligatis,
2089 1527 2204 1593 per
2272 1526 2461 1591 quam
2518 1507 2585 1572 in

229 1628 447 1691 vestro
509 1621 784 1689 claustro
839 1621 1162 1706 religionis
1214 1622 1455 1706 fervor,
1516 1623 1624 1707 qui
1671 1624 1943 1708 peccatis
1991 1623 2382 1708 exigentibus
2427 1622 2586 1689 inibi

229 1739 522 1828 tepuisse
567 1738 932 1822 dinoscitur,
978 1739 1188 1805 valeat
1232 1739 1517 1825 reparari
1563 1743 1625 1805 et
1669 1739 1861 1806 verbo
1909 1740 2044 1806 eius
2091 1760 2164 1806 ac
2209 1739 2408 1807 bonae
2437 1759 2584 1806 con-

230 1855 616 1923 versationis
674 1855 961 1942 exemplo
1018 1856 1223 1942 possit
1277 1855 1507 1921 futuris
1563 1855 1954 1942 temporibus
2007 1857 2327 1923 custodiri.
2420 1855 2586 1924 Data

230 1965 452 2041 Remis
501 1972 544 2038 6
590 1969 740 2038 Idus
784 1970 1047 2057 Aprilis.

413 2087 622 2173 Igitur
638 2083 655 2114 ¹
677 2107 794 2153 nos
823 2086 1051 2153 fratres
1074 2085 1125 2152 F
1128 2086 1418 2154 uldenses
1444 2087 1842 2153 obsecramus
1868 2089 2267 2155 sanctitatem
2289 2094 2585 2174 vestram,

232 2203 468 2273 domne
499 2203 664 2271 abba
683 2201 991 2288 wibalde,
1031 2205 1325 2289 quatinus
1360 2225 1453 2289 ea,
1489 2225 1648 2289 quae
1679 2204 1877 2270 frater
1904 2209 2121 2271 noster
2147 2202 2584 2272 Heremannus

230 2319 656 2405 camerarius,
708 2319 1105 2407 presentium
1149 2319 1347 2404 lator,
1392 2320 1540 2386 viva
1584 2340 1737 2388 voce
1781 2320 1959 2387 vobis
2005 2322 2417 2407 suggesserit,
2465 2321 2583 2388 im-

230 2436 410 2525 plere
457 2457 587 2504 non
632 2436 1076 2522 dedignemini.

239 2667 362 2740 86.
413 2670 743 2759 Euqenius
793 2667 906 2737 III
952 2693 1134 2758 papa
1188 2668 1561 2754 Ebracensi,
1630 2668 2080 2753 Eberbacensi‚
2138 2669 2582 2756 Herffetdensi,

418 2787 771 2853 Corbeiensi
816 2787 1136 2852 abbatibus
1176 2787 1455 2866 mandat,
1502 2797 1573 2851 ut
1616 2788 1855 2853 abbatis·
1900 2788 2166 2875 eliyendt‘
2208 2811 2399 2853 cauea
2426 2786 2581 2854 Ful-

416 2904 568 2969 dam
613 2905 991 2967 conveniant.
2302 2901 2410 2985 (M.
2445 2903 2581 2986 69.)

411 3035 737 3120 Eugenius
785 3035 1116 3121 episcopus
1160 3054 1377 3101 servus
1423 3055 1751 3101 servorum
1783 3034 1905 3102 Dei
1950 3034 2195 3102 dilectis
2237 3033 2385 3103 filiis
2415 3035 2579 3104 Ebe-
2628 3047 2766 3101 1148

235 3146 539 3236 racensi',
583 3151 1069 3236 Aeverbacensi,
1116 3146 1579 3217 Hersfeldensi⁸
1611 3156 1675 3218 et
1703 3150 2066 3219 Corbeiensi
2108 3151 2438 3219 abbatibus
2479 3173 2579 3219 sa·
2612 3121 2721 3179 ²³⁹⁶
2749 3121 2777 3167 ⁸

230 3266 432 3337 lutem
480 3272 546 3334 et
590 3267 998 3354 apostolicam
1043 3267 1562 3334 benedictionem.

412 3385 490 3452 In
548 3384 929 3471 apostolicae
984 3384 1151 3450 sedis
1198 3382 1453 3470 specula
1498 3383 1869 3470 disponente
1913 3383 2185 3451 Domino
2233 3386 2579 3472 constituti,

236 3500 529 3570 omnibus
574 3500 798 3566 mundi
844 3500 1161 3567 aecclesiis
1177 3551 1196 3585 ,
1253 3504 1386 3575 tam
1434 3499 1656 3566 vicinis
1705 3521 1894 3586 quam
1936 3500 2121 3585 longe
2168 3502 2422 3588 positis,
2472 3525 2579 3571 ex-

237 3625 375 3685 acta
430 3615 765 3701 diligentia
817 3616 1148 3703 providere
1204 3615 1657 3703 compellimur.
1752 3614 1912 3695 Quia
1956 3637 2105 3684 vero
2157 3618 2385 3686 fratres
2430 3618 2580 3686 Ful-

238 3734 447 3802 densis
516 3733 888 3799 monasterii
952 3738 1171 3798 contra
1227 3732 1717 3819 prohibitionem
1772 3740 2051 3799 nostram
2111 3755 2446 3821 personam
2502 3738 2579 3804 de

238 3849 509 3918 claustro
568 3849 826 3936 proprio
881 3847 1232 3932 elegerunt,
1296 3852 1360 3916 et
1402 3848 1813 3936 prepediente
1859 3849 2253 3919 deformitate
2298 3853 2579 3940 corporis

239 3967 313 4033 ad
356 3965 785 4033 sacerdotium
822 3965 1156 4032 ascendere
1185 3985 1314 4030 non
1345 3964 1632 4049 debebat,
1682 3966 1849 4051 quod
1879 3966 1954 4033 de
1987 3987 2058 4033 eo
2089 3968 2324 4034 factum
2349 3969 2578 4054 suerat,

238 4080 299 4150 in
340 4083 600 4149 irritum
645 4080 958 4147 duximuS.
1029 4080 1125 4149 Ne
1169 4082 1363 4166 igitur
1409 4081 1627 4148 eadem
1676 4082 1978 4149 aecclesia
2016 4103 2131 4170 pro
2164 4086 2438 4171 pastoris
2471 4086 2579 4153 ab·

241 4200 437 4267 sentia
497 4204 633 4264 tam
684 4198 753 4263 in
798 4197 1230 4284 spiritualibus
1280 4217 1468 4283 quam
1513 4198 1581 4263 in
1627 4196 2077 4285 temporalibus
2123 4200 2343 4284 gravia
2387 4201 2578 4268 detri-

241 4321 450 4383 menta
495 4313 826 4397 sustineat,
869 4335 984 4402 per
1014 4315 1335 4401 presentia
1363 4313 1541 4380 vobis
1573 4314 1813 4402 scripta
1841 4315 2234 4403 mandamuS,
2283 4318 2577 4403 quatinus

244 4540 286 4597 a
323 4456 426 4600 HI.
464 4454 551 4510 De
574 4453 681 4512 hoc
705 4454 1062 4512 Fuldensium
1086 4453 1461 4513 additamento
1501 4454 1570 4512 cf.
1598 4456 1891 4527 epistolam
1917 4456 2021 4512 114
2043 4454 2204 4514 infra.
2311 4459 2365 4514 2.
2398 4456 2575 4516 Adae.

375 4543 601 4601 einrico.
