3319 5242
929 438 1225 487 wmALm
1267 438 1638 488 nrls'romn
1684 438 1788 486 1⁷3.
1828 440 1931 488 174.
2469 429 2599 495 295

268 578 514 663 quidem
548 578 713 645 ullus
742 580 963 647 doctus
995 586 1061 646 et
1087 581 1385 648 honestus
1413 581 1605 649 fidem
1633 584 2104 651 accommodare
2133 585 2349 652 voluit.
2442 587 2601 653 Cum
2638 593 2775 649 1149

267 694 346 759 ad
390 695 890 777 eognosoendum
948 696 1102 763 haec
1157 702 1221 764 et
1265 697 1392 764 alia
1435 699 1733 784 quedam,
1790 719 1981 786 super
2035 702 2259 786 quibus
2315 704 2383 769 in
2428 709 2491 770 te
2539 712 2602 771 et

263 830 378 875 nos
421 815 560 875 tota
602 811 835 877 elamat
876 813 1221 898 provincia,
1267 815 1607 881 seeundum
1646 815 1922 898 priorem
1965 821 2334 885 monasterii
2377 821 2598 898 nostri,

256 2670 435 2740 174.
476 2672 794 2739 Wibaldus
840 2674 1298 2740 Corbet‘emt'bus
1340 2675 1668 2765 siqmflcat,
1715 2697 1843 2739 sese
1888 2673 1968 2738 H.
2002 2685 2059 2738 et
2101 2677 2176 2738 A.
2223 2675 2595 2740 ministeria·

479 2788 639 2854 libus
685 2790 1142 2855 corbeiensibus
1181 2792 1454 2876 qratiam
1499 2790 1705 2855 delicti
1732 2790 1978 2876 fecisse.
2291 2786 2399 2867 (M.
2423 2789 2595 2870 158.)

430 2919 659 2988 Frater
701 2919 1075 3003 W(ibaldus)
1121 2921 1242 2988 Dei
1298 2921 1504 3004 gratia
1548 2920 1945 2988 Corbeiensis
2002 2921 2196 2988 abbas
2240 2921 2483 2988 dilectis
2528 2922 2595 2987 in
2633 2925 2771 2983 1149

244 3038 507 3106 Christo
561 3037 861 3104 fratribus
907 3042 972 3104 et
1014 3036 1160 3103 filiis
1204 3036 1684 3103 Corbeiensibus
1729 3037 2052 3102 monachis
2098 3036 2596 3104 benedictionem

244 3161 311 3225 et
355 3155 560 3221 vitam
604 3174 801 3239 usque
844 3153 912 3219 in
957 3151 1252 3220 seculum.

434 3270 771 3337 Venientes
817 3268 897 3335 ad
940 3290 1054 3336 nos
1101 3267 1436 3335 Stabulaus
1482 3268 1925 3335 ministeriales
1961 3267 2354 3335 Corbeiensis
2402 3266 2594 3333 ecole—

245 3389 387 3455 siae
432 3385 514 3453 H.
563 3391 627 3452 et
668 3387 770 3470 A„
825 3386 953 3471 qui,
998 3389 1070 3450 ut
1112 3386 1333 3470 nostiS,
1381 3406 1570 3471 equos
1614 3390 1865 3451 nostros
1912 3385 2076 3470 apud
2124 3382 2451 3450 Corbeiam
2497 3384 2594 3449 fu-

244 3505 376 3571 rati
423 3497 728 3587 fuermt',
776 3522 844 3568 se
888 3521 1062 3568 more
1106 3503 1311 3585 gentis
1356 3522 1506 3568 suae
1551 3502 1898 3585 evaginatis
1943 3499 2170 3584 gladiis
2215 3501 2281 3566 in
2315 3501 2593 3567 maximo

244 3618 477 3707 populi
520 3623 828 3684 conventu
871 3623 1125 3684 nostrae
1169 3618 1632 3684 misericordiae
1678 3616 2052 3685 dediderunt
2095 3623 2160 3684 et
2201 3617 2382 3683 nobis
2426 3618 2594 3684 vitae

245 3735 551 3819 necisque
595 3753 744 3801 suae
786 3738 1163 3820 potestatem
1207 3733 1620 3800 tradiderunt.
1685 3733 1822 3812 Qua
1864 3733 2220 3801 humilitate
2252 3739 2315 3799 et
2341 3733 2594 3799 insolito

245 3851 502 3921 ensium
557 3850 911 3937 spectaculo
969 3870 1086 3916 nee
1139 3870 1264 3916 non
1318 3848 1533 3917 labore
1587 3849 1890 3934 longioris
1945 3851 2115 3934 viae,
2176 3871 2366 3937 super
2422 3851 2593 3937 ipsos

245 3966 646 4051 miserando,
703 3967 975 4053 permoti
1020 3965 1424 4033 stabulenses
1478 3967 1680 4032 nostri
1730 3972 1863 4033 tam
1906 3968 2166 4050 fratres,
2225 3966 2333 4051 qui
2379 3986 2593 4031 omnes

244 4086 316 4151 in
375 4082 642 4151 ecelesia
694 4087 1017 4169 presentes
1070 4083 1362 4166 aderant,
1418 4103 1606 4169 quam
1650 4082 2093 4150 ministeriales
2139 4081 2437 4149 eeclesiae
2482 4101 2592 4146 no-

246 4208 455 4283 strae,
515 4219 780 4286 qnorum
834 4198 1114 4265 maxima
1165 4219 1314 4286 pars
1374 4198 1499 4265 alia
1542 4200 1620 4267 de
1664 4220 1855 4267 eausa
1896 4200 1977 4266 ad
2021 4218 2134 4264 nos
2182 4218 2258 4263 ea
2301 4196 2403 4263 die
2447 4215 2593 4262 eon-

248 4322 537 4400 veneran
582 4335 726 4382 eum
767 4316 1010 4401 ingenti
1053 4336 1310 4403 precum
1356 4315 1661 4382 instantia
1704 4314 1871 4402 apud
1915 4334 2032 4381 nos
2075 4313 2224 4379 lieet
2264 4312 2497 4378 invitos
2530 4318 2594 4378 et

401 4471 441 4504 ι
483 4457 567 4505 tibi
600 4459 781 4507 admi.
906 4459 951 4505 b.
994 4457 1080 4505 tibi
1114 4458 1298 4505 adasai.

399 4545 452 4601 1.
486 4543 935 4617 Eruburgensis.
1074 4545 1129 4601 2.
1168 4544 1307 4601 1148
1341 4544 1478 4602 Deo.
1501 4544 1587 4600 29.
1627 4544 1699 4599 V.
1722 4558 1810 4614 ep.
1836 4542 1939 4598 149
1976 4557 2143 4613 supra
2176 4557 2231 4613 p.
2255 4542 2378 4599 230.
