3319 5242
726 385 859 452 260
1491 402 1788 448 wmALm
1832 401 2160 449 nmsrrom
2205 399 2310 447 155.

552 549 689 604 1149
724 565 867 610 rum
925 543 1087 609 sicut
1131 549 1398 627 quatuor
1442 542 1536 607 illi
1581 543 1808 610 fratres
1855 541 1929 609 G.
1978 541 2040 608 S.
2085 543 2164 608 A.
2206 541 2302 610 W.
2318 592 2339 626 ,
2388 548 2604 609 sancto
2650 546 2716 607 et
2758 539 3054 607 catholico

723 658 848 727 fine
905 659 1306 741 decedenteS,
1365 659 1499 744 spei
1558 664 1623 725 et
1680 658 1944 725 fiduciae
2001 659 2220 745 plenos
2280 659 2359 724 ad
2406 656 2794 741 sequendum
2838 676 2905 722 se
2947 677 3053 721 nos

725 780 1240 862 provocaverunt,
1286 775 1377 840 ita
1421 774 1524 840 hic
1569 780 1888 841 extremus
1925 776 2120 842 frater
2149 775 2249 857 E.,
2293 776 2394 840 vir
2439 774 2692 859 quidem
2721 775 3054 858 castigatae

723 892 891 958 vitae
951 898 1015 959 et
1065 897 1235 957 totus
1290 890 1360 956 in
1415 890 1550 974 lege
1596 891 1717 957 Dei
1765 893 1862 956 sui
1909 892 2010 957 die
2057 911 2131 957 ac
2173 897 2389 973 nocte,
2451 890 2519 955 in
2566 891 2838 975 quadam
2881 896 3055 975 parte

714 2747 1090 2814 vindicanda
1132 2755 1196 2816 et
1241 2749 1517 2815 avaricia
1560 2748 1923 2814 cohibenda.

890 2864 1128 2931 Rumor
1183 2864 1259 2930 de
1302 2864 1483 2930 nobis
1528 2884 1731 2949 nuper
1777 2867 2100 2949 acceptus,
2157 2863 2265 2947 qui
2309 2882 2421 2928 vos
2468 2861 2546 2929 de
2591 2862 2795 2928 salute
2840 2869 3061 2929 nostra

714 2979 1014 3046 sollicitos
1082 2980 1506 3064 conturbavit,
1578 3001 1657 3046 ex
1714 2984 1894 3065 parte
1950 2999 2134 3045 verus
2192 2983 2288 3044 est
2345 2983 2411 3045 et
2465 2999 2540 3044 ex
2598 2984 2781 3064 parte
2837 2978 3060 3045 falsus,

713 3096 960 3162 Damno
1008 3097 1176 3163 enim
1222 3096 1539 3180 aliquanto
1588 3101 1652 3163 et
1689 3097 1932 3179 ingenti
1960 3095 2193 3161 iniuria
2223 3093 2429 3160 affecti
2459 3115 2694 3176 sumne,
2742 3094 2877 3160 Deo
2908 3116 3062 3181 pro-

712 3213 877 3297 picio
913 3233 1125 3278 rerum
1154 3213 1571 3279 humanarum
1601 3213 1801 3278 vicem
1833 3212 2236 3297 dispensante
2266 3218 2330 3277 et
2356 3217 2668 3277 tumorem
2700 3211 3060 3297 superbiae,

713 3328 821 3412 qui
867 3328 944 3394 de
988 3349 1318 3395 munerum
1366 3349 1621 3395 suorum
1666 3327 1943 3393 mirabili
1988 3326 2319 3393 collatione
2363 3328 2537 3392 nasci
2581 3332 2854 3413 poterat,
2901 3348 3060 3412 qua-

711 3442 860 3508 dam
889 3444 1250 3511 interiectae
1282 3444 1720 3510 amaritudinis
1749 3444 2173 3529 temperantia
2195 3443 2596 3529 reprimente,
2645 3447 2718 3508 ut
2743 3443 3062 3509 veraciter

711 3557 868 3624 illud
914 3561 1139 3625 cantici
1185 3560 1605 3626 canticorum·
1650 3560 1856 3625 dic-ere
1891 3560 2238 3646 possimus:
2287 3560 2654 3625 Fasciculus
2684 3563 2921 3625 oni-rrae
2950 3563 3058 3624 di-

712 3676 897 3740 lectus
951 3699 1120 3741 meus
1171 3679 1331 3742 mihi
1339 3672 1380 3741 ².
1474 3676 1710 3742 Verum
1756 3676 1921 3761 quod
1966 3677 2005 3742 a
2047 3675 2264 3762 paucis
2309 3675 2655 3741 latronibus
2702 3675 3059 3761 desperatis

709 3791 1111 3857 commissum
1156 3797 1252 3858 est
1261 3787 1304 3876 ³,
1350 3797 1524 3858 tanto
1571 3792 1915 3858 ulciscendi
1958 3792 2166 3858 studio
2212 3793 2252 3858 a
2294 3792 2517 3858 ceteris
2563 3791 2886 3873 omnibus»,
2943 3793 3059 3874 qui

709 3905 894 3973 fidem
940 3928 1120 3974 suam
1166 3916 1231 3975 et
1276 3908 1671 3975 devotionem
1701 3928 1952 3975 servare
1984 3908 2361 3990 desiderant,
2409 3908 2721 3994 expiatur,
2769 3913 2840 3973 ut
2869 3906 3061 3973 valde

707 4023 984 4089 divinam
1015 4024 1317 4092 offensam
1348 4024 1845 4108 reformidemuS,
1891 4023 2136 4090 nullum
2175 4023 2429 4090 interim
2461 4022 2717 4089 honoris
2752 4024 2854 4090 vel
2884 4022 3058 4089 salu-

707 4140 790 4206 tis
821 4140 1170 4226 periculum
1205 4141 1604 4207 sustinentes.
1653 4139 1885 4207 Potens
1920 4146 2129 4207 autem
2165 4146 2263 4206 est
2290 4140 2484 4223 DeuS,
2521 4141 2597 4206 de
2629 4140 2728 4206 his
2758 4139 3057 4206 omnibus

706 4277 819 4323 nos
866 4258 1205 4324 clementer
1251 4258 1492 4342 eripere
1539 4262 1602 4322 et
1646 4257 1729 4322 ad
1774 4277 1883 4322 vos
1936 4262 2221 4343 tempore
2265 4261 2519 4343 accepto
2562 4256 2881 4323 reducere.

850 4404 891 4437 a.
936 4392 1211 4437 canticorum
1244 4392 1521 4437 canticorum
1553 4409 1591 4435 c.

848 4478 899 4532 1.
936 4476 1019 4534 cf.
1044 4478 1204 4533 Iosue
1230 4477 1278 4546 7,
1308 4480 1354 4532 1.
1452 4479 1501 4531 2.
1544 4478 1702 4533 Cant.
1733 4478 1777 4540 1,
1808 4478 1892 4531 12.
1989 4477 2040 4530 3.
2087 4478 2219 4530 1148
2245 4475 2376 4531 Dec.
2397 4475 2484 4531 29.
2512 4475 2582 4531 V.
2602 4491 2691 4546 ep.
2721 4476 2820 4531 149
2844 4492 2897 4545 p.
2916 4474 3055 4529 230.
