3319 5242
1048 455 1479 505 Tmsnmm
1526 456 1581 503 S.
1612 457 1754 504 vrn
2527 439 2570 504 9

247 598 497 665 maxime
555 597 983 665 venerabilem
1038 599 1247 664 virum
1291 596 1653 681 Walonem,
1724 598 1832 683 qui
1897 599 2094 664 frater
2150 603 2286 664 erat
2339 598 2571 685 prioris
2607 602 2714 658 814

246 714 576 781 Adalhardi
633 720 698 781 et
751 715 819 780 in
865 715 1085 782 diebus
1131 713 1347 780 Karoli
1392 714 1791 801 imperatoris
1836 735 2110 798 magnae
2145 714 2354 781 fuerat
2395 720 2572 801 pote-

247 831 436 914 statis,
494 831 820 915 omnibus,
878 832 986 916 qui
1042 835 1223 897 erant
1278 832 1347 897 in
1403 831 1641 918 palatio
1687 830 2169 897 venerabiliores
2182 840 2224 914 ⁸,
2281 835 2344 896 et
2402 830 2575 896 omni

244 947 588 1033 provinciae
635 946 1019 1014 Saxonieaeb
1072 946 1391 1035 praelatus
1408 997 1427 1030 ,
1487 947 1597 1013 sed
1655 952 1726 1012 ut
1778 946 2145 1034 praescivit,
2207 945 2374 1031 quod
2429 966 2574 1012 eum

246 1063 484 1148 quidam
529 1064 831 1130 infestare
875 1062 1128 1147 vellent,
1176 1069 1248 1130 ut
1278 1068 1664 1146 accusarent,
1709 1068 1965 1150 portum
1994 1061 2362 1129 monasterii
2389 1062 2576 1150 petiit

243 1178 436 1265 ibique
481 1199 628 1246 cum
671 1180 872 1246 multo
916 1180 1122 1247 studio
1168 1178 1473 1246 Domino⁶
1521 1179 1760 1245 servire
1811 1179 2104 1245 decrevit.
2174 1178 2358 1245 Hunc
2391 1199 2573 1266 prae-

243 1294 389 1362 fatus
439 1296 607 1362 abba
649 1296 1214 1363 familiarissimum
1242 1296 1482 1362 habuit.
1552 1296 1803 1362 Interea
1830 1296 2193 1362 recordatus
2224 1296 2361 1382 ipse
2392 1295 2574 1379 abba,

244 1411 479 1496 qualem
523 1412 700 1499 prior
730 1412 1130 1479 Adalhardus
1175 1412 1396 1477 habuit
1424 1411 1810 1478 voluntatem
1843 1412 1921 1477 de
1950 1412 2411 1479 constructione
2440 1432 2576 1478 mo-

240 1528 491 1595 nasterii
547 1528 617 1594 in
663 1527 974 1594 Saxoniae
1017 1528 1305 1615 partibus
1320 1576 1340 1611 ,
1395 1527 1617 1595 habuit
1661 1528 1992 1594 consilium
2038 1548 2180 1594 cum
2227 1528 2576 1595 senioribus

242 1643 532 1711 fratribus
576 1649 640 1711 et
680 1664 824 1710 cum
852 1643 972 1727 his,
1020 1645 1129 1729 qui
1161 1644 1239 1712 ab
1269 1644 1396 1710 illis
1427 1645 1714 1731 partibus
1744 1649 2066 1728 venerant,
2115 1644 2195 1710 ad
2225 1650 2578 1711 extremum

242 1779 367 1826 cum
413 1760 594 1827 omni
623 1761 1126 1846 congregatione,
1173 1760 1442 1846 qualiter
1471 1760 1590 1827 hoc
1620 1762 1701 1827 ad
1731 1762 2076 1848 perfectum
2090 1760 2113 1797 ‘¹
2143 1761 2575 1828 adduceretur.

242 1876 578 1963 visumque
626 1883 724 1944 est
768 1877 1076 1961 omnibuS,
1120 1877 1361 1943 iustum
1407 1898 1564 1960 esse,
1608 1881 1683 1942 ut
1724 1877 1887 1943 hanc
1930 1898 2065 1944 rem
2110 1877 2417 1944 indicaret
2457 1877 2578 1944 im-

241 1995 529 2079 peratori,
578 1999 651 2059 ut
696 2013 840 2060 cum
884 1992 1019 2059 eius
1064 1992 1245 2060 fieret
1286 1994 1553 2080 imperio
1602 1999 1667 2060 et
1710 1993 2050 2060 voluntate.

402 2110 678 2177 Factum
734 2115 833 2177 est
888 2114 1100 2176 autem
1146 2110 1364 2176 eodem
1408 2115 1693 2196 tempore
1708 2159 1727 2193 ,
1784 2114 1854 2175 ιιι
1898 2110 2335 2176 serenissimus
2376 2110 2580 2197 impe-

241 2231 397 2294 rator
440 2226 825 2293 Ludowicus
861 2226 1122 2294 haberet
1168 2226 1471 2314 placitum
1501 2228 1569 2292 in
1601 2224 1898 2310 Saxonia,
1944 2226 2012 2291 in
2043 2226 2177 2292 loco
2212 2227 2322 2311 qui
2351 2226 2580 2293 dicitur
2612 2236 2720 2292 815

241 2340 736 2427 Patherbrunna,
783 2343 851 2408 in
896 2342 1168 2409 secundo
1217 2362 1379 2408 anno
1411 2343 1591 2427 regni
1621 2343 1741 2426 sui,
1787 2343 2238 2408 incarnationis
2270 2364 2419 2410 vero
2449 2343 2580 2409 Do·
2629 2310 2711 2357 Μ’

238 2458 381 2525 mini
428 2458 955 2543 octingentesimo
988 2459 1227 2525 decimo
1260 2459 1498 2544 quinte.
1569 2459 1745 2525 Tunc
1777 2459 2041 2525 accessit
2067 2460 2388 2546 praefatus
2420 2459 2582 2526 abba

240 2575 311 2641 ad
351 2597 501 2643 eum
550 2580 618 2643 et
661 2576 905 2642 locutus
952 2581 1048 2643 est
1092 2576 1151 2642 ei
1198 2595 1340 2642 cum
1386 2574 1646 2642 consilio
1679 2576 1971 2660 suadens,
2017 2582 2089 2642 ut
2120 2576 2200 2642 ad
2228 2575 2581 2662 profectum

238 2692 614 2760 christianae
657 2691 981 2776 religionis
1026 2692 1096 2757 in
1141 2692 1359 2758 eadem
1389 2693 1718 2779 provincia
1760 2694 2213 2760 monasterium
2245 2692 2580 2759 monacho·

238 2828 366 2875 rum
419 2814 793 2877 construere
837 2808 1099 2875 iuberet.
1192 2807 1372 2886 Quod
1416 2828 1560 2874 cum
1602 2808 1928 2895 piissimus
1973 2809 2267 2896 princeps
2312 2809 2581 2892 benigne

240 2926 646 3013 suscepisset,
693 2924 934 3012 placuit
977 2944 1294 2992 accersere
1341 2924 1707 3011 episcopum
1761 2925 2015 2991 nomine
2062 2925 2526 2991 Hathumarum
2544 2920 2580 3010 ¹,

239 3041 310 3106 ad
350 3044 538 3109 cuius
583 3041 899 3108 dioecesin
941 3040 1302 3128 pertinebat
1344 3040 1540 3125 locus,
1585 3040 1697 3107 ubi
1741 3041 2231 3107 construendum
2277 3047 2414 3107 erat
2446 3061 2582 3106 mo-

238 3160 602 3242 nasterinm,
634 3162 709 3223 ut
737 3177 881 3223 cum
912 3158 1046 3224 eius
1076 3155 1256 3223 fieret
1285 3157 1552 3244 imperio
1584 3161 1648 3222 et
1678 3156 2017 3223 voluntate.
2089 3155 2316 3241 Sicque
2345 3157 2582 3223 factum

240 3280 342 3357 cst,
388 3282 466 3342 ut
512 3274 596 3340 ab
643 3294 721 3340 ea
767 3273 869 3340 die
915 3279 979 3340 et
1023 3273 1319 3359 deinceps
1366 3273 1587 3357 religio
1632 3273 2084 3339 monachorum
2133 3273 2327 3339 etiam
2372 3273 2440 3338 in
2481 3294 2583 3340 re-

238 3389 407 3473 gione
454 3391 778 3458 Saxonica
822 3394 1241 3457 succresceret
1286 3395 1472 3475 atque
1516 3387 1866 3476 proficeret.
1935 3388 2176 3456 Eodem
2207 3389 2310 3456 die
2338 3389 2586 3456 remisit

239 3505 497 3574 domnus
557 3507 905 3594 imperator
962 3506 1168 3572 eidem
1226 3507 1439 3573 abbati
1496 3527 1680 3573 omne
1741 3505 2099 3588 servitium,
2158 3506 2324 3590 quod
2378 3507 2460 3572 ad
2513 3527 2582 3573 se

237 3624 613 3708 pertinebat,
659 3628 733 3689 ιιι
773 3622 1034 3690 liberius
1081 3627 1369 3689 sanctum
1414 3644 1571 3711 opus
1615 3622 1883 3710 implere
1927 3622 2247 3709 quivisset.

403 3739 640 3827 Coepit
694 3743 906 3806 autem
965 3738 1293 3806 aedificare
1351 3739 1419 3804 in
1462 3739 1598 3805 loco
1646 3739 1755 3824 qui
1800 3737 2029 3804 dicitur
2072 3737 2381 3804 Hethis·².
2460 3736 2585 3804 Ubi

237 3872 369 3922 cum
425 3877 551 3943 per
611 3876 725 3922 sex
782 3860 848 3922 et
901 3875 974 3921 eo
1032 3855 1304 3943 amplius
1351 3876 1548 3923 annos
1593 3854 2017 3938 laborassent,
2076 3854 2236 3920 nihil
2279 3852 2584 3941 proficere
2618 3862 2903 3918 815-822

362 4038 405 4071 a.
439 4023 721 4071 venerabilis
754 4025 797 4070 2.
899 4022 945 4070 b.
976 4024 1210 4083 provincia
1242 4024 1464 4070 Saxonica
1495 4025 1538 4070 2.
1571 4026 1615 4070 3.
1718 4038 1758 4070 c.
1788 4023 1887 4070 Deo
1920 4025 1964 4068 2.
2063 4022 2109 4069 d.
2140 4022 2388 4082 perfectum
2421 4025 2587 4081 πήρη·

232 4117 309 4159 pm
336 4104 603 4164 profectum
636 4105 681 4149 1.
715 4105 759 4149 2.
793 4104 836 4149 8.
963 4118 1002 4149 e.
1035 4103 1203 4149 Hechis
1239 4104 1282 4160 1,
1315 4103 1459 4149 Hechi
1491 4105 1533 4150 3.

368 4209 422 4263 1.
460 4207 868 4263 Hathumarum
904 4222 993 4277 ep.
1019 4207 1525 4263 Paderbornensem
1560 4223 1712 4278 „non
1758 4207 1925 4278 longo
1959 4205 2245 4276 tempore“
2282 4209 2409 4276 post
2443 4220 2583 4260 mor·

238 4297 381 4352 tuum
412 4297 679 4354 Cal-olum
698 4297 772 4351 M.
790 4296 922 4364 imp.
948 4295 1169 4364 obiisse,
1194 4295 1358 4352 docet
1373 4297 1684 4352 Translatio
1704 4295 1757 4353 S.
1781 4296 1988 4352 Liborii
2008 4297 2171 4363 (Mon.
2194 4293 2291 4350 SS.
2313 4294 2409 4350 IV.
2431 4294 2580 4363 151);

236 4384 325 4439 aed
361 4387 421 4440 in
444 4386 585 4442 Vita
606 4385 923 4441 meinwerci
949 4401 1096 4441 mors
1120 4385 1239 4441 eins
1263 4386 1335 4440 ad
1364 4402 1566 4441 annum
1591 4386 1698 4441 804
1724 4384 1976 4441 refertur.
2119 4386 2172 4439 2.
2211 4399 2373 4453 quem
2401 4383 2581 4447 locum

237 4470 286 4526 in
307 4472 534 4545 Solling
556 4474 702 4530 saltu
727 4472 898 4531 fuisse
929 4474 1130 4544 ferunt,
1167 4480 1362 4544 postea
1384 4475 1657 4532 Neustadt
1685 4480 1959 4531 vocatum.
2015 4474 2084 4530 V.
2110 4472 2352 4543 Wigand
2376 4469 2580 4528 Gesch.

235 4575 285 4616 v.
308 4563 536 4635 Corvey
569 4564 615 4620 I.
650 4564 742 4619 68.
