3319 5242
550 587 686 642 1149

497 660 604 708 Mai.
619 663 714 709 lun.

554 2305 693 2360 1149

536 2379 633 2425 lun.
653 2380 712 2425 28

751 422 884 490 304
1421 444 1719 492 wmALm
1762 444 2134 494 amsronm
2178 446 2282 492 184.
2323 444 2428 493 185.

748 584 983 668 vimus,
1039 584 1237 669 quod,
1294 593 1553 672 peracta
1609 585 1923 671 legatione
1966 588 2197 654 domni-
2225 608 2430 674 papae
2475 589 2544 656 in
2588 586 2946 673 Poloniam,
2999 585 3066 654 ad

749 705 962 785 partes
996 699 1307 768 Saxoniae
1351 702 1736 788 devenimus,
1781 704 1993 790 ibique
2037 725 2153 791 pro
2183 705 2555 792 complenda
2581 705 2898 790 legatione
2927 707 3065 773 eius-

751 815 895 882 dem
949 815 1189 882 domini
1231 820 1433 885 nostri
1480 819 1557 887 de
1613 821 2058 887 constitutione
2113 822 2551 908 episcoporum
2605 823 2674 888 in
2717 820 3068 903 Lenticiam,

751 952 863 999 seu
920 933 1112 1000 etiam
1165 955 1280 1021 pro
1336 936 1594 1019 negocio
1654 936 1864 1003 ducis·
1912 986 1928 1002 .
1955 986 1971 1002 .
1999 986 2014 1002 .
2044 985 2094 1020 .‚
2153 937 2320 1022 quod
2364 938 2542 1006 vobis
2600 958 2730 1005 non
2776 944 2953 1005 extat
2987 939 3069 1004 in·

751 1050 1088 1133 cognitum,
1136 1070 1381 1118 moram
1423 1051 1779 1119 necessario
1822 1052 2106 1118 facimus.
2174 1052 2337 1133 Quia
2380 1075 2527 1121 vero
2569 1054 2641 1121 in
2684 1059 2952 1141 utroque
2980 1075 3073 1121 ne-

750 1166 920 1249 gotio
973 1172 1183 1233 vestro
1229 1167 1463 1234 auxilio
1509 1187 1622 1233 seu
1666 1166 1927 1233 consilio
1975 1188 2372 1256 summopere
2416 1170 2771 1255 indigemus
2785 1222 2805 1257 ‚
2864 1172 3072 1238 frater-

749 1281 1016 1348 nitatem
1069 1287 1345 1350 vestram
1398 1288 1633 1350 attente
1695 1304 1986 1368 rogamus
2040 1290 2229 1369 atque
2275 1305 2354 1352 ex
2397 1293 2579 1372 parte
2626 1287 2845 1354 domni
2889 1307 3074 1375 papae

750 1402 815 1464 et
856 1398 1215 1465 cancellarii
1233 1395 1249 1425 ¹
1294 1400 1469 1467 vobis
1515 1399 1908 1484 mandamus,
1967 1402 2283 1486 quatinus,
2340 1402 2438 1469 his
2485 1405 2793 1491 susceptis
2839 1404 3073 1486 litteris,
3110 1410 3114 1414 ⁴

749 1514 925 1579 omni
978 1516 1304 1582 occasione
1357 1535 1430 1583 ac
1474 1515 1773 1583 dilatione
1792 1579 1797 1583 ,
1818 1517 2203 1604 postposita,
2265 1517 2346 1584 ad
2390 1539 2504 1585 nos
2552 1521 2853 1605 veniatis,
2909 1526 2981 1587 ut
3019 1521 3077 1586 in

749 1629 1048 1716 predictis
1104 1632 1403 1716 negotiis,
1460 1631 1623 1699 sicut
1677 1637 1926 1719 oportet
1981 1638 2045 1700 et
2103 1633 2370 1701 domnus
2428 1656 2598 1723 papa
2640 1635 2933 1721 confidit,
2989 1657 3076 1704 as-

748 1746 972 1813 sistere
1017 1747 1299 1814 valeatis.

759 1932 929 2003 185.
971 1934 1293 2022 Euqenius
1320 1934 1426 2000 ῙΠ
1439 1959 1621 2023 papa
1656 1937 2009 2001 Conradum
2038 1936 2152 2002 III
2166 1961 2391 2025 reyem,
2426 1938 2857 2030 Hierosolyma
2885 1966 3076 2007 rever-

972 2063 1218 2128 tentem,
1276 2052 1352 2115 de
1404 2055 1670 2140 acceptis
1716 2054 2164 2118 calamitatibus
2209 2056 2574 2120 consolatur.
2645 2058 2840 2122 Addit
2885 2059 2962 2122 de
3003 2058 3077 2122 le-

967 2170 1131 2254 yatt’s
1176 2167 1263 2233 ad
1307 2192 1443 2232 eum
1486 2162 1739 2233 missi-5².
2767 2170 2875 2252 (M.
2920 2172 3077 2252 164.)

925 2299 1245 2384 Eugenius
1313 2300 1642 2387 episcopus
1730 2321 1948 2367 servus
2029 2322 2353 2368 servorum
2419 2302 2540 2370 Dei
2619 2304 2955 2372 karissimo
3019 2307 3078 2372 in

748 2415 998 2483 Christo
1043 2414 1171 2481 filio
1218 2415 1556 2499 C(onrado)
1603 2416 1836 2483 illustri
1868 2416 2294 2488 Romanorum
2339 2420 2474 2503 regi
2519 2419 2788 2488 salutem
2833 2428 2897 2489 et
2942 2443 3075 2509 apo·

749 2532 1036 2599 stolicam
1079 2532 1600 2599 benedictionem.

923 2648 1082 2715 Cum
1137 2650 1206 2716 in
1261 2649 1378 2715 hoc
1433 2649 1666 2716 mundo
1723 2654 1946 2716 cuncta
2003 2652 2443 2719 mutabilitatis
2502 2653 2652 2720 ordo
2706 2662 3074 2743 corrumpat,

746 2764 909 2832 sicut
963 2786 1080 2831 nec
1136 2765 1456 2852 prosperis
1506 2764 1740 2832 elevari
1783 2767 1877 2832 ita
1919 2788 2035 2833 nec
2078 2766 2284 2852 frangi
2331 2769 2645 2855 adversiS,
2706 2770 3073 2838 confidentes

745 2881 825 2948 de
870 2882 1084 2948 divina
1126 2882 1549 2965 miseratione,
1598 2882 1928 2966 debemus;
1979 2884 2126 2969 quia
2154 2882 2277 2951 Dei
2318 2889 2382 2951 et
2411 2884 2733 2952 hominum
2780 2888 3075 2954 mediator

747 2997 1117 3065 admiranda
1171 2998 1637 3085 dispensatione
1696 3000 2019 3065 consuevit
2074 3020 2326 3065 omnem
2381 3000 2583 3067 filium
2635 3023 2822 3087 quem
2866 3004 3074 3090 recipit

748 3113 1230 3181 adversitatibus
1273 3112 1610 3199 flagellare,
1659 3120 1750 3199 ut,
1798 3115 1949 3181 dum
1978 3116 2190 3202 ipsum
2224 3137 2339 3203 per
2386 3138 2667 3185 amorem
2712 3119 2795 3185 ad
2836 3125 3074 3186 aeterna

745 3230 990 3316 premia
1044 3237 1258 3315 vocat,
1316 3252 1578 3317 presens
1636 3231 1906 3297 mundus
1969 3233 2101 3297 eius
2160 3235 2438 3299 animum
2493 3255 2608 3321 per
2652 3234 3072 3301 tribulationes

747 3367 901 3431 quas
945 3347 1178 3431 ingerit
1224 3367 1262 3412 a
1306 3367 1373 3412 se
1419 3347 1557 3433 ipso
1603 3346 1890 3434 repellat,
1938 3353 2237 3434 tantoque
2281 3349 2527 3416 facilius
2572 3351 2650 3417 ab
2681 3349 2870 3417 huius
2899 3349 3074 3417 seculi

748 3482 961 3529 amore
1004 3462 1288 3547 recedat,
1335 3469 1569 3547 quanto
1614 3465 1817 3548 magis
1864 3463 2211 3550 impellitur
2255 3465 2403 3531 dum
2451 3471 2727 3533 vocatur.
2800 3466 2977 3546 Quod
3017 3466 3071 3531 in

746 3576 1089 3645 Israelitico
1142 3578 1375 3665 populo
1407 3577 1623 3665 Moyse
1667 3584 1930 3647 vocante
1976 3585 2039 3646 61
2066 3579 2393 3648 Pharaone
2438 3582 2836 3669 impellente*
2881 3585 3071 3667 signa-

746 3699 869 3760 tur.
939 3693 1188 3781 Moyses
1232 3714 1504 3780 namque
1550 3699 1703 3761 tunc
1748 3696 1827 3762 ad
1861 3697 2213 3763 vocandum
2242 3698 2472 3765 missus
2504 3705 2618 3783 est,
2666 3719 2811 3766 cum
2843 3698 3071 3766 Pharao

746 3809 922 3876 duris
991 3830 1133 3876 eum
1202 3811 1494 3898 operibus
1558 3812 1966 3898 perurgebat,
2037 3814 2331 3899 quatinus
2393 3815 2552 3882 alter
2610 3816 2892 3882 vocando
2947 3835 3074 3903 per-

744 3924 1024 3993 traheret
1065 3926 1225 3993 alter
1267 3926 1619 4014 impelleret
1665 3928 1957 3995 seviendo
1973 3979 1993 4013 ‚
2039 3934 2112 3996 ut
2154 3930 2355 4016 plebS‚
2402 3932 2468 3997 in
2515 3932 2770 3998 servitio
2818 3933 3074 4019 turpiter

742 4040 891 4127 fixa,
937 4041 1038 4109 vel
1080 4048 1421 4130 provocata
1465 4043 1645 4110 bonis
1692 4043 1791 4110 vel
1837 4045 2110 4133 impulsa
2155 4046 2460 4114 molestiis
2507 4054 2883 4115 moveretur.
2953 4046 3072 4113 Hoc

744 4159 957 4247 itaque
1010 4160 1276 4226 rationis
1321 4160 1531 4228 debito
1574 4161 1855 4247 incitati,
1906 4163 2353 4230 discretionem
2398 4169 2574 4230 tuam
2618 4182 3070 4231 commonemus

890 4308 931 4341 ι.
970 4296 1178 4356 Sequitur
1208 4297 1253 4341 ιἰι
1286 4296 1388 4341 cod.
1424 4281 1580 4350 lot⁵183
1612 4296 1664 4342 id
1694 4305 1761 4343 ese
1790 4295 1965 4348 luteris,
1999 4315 2115 4358 quae
2146 4315 2237 4344 vox
2269 4298 2382 4359 quid
2411 4300 2634 4361 significet
2663 4301 2832 4346 natio.
2925 4298 2968 4344 b.
2995 4297 3069 4342 im-

745 4373 941 4434 pellente
974 4375 1158 4420 addidi.

888 4461 936 4514 1.
974 4459 1188 4529 papalis
1222 4459 1513 4516 Gnidonis.
1644 4462 1698 4515 2.
1734 4460 1885 4516 Haeo
1921 4461 2155 4531 epistola
2186 4463 2465 4519 invenitur
2506 4463 2673 4519 etiam
2708 4480 2796 4534 ap.
2824 4464 3065 4521 Ottonem

744 4548 1169 4620 Frisingensem‚
1207 4550 1359 4605 Gest.
1386 4548 1655 4605 Friderioi
1691 4549 1737 4605 1.
1773 4565 1825 4605 0.
1851 4551 1939 4606 61.
