3319 5242
772 446 904 513 436
1440 444 1736 507 'vvaLm
1779 456 2151 506 amsa-onan
2192 456 2298 502 soe.
2332 453 2439 501 007.

531 611 669 666 1150
773 594 1000 689 gimus,
1047 609 1119 669 ut
1159 603 1439 690 predicto
1484 601 1902 685 E(verhardo)
1946 598 2328 687 presbitero,
2375 597 2483 682 qui
2527 596 2661 662 iam
2705 594 2818 660 diu
2865 598 3093 679 aposto-

457 683 556 732 ooe’
575 710 624 717 ”
638 684 748 732 Μ’
772 721 932 789 11000
975 719 1473 787 mansuetudinis
1501 740 1685 786 aures
1716 717 1951 785 crebris
1982 714 2358 783 clamoribus
2387 713 2699 798 fatigavit,
2748 709 3093 777 canonicam

774 838 1086 904 iusticiam
1143 837 1221 904 de
1263 836 1391 921 1113,
1450 837 1558 923 qui
1603 835 1768 903 bona
1823 854 1939 901 sua
1981 832 2287 899 violenter
2331 830 2728 912 invaserunt,
2785 827 2929 892 sine
2969 843 3096 912 pro-

774 954 1016 1021 lixioris
1062 974 1275 1021 morae
1313 952 1634 1020 obstaculo
1679 950 1949 1035 faciatis,
1995 955 2130 1015 tum
2166 970 2283 1036 pro
2324 948 2539 1014 domni
2567 965 2795 1033 papae,
2846 942 2957 1029 qui
2996 941 3099 1006 hoc

775 1077 1020 1139 vestrae
1065 1071 1430 1138 discretioni
1486 1074 1550 1137 et
1594 1070 1741 1135 viva
1783 1086 1935 1135 voce
1993 1071 2057 1133 et
2109 1065 2312 1132 literis
2368 1064 2647 1130 iniunxit
2660 1111 2679 1147 ,
2738 1058 3099 1139 reverentia,

774 1195 912 1256 tum
967 1210 1082 1275 pro
1137 1193 1389 1255 nostrae
1445 1185 1771 1274 petitionis
1829 1185 2217 1267 interventu,
2280 1182 2388 1267 qui
2444 1180 2623 1246 vobis
2682 1178 2802 1243 hoc
2848 1195 3002 1243 vera
3050 1179 3104 1238 et

709 1328 714 1335 ·
773 1305 998 1371 humili
1038 1303 1162 1373 fide
1205 1303 1589 1372 consulimus
1635 1308 1700 1370 et
1729 1323 1808 1370 ex
1837 1300 2148 1389 promisso
2179 1302 2387 1365 vestro
2416 1317 2534 1389 per
2560 1295 2780 1363 literas
2811 1298 3105 1378 tanquam

774 1422 1056 1491 debitum
1100 1421 1506 1508 reposcimus.

780 1634 956 1706 307.
994 1637 1310 1703 Wibaldus
1340 1636 1635 1702 Heinrico
1684 1633 2144 1720 archiepiscopo
2175 1630 2542 1717 Moyumino
2572 1629 2782 1694 scribit
2827 1627 2908 1691 de
2936 1624 3109 1691 Folc-

453 1848 458 1853 ὶ
996 1755 1148 1819 wim'
1192 1754 1270 1818 de
1316 1752 1700 1838 Sualenberq
1742 1750 2134 1816 matrimonio
2182 1747 2542 1812 dirimendo,
2791 1738 2905 1823 (Μ.
2941 1740 3108 1819 287.)

442 1897 582 1952 1150
603 1914 673 1982 9¹·
704 1923 752 1931 —
954 1884 1322 1953 Reverendo
1340 1885 1511 1972 patri
1541 1904 1652 1950 suo
1687 1888 1752 1951 et
1782 1882 2034 1949 domino
2056 1878 2400 1963 H(einrico)
2433 1880 2688 1944 sanctae
2711 1873 3111 1959 Mogontinac

442 1970 578 2024 ¹¹⁵¹
603 1985 664 2018 ω’
779 2000 1114 2069 aecclesiae
1168 2001 1514 2069 venerabili
1570 1999 2039 2086 archiepiscopo
2091 1993 2468 2078 W(iba·ldus)
2526 1992 2650 2060 Dei
2705 1992 2915 2076 gratia
2971 1990 3114 2057 Cor·

778 2118 1047 2186 beiensis
1085 2117 1421 2186 aecclesiae
1445 2139 1664 2186 servus
1690 2116 1981 2200 exiguas·
2006 2114 2318 2181 orationes
2354 2116 2418 2178 et
2446 2111 2743 2177 devotum
2769 2107 3110 2175 servitium.

952 2233 1282 2302 Referente
1337 2236 1565 2302 domno
1611 2233 1893 2300 Folwino
1950 2232 2030 2299 de
2083 2228 2471 2312 Sualenberg
2524 2226 2893 2310 didicimuS,
2956 2221 3113 2310 quod

774 2355 956 2420 iuxta
1001 2352 1407 2422 sacerdotalis
1455 2350 1644 2418 officii
1689 2350 2063 2435 dignitatem
2108 2366 2259 2431 erga
2301 2346 2513 2432 ipsum
2569 2350 2634 2411 et
2675 2362 2943 2409 uxorem
2990 2341 3115 2407 eius

777 2471 1063 2538 districte
1106 2470 1423 2539 ium'ciam
1471 2466 1840 2535 custodiatis
1887 2471 1969 2551 et,
2015 2464 2236 2531 relicta
2265 2462 2471 2528 carnis
2510 2466 2574 2527 et
2604 2459 2929 2544 sanguinis
2965 2455 3117 2524 cari-

776 2592 928 2673 tate,
976 2588 1291 2674 spiritum,
1341 2585 1449 2673 qui
1477 2584 1792 2652 libertatis
1830 2588 1926 2651 est
1957 2586 2174 2649 auctor
2204 2584 2267 2648 et
2295 2580 2699 2666 propagator,
2747 2573 3113 2663 sequamini.

777 2706 958 2772 Unde
1004 2711 1068 2772 et
1112 2725 1229 2772 nos
1286 2702 1484 2788 glorie
1528 2706 1736 2769 vestre
1790 2700 2134 2788 plurimum
2191 2698 2260 2763 in
2303 2694 2576 2762 Domino
2633 2693 3116 2778 congaudemus,

779 2823 1014 2909 quippe
1061 2822 1169 2907 qui
1212 2822 1281 2887 in
1324 2820 1443 2887 hac
1488 2840 1680 2886 causa
1722 2817 1917 2884 nichil
1963 2814 2133 2883 aliud
2179 2833 2371 2901 quam
2399 2813 2732 2880 veritatem
2779 2811 3115 2896 querimus,

779 2938 973 3006 nichil
1030 2937 1202 3004 aliud
1258 2957 1449 3023 quam
1491 2936 1825 3003 veritatem
1880 2932 2199 3017 diligimus
2215 2981 2234 3015 ,
2292 2934 2356 2997 et
2401 2930 2457 2996 si
2512 2949 2667 3014 quos
2726 2925 3115 3006 offendimus,

777 3062 1040 3143 propter
1085 3055 1418 3123 veritatem
1463 3052 1856 3120 offendimus.
1928 3050 2222 3117 Testatur
2261 3046 2572 3132 siquidem
2601 3044 2924 3131 predictus
2953 3040 3118 3126 F(ol·

781 3171 1032 3257 winus),
1081 3172 1270 3258 quod,
1319 3177 1657 3257 antequam
1705 3168 1968 3236 eandem
2012 3185 2274 3232 uxorem
2317 3183 2498 3230 suam
2543 3160 3041 3247 desponsaverit,
3085 3156 3119 3222 a

780 3289 1154 3376 quibusdam
1198 3309 1315 3375 pro
1362 3293 1532 3355 certo
1580 3291 1971 3371 compertum
2027 3281 2347 3364 habuerit,
2406 3279 2574 3365 quod
2625 3278 2847 3344 morbo
2892 3276 3118 3344 caduco

779 3406 1124 3488 laboraret3
1184 3410 1247 3472 et
1303 3405 1646 3471 multorum
1703 3422 1776 3469 ac
1831 3400 2270 3485 religiosorum
2313 3396 2596 3462 virorum
2650 3394 3013 3461 testimonio
3057 3410 3119 3456 sc

781 3522 1049 3610 probare
1094 3541 1280 3609 posse
1327 3521 1571 3607 asserit,
1620 3519 1786 3606 quod
1827 3538 1967 3586 eam
1996 3515 2119 3584 sibi
2149 3512 2443 3601 copulare
2472 3510 2686 3596 nollet,
2735 3510 2791 3577 si
2820 3509 3120 3577 veraciter

781 3639 898 3705 tali
940 3636 1309 3705 infirmitate
1355 3638 1763 3720 detineretur,
1809 3640 1873 3702 et
1914 3633 2034 3700 hoc
2077 3629 2445 3719 parentibus
2477 3627 2684 3715 puelle
2717 3626 2937 3715 palam
2965 3622 3118 3692 indi-

783 3755 1038 3823 caverit.
1120 3754 1312 3821 Novit
1368 3760 1577 3822 autem
1633 3750 1902 3821 eruditio
1948 3754 2180 3833 vestra,
2228 3746 2414 3833 quod,
2462 3766 2606 3813 cum
2648 3744 2717 3810 in
2765 3743 2940 3811 omni
2981 3759 3119 3807 con-

784 3879 990 3941 tractu
1045 3872 1219 3938 fraus
1280 3877 1344 3939 et
1399 3871 1578 3938 dolus
1637 3870 1860 3937 abesse
1914 3866 2170 3949 debeat,
2228 3863 2525 3950 precipue
2579 3861 2647 3927 in
2703 3855 3118 3927 contrahendo

781 3990 1207 4074 matrimonio,
1238 3989 1349 4055 ubi
1377 3986 1531 4055 fides
1564 3992 1628 4054 01
1658 3988 2125 4053 sacramentum
2156 3984 2494 4067 spectatur,
2518 3976 2754 4045 nullius
2789 3976 2919 4044 doli
2949 3973 3119 4042 debet

649 4143 652 4144 f
783 4130 921 4177 esse
967 4106 1295 4194 subposita
1350 4103 1735 4171 commixtio.
1807 4100 1986 4180 Quod
2032 4100 2086 4165 si
2141 4099 2234 4164 ita
2291 4102 2418 4179 est,
2478 4093 2653 4160 nulla
2710 4092 2934 4177 regula
2980 4107 3118 4155 cou-

786 4226 1013 4311 stringi
1057 4227 1268 4311 potest
1314 4221 1397 4288 ad
1442 4219 1831 4307 sequendum
1874 4216 1962 4301 id,
2011 4213 2180 4302 quod
2222 4232 2339 4279 nec
2382 4210 2654 4277 intendit
2699 4230 2848 4276 eum
2878 4209 3115 4284 faceret,

787 4364 904 4411 nec
931 4340 1134 4410 voluit
1163 4360 1307 4407 cum
1338 4338 1618 4405 sentiret.
1694 4333 1931 4402 Scienti
1963 4332 2168 4416 legem
2195 4328 2512 4415 loquimur
2543 4332 2607 4394 et
2635 4347 2763 4393 non
2795 4318 3114 4410 ignoranti,

786 4460 904 4527 sub
950 4479 1073 4546 quo
1117 4457 1335 4544 lapsus
1381 4454 1664 4543 periculo
1712 4457 1776 4520 et
1817 4450 2016 4518 laicus
2062 4453 2127 4517 et
2168 4444 2413 4515 iuvenis
2456 4444 2587 4511 iam
2610 4442 2805 4528 longo
2849 4447 3115 4525 tempore

931 4616 973 4650 a.
1017 4602 1173 4661 aiguas
1205 4619 1244 4647 c.
