3319 5242
1071 449 1288 496 Imm
1331 448 1813 497 EPISTOLA‘RUM

1298 603 1405 646 pag.

237 667 532 736 Immrium
569 681 749 721 meum
786 682 912 721 cum
951 707 962 719 .
1039 708 1049 719 .
1126 706 1138 719 .
1215 705 1228 720 .
1298 667 1407 721 454

235 755 681 825 Implevissemus
717 771 938 809 manum
1039 796 1050 807 .
1127 796 1138 808 .
1216 796 1225 806 .
1300 755 1408 810 314

235 844 302 898 In
338 843 668 912 apostolicae
703 844 851 898 sedis
952 883 964 896 .
1041 886 1051 899 .
1129 884 1139 895 .
1216 884 1227 896 .
1303 845 1405 900 159

236 931 590 987 Incommoda
624 937 683 987 et
716 934 1036 1002 gravamina
1126 974 1137 986 .
1216 974 1228 986 .
1301 934 1407 988 372

236 1021 301 1076 Ιιι
334 1020 440 1075 hoc
475 1021 831 1090 cognovimus
862 1060 1227 1074 .....
1302 1022 1404 1076 127

236 1109 431 1178 Iniquo
467 1113 727 1179 tempore,
763 1108 932 1165 frater
1040 1150 1052 1163 .
1128 1151 1138 1162 .
1216 1149 1228 1162 .
1298 1110 1405 1164 451

236 1198 515 1267 Iniuriam,
552 1212 692 1269 quae
730 1197 1045 1254 Corbeiensi
1129 1240 1140 1252 .
1215 1239 1226 1251 .
1301 1198 1407 1253 515

236 1286 469 1341 Iniurias
505 1301 538 1339 a
572 1285 845 1341 Folcwino
954 1328 965 1340 .
1041 1328 1053 1340 .
1129 1328 1142 1341 .
1218 1328 1228 1340 .
1254 1316 1255 1319 η
1302 1287 1408 1342 522

236 1375 301 1430 In
339 1390 542 1444 magna
575 1376 829 1444 angustia
867 1416 1229 1430 .....
1303 1376 1407 1430 131

239 1464 499 1518 Inmensa
531 1463 747 1518 laeticia
777 1504 1229 1518 ......
1301 1463 1409 1517 539

237 1552 305 1607 In
341 1552 525 1606 multis
560 1556 617 1607 et
650 1553 864 1622 magnis
957 1596 967 1607 .
1043 1593 1056 1607 .
1133 1593 1143 1604 .
1219 1593 1230 1605 .
1305 1552 1410 1607 133

239 1641 305 1695 In
341 1646 539 1695 octava
575 1646 917 1710 pentecostes
955 1684 965 1694 .
1043 1683 1055 1696 .
1132 1682 1142 1694 .
1218 1680 1231 1695 .
1303 1641 1411 1695 510

238 1729 463 1799 Inpensi
500 1728 748 1785 beneficii
781 1730 917 1785 haut
953 1772 965 1783 .
1041 1771 1051 1784 .
1129 1771 1140 1784 .
1220 1771 1230 1782 .
1302 1730 1408 1784 467

240 1818 305 1873 In
341 1816 686 1887 perficiendis
720 1817 949 1875 edificiis
1043 1860 1053 1873 .
1130 1860 1141 1871 .
1217 1858 1231 1872 .
1306 1818 1410 1873 175

238 1906 308 1961 In
342 1911 607 1976 quantum
642 1905 727 1961 fas
762 1913 849 1963 est
953 1950 965 1961 .
1044 1949 1055 1960 .
1131 1948 1143 1961 .
1218 1948 1231 1961 .
1307 1908 1407 1962 177

237 1994 307 2049 In
341 1994 520 2049 reditu
555 2000 740 2051 vestro
781 2036 1231 2050 ......
1304 1996 1411 2051 575

238 2084 393 2139 Inter
427 2084 686 2153 precipua
719 2083 867 2139 facta
956 2125 967 2138 .
1221 2125 1232 2138 .
1303 2085 1412 2140 488

238 2172 648 2228 Intolerantiam
685 2174 948 2229 malorum
1045 2214 1057 2227 .
1133 2214 1146 2227 .
1222 2215 1233 2227 .
1309 2174 1413 2229 138

239 2261 308 2317 In
342 2262 525 2331 variis,
561 2261 947 2332 multiplicibus
1046 2304 1058 2317 .
1133 2302 1145 2316 .
1222 2303 1234 2316 .
1341 2264 1414 2318 88

240 2352 407 2407 quta
439 2350 767 2421 beneplaciti
802 2352 973 2406 vestri
1045 2392 1058 2405 .
1134 2391 1148 2407 .
1223 2391 1235 2404 .
1307 2352 1413 2406 324

240 2441 407 2496 quta
441 2440 768 2509 peticionem
802 2445 1043 2495 vestram
1135 2480 1148 2493 .
1222 2480 1235 2494 .
1305 2441 1413 2496 416

241 2529 475 2585 mactati
512 2543 700 2584 sumus
735 2530 791 2583 in
828 2529 912 2584 his
959 2569 973 2584 .
1046 2569 1060 2583 .
1135 2569 1150 2583 .
1222 2569 1234 2582 .
1307 2531 1414 2585 532

241 2617 426 2673 Letati
461 2633 649 2674 sumus
685 2618 743 2673 in
777 2616 861 2673 his
959 2659 971 2671 .
1047 2659 1059 2672 .
1136 2661 1147 2673 .
1222 2659 1234 2672 .
1307 2619 1414 2674 269

241 2709 473 2764 Letatus
510 2723 630 2763 sum
666 2707 724 2762 in
757 2707 845 2762 his
871 2747 1236 2760 .....
1308 2708 1415 2764 395

242 2796 518 2865 Largitori
551 2797 792 2852 omnium
826 2795 1092 2852 bonorum
1137 2837 1147 2849 .
1225 2837 1235 2849 .
1307 2797 1415 2853 476

242 2885 461 2941 Lateris
495 2885 827 2954 presentium
864 2884 935 2940 ad
961 2924 973 2937 .
1050 2925 1061 2938 .
1138 2926 1148 2936 .
1225 2925 1237 2938 .
1308 2886 1416 2941 570

244 2974 415 3029 Lator
449 2974 797 3044 presentium,
835 2973 1177 3029 Gorbeiensis
1224 3014 1237 3027 .
1309 2976 1417 3030 524

243 3064 416 3118 Later
470 3063 803 3132 presentium
848 3061 1238 3131 E(verhardus)
1309 3064 1414 3118 396

244 3152 418 3208 Later
450 3152 784 3221 presentium
822 3151 877 3205 in
961 3191 972 3203 .
1049 3191 1060 3204 .
1136 3191 1148 3204 .
1224 3191 1236 3204 .
1307 3152 1412 3206 451

244 3241 418 3297 Lator
451 3241 783 3310 presentium
819 3240 904 3295 vir
959 3278 971 3292 .
1049 3279 1061 3292 .
1136 3279 1148 3292 .
1224 3278 1238 3293 .
1309 3239 1416 3294 552

245 3329 449 3398 Lectis,
487 3329 856 3384 amantissime
890 3334 1046 3399 pater
1137 3369 1148 3382 .
1224 3368 1237 3381 .
1309 3329 1416 3384 208

246 3417 434 3474 Lectis
470 3422 529 3472 et
560 3417 774 3472 relectis
873 3457 1236 3472 .....
1312 3418 1416 3473 108

246 3507 489 3576 Legatos
524 3511 583 3561 et
614 3506 822 3561 litteras
874 3545 1237 3559 .....
1310 3506 1416 3561 226

246 3596 368 3652 Lex
403 3609 560 3650 sacra
592 3595 823 3665 precipit
874 3634 1238 3648 .....
1314 3595 1418 3651 178

242 3684 407 3744 Licet
440 3689 596 3739 extra
628 3682 766 3738 fines
787 3723 1239 3737 ......
1309 3684 1418 3739 468

247 3773 407 3828 Licet
439 3771 588 3828 fama
621 3772 810 3827 mortis
874 3811 1238 3825 .....
1312 3772 1418 3828 553

246 3862 406 3918 Licet
440 3861 583 3916 mille
619 3861 888 3931 pressuris
961 3901 972 3914 .
1312 3862 1416 3917 187

249 3951 409 4006 Licet
442 3950 618 4004 modis
653 3949 906 4005 omnibus
961 3988 972 4001 .
1049 3988 1063 4002 .
1138 3990 1149 4002 .
1225 3988 1237 4001 .
1311 3951 1418 4010 200

247 4039 408 4096 Licet
440 4039 680 4094 omnium
716 4038 1099 4093 aecclesiarum
1138 4079 1150 4092 .
1224 4077 1236 4091 .
1310 4038 1416 4094 572

247 4127 422 4197 Licet,
457 4132 616 4197 pater
651 4126 1021 4182 amantissime
1048 4167 1060 4179 .
1137 4166 1150 4180 .
1174 4147 1251 4196 -εις
1272 4128 1415 4184 ν446

247 4216 423 4286 Licet,
458 4222 630 4287 pater,
665 4214 771 4271 hoc
803 4220 1048 4285 tempore
1137 4255 1150 4269 .
1225 4243 1238 4269 t
1309 4216 1416 4271 382

246 4306 409 4362 Licet
440 4321 620 4361 rerum
655 4309 959 4360 vesu-arum
1049 4343 1062 4358 .
1136 4343 1148 4359 .
1223 4339 1237 4358 .
1294 4305 1412 4361 577

248 4394 453 4463 Liquet
485 4394 797 4450 discretioni
830 4398 1046 4450 vestrae
1135 4432 1150 4447 .
1224 4425 1238 4448 ὁ
1309 4394 1415 4449 560

249 4483 492 4540 Litterae
526 4481 815 4538 humilitati
852 4497 1007 4538 meae
1048 4517 1063 4535 -.
1136 4521 1150 4536 .
1223 4519 1238 4536 .
1309 4483 1412 4537 207

250 4571 493 4627 Litterae
527 4576 764 4642 nostrae,
798 4587 937 4642 quas
963 4611 978 4627 .
1051 4610 1065 4625 .
1100 4603 1103 4610 -
1138 4611 1152 4625 .
1226 4609 1241 4626 .
1310 4571 1417 4626 528

2508 430 2640 497 619

2535 602 2639 645 pag.

1476 668 1692 722 Literae
1730 671 1943 721 vestrae
1981 665 2052 720 ad
2087 682 2189 721 nos
2276 705 2287 718 .
2364 705 2376 718 .
2451 703 2463 718 .
2535 666 2641 720 296

1476 756 1713 810 Litteras
1748 754 2053 809 dilectionis
2089 760 2216 809 tuae
2274 795 2286 806 .
2362 795 2373 807 .
2449 793 2461 807 .
2536 754 2640 809 397

1477 844 1713 898 Litteras
1749 842 2051 899 dilectionis
2087 849 2304 898 vestrae
2364 882 2378 896 .
2453 882 2465 896 .
2537 843 2640 897 501

1476 933 1712 987 Litteras
1748 937 1804 986 et
1837 933 2064 988 nuncios
2099 972 2463 986 .....
2539 932 2645 987 154

1477 1021 1714 1075 Litteras
1751 1021 2104 1083 excellentiae
2138 1027 2268 1077 tuae
2365 1061 2378 1073 .
2452 1061 2465 1073 .
2538 1022 2644 1076 315

1478 1109 1715 1163 Litteras
1749 1107 2104 1163 fraternitatis
2138 1114 2354 1165 vestrae
2450 1150 2464 1163 .
2538 1111 2643 1166 337

1478 1198 1734 1267 Litteras,
1768 1202 1924 1268 pater
1957 1198 2245 1253 karissime
2279 1239 2290 1251 .
2366 1238 2379 1251 .
2450 1239 2461 1252 .
2525 1201 2645 1255 1123

1478 1287 1731 1356 Litteras,
1769 1302 1905 1356 quas
1939 1303 2038 1356 pro
2074 1303 2241 1342 causa
2279 1327 2291 1340 .
2367 1328 2378 1340 .
2454 1328 2466 1341 .
2539 1290 2645 1344 535

1479 1375 1715 1429 Litteras
1751 1375 2055 1429 sanctitatis
2090 1380 2305 1431 vestrae
2338 1392 2438 1447 per
2454 1417 2467 1431 .

1479 1463 1693 1518 Literas
1729 1464 2034 1518 sanctitatis
2064 1471 2297 1535 vestrae,
2333 1481 2470 1536 quas

2542 1379 2644 1434 111

1480 1551 1716 1605 Litteras
1751 1551 2121 1608 universitatis
2156 1559 2373 1610 vestrae
2455 1593 2469 1609 .
2544 1556 2646 1609 193

1480 1641 1717 1695 Litteras
1751 1645 1982 1710 vestras,
2019 1657 2156 1710 quas
2193 1683 2204 1695 .
2280 1683 2294 1695 .
2368 1683 2381 1696 .
2455 1684 2468 1697 .
2539 1644 2646 1698 432

1482 1729 1691 1783 Littera
1724 1733 1853 1783 tuae
1888 1731 2225 1785 reverentiae
2280 1772 2290 1783 .
2368 1772 2382 1785 .
2458 1773 2469 1785 .
2543 1733 2644 1787 561

1482 1818 1703 1871 Litteris
1737 1819 2078 1886 paternitatis
2112 1825 2330 1875 vestrae
2369 1860 2381 1873 .
2456 1860 2469 1873 .
2542 1822 2647 1876 313

1482 1906 1704 1960 Litteris
1738 1906 2060 1976 prudentiae
2094 1915 2312 1964 vestrae
2369 1948 2382 1963 .
2457 1950 2469 1963 .
2543 1912 2645 1966 231

1483 1995 1760 2049 Luctuosa
1795 1995 2013 2065 quidem
2049 2001 2107 2050 et
2195 2037 2207 2049 .
2283 2038 2296 2051 .
2370 2039 2382 2052 .
2458 2039 2470 2052 .
2542 2000 2649 2056 508

1482 2084 1787 2138 Luctuosas
1821 2083 1930 2138 iam
1967 2099 2002 2137 a
2034 2084 2199 2154 longo
2281 2126 2295 2139 .
2370 2127 2383 2142 .
2461 2129 2471 2140 .
2544 2089 2649 2144 259

1482 2174 1791 2227 Luctuosus
1827 2187 1893 2225 ac
1926 2172 2112 2226 varius
2194 2212 2206 2225 .
2282 2214 2294 2228 .
2370 2216 2382 2230 .
2459 2216 2471 2229 .
2543 2179 2649 2232 209

1486 2261 1755 2330 magistri
1787 2259 2095 2315 Godeboldi
2191 2300 2205 2315 .
2280 2302 2293 2314 .
2368 2303 2382 2317 .
2458 2303 2471 2316 .
2541 2265 2649 2320 415

1483 2350 1715 2419 Magnae
1751 2348 2152 2405 benivolentiae
2185 2355 2403 2407 vestrae
2458 2392 2470 2405 .
2543 2354 2651 2408 600

1482 2438 1739 2507 Magnam
1774 2436 1945 2492 fuisse
1980 2452 2050 2493 ex
2106 2478 2470 2494 .....
2577 2443 2650 2496 80

1483 2525 1873 2595 magnitudinis
1907 2531 2037 2581 tuae
2070 2527 2279 2583 litteras
2369 2568 2382 2583 .
2457 2569 2470 2583 .
2542 2530 2650 2585 549

1484 2615 1844 2685 Meminimus,
1882 2615 2029 2686 quod
2063 2632 2162 2686 per
2195 2657 2205 2670 .
2282 2659 2293 2671 .
2370 2660 2381 2671 .
2456 2658 2470 2673 .
2543 2620 2648 2675 311

1485 2705 1729 2760 Meminit
1764 2704 1981 2760 dilectio
2016 2710 2113 2760 tua
2195 2745 2208 2758 .
2285 2747 2294 2757 .
2372 2748 2383 2760 .
2459 2747 2472 2760 .
2541 2708 2652 2764 434

1485 2794 1731 2849 Meminit
1766 2792 1982 2848 dilectio
2016 2799 2204 2849 vestra
2282 2835 2293 2847 .
2369 2837 2380 2848 .
2457 2836 2470 2849 .
2544 2798 2650 2852 393

1485 2882 1731 2937 Meminit
1763 2881 2064 2952 paternitas
2097 2888 2283 2938 vestra
2372 2924 2384 2937 .
2460 2924 2472 2937 .
2543 2886 2652 2941 435

1485 2972 1694 3025 Memor
1728 2986 1850 3025 esse
1886 2969 2050 3025 debet
2109 3009 2472 3028 .....
2544 2976 2651 3031 317

1487 3061 1770 3129 Memores,
1807 3065 1965 3129 pater
1998 3060 2367 3118 amantissime
2459 3103 2473 3117 .
2547 3066 2651 3120 197

1486 3150 1754 3204 Memores
1791 3163 1996 3217 sumus,
2033 3149 2180 3219 quod
2284 3190 2297 3204 .
2371 3191 2386 3206 .
2460 3193 2473 3206 .
2547 3155 2650 3210 151

1485 3239 1693 3293 Memor
1727 3236 2135 3306 supplicationis
2197 3278 2212 3290 .
2460 3281 2474 3295 .
2545 3244 2651 3298 597

1487 3327 1691 3381 Mestos
1726 3340 1828 3380 vos
1864 3339 1987 3380 esse
2022 3331 2082 3381 et
2108 3365 2473 3384 .....
2545 3333 2652 3387 289

1486 3416 1750 3470 Miserunt
1785 3413 1856 3468 ad
1890 3429 1992 3469 nos
2022 3453 2473 3473 ......
2543 3421 2653 3475 410

1486 3504 1714 3559 Mittetis
1748 3500 1907 3558 nobis
1941 3518 2041 3573 per
2111 3544 2474 3560 .....
2544 3509 2654 3564 424

1486 3593 1693 3649 Monita
1726 3597 1823 3646 tua
1857 3607 1926 3646 ex
2022 3631 2476 3650 ......
2549 3598 2653 3653 194

1487 3683 1687 3737 Multas
1722 3679 1985 3736 debemus
2019 3685 2079 3735 et
2114 3720 2479 3740 .....
2547 3686 2652 3742 261

1488 3771 1657 3826 Multa
1692 3784 1823 3840 sepe
1858 3775 1915 3825 et
1947 3771 2141 3840 gravia
2199 3810 2212 3825 .
2287 3811 2301 3825 .
2374 3812 2387 3826 .
2462 3812 2475 3828 .
2546 3775 2651 3829 291

1486 3859 1809 3929 Multiplices
1842 3859 2139 3929 gratiarum
2198 3898 2210 3914 .
2285 3899 2297 3912 .
2373 3899 2386 3914 .
2461 3900 2475 3915 .
2545 3862 2651 3918 387

1486 3948 1810 4018 Multiplices
1845 3949 2144 4017 gratiarum
2198 3987 2212 4001 .
2287 3987 2300 4001 .
2373 3987 2387 4001 .
2461 3987 2474 4002 .
2523 3950 2653 4008 2585

1486 4038 1715 4092 Multum
1752 4036 1972 4106 quidem
2007 4050 2138 4105 egre
2199 4075 2212 4089 .
2287 4075 2300 4090 .
2373 4073 2388 4090 .
2460 4063 2475 4091 ι
2547 4038 2653 4095 165

1486 4126 1752 4195 Negotia,
1789 4139 1895 4194 que
1930 4124 2089 4180 nobis
2109 4157 2476 4180 .....
2543 4121 2653 4183 408

1487 4214 1605 4270 Nisi
1639 4214 1922 4284 repentina
1956 4212 2197 4283 corporis
2287 4251 2300 4266 .
2374 4251 2387 4267 .
2459 4247 2476 4268 .
2543 4214 2652 4272 ’551

1487 4303 1537 4359 N
1537 4303 1763 4372 olentes,
1799 4307 2060 4372 quantum
2095 4302 2249 4357 Deus
2287 4339 2299 4355 .
2371 4338 2388 4356 .
2461 4341 2475 4356 .
2580 4304 2654 4360 82

1487 4393 1609 4449 Non
1645 4391 1716 4446 ab
1751 4406 1810 4445 re
1844 4389 1986 4446 hanc
2022 4428 2475 4446 ......
2544 4392 2653 4449 266

1486 4481 1607 4537 Non
1644 4485 1732 4535 est
1765 4495 1902 4550 opus
1936 4479 2225 4535 eruditioni
2283 4515 2300 4535 .
2373 4517 2388 4534 .
2460 4519 2475 4534 .
2543 4480 2652 4537 446

1486 4570 1609 4626 Non
1641 4570 1792 4639 latet,
1828 4573 1985 4639 pater
2026 4607 2475 4625 ......
2543 4568 2653 4625 425
