3319 5242
704 445 837 512 380
1369 462 1669 508 wmamx
1698 460 2083 508 'mercum
2122 459 2231 507 254.
2268 458 2375 507 2⁶5.

530 611 670 666 1150
704 610 880 671 terea
938 603 1254 693 quandam
1310 602 1641 690 parvulam
1700 603 2026 670 entitatem
2084 602 2403 668 sanctitati
2450 609 2698 670 vestrae
2748 600 3016 667 transmi-

706 722 902 786 simus
918 770 936 803 ‚
983 724 1277 803 rogantes
1324 724 1388 786 et
1430 720 1498 785 in
1542 719 1814 786 Domino
1861 719 2289 803 obsecrantes,
2334 724 2407 786 ut
2447 717 2737 785 benivole
2781 716 3018 783 eandem

704 835 1062 922 suscipiatis
1121 842 1187 902 et
1242 856 1319 902 ex
1368 856 1444 902 ea
1473 856 1716 921 -equum
1763 834 1987 902 saltem
2033 835 2363 901 servientis
2394 836 2591 901 vestri
2635 835 2870 902 ferrare
2909 853 3018 897 non

707 952 1015 1021 abnuatis.
1197 951 1541 1019 Honestam
1599 956 1663 1017 et
1718 950 1853 1017 Deo
1911 951 2219 1018 devotam·
2259 971 2333 1017 ac
2389 951 2683 1018 dilectam
2737 949 3019 1017 familiam

702 1072 977 1135 vestram
1010 1089 1088 1134 ex
1119 1068 1417 1153 obsequio
1446 1067 1783 1154 parvitatis
1811 1071 2087 1152 nostrae,
2118 1068 2443 1134 dominum
2474 1089 2722 1155 quoqne
2757 1072 3020 1134 nostrum

703 1184 1143 1250 cancellarium
1162 1181 1198 1268 ¹,
1246 1185 1518 1251 amicum
1564 1188 1871 1267 nostrum,
1919 1182 2193 1250 salutare
2240 1183 2602 1267 dignemini.
2741 1184 3020 1251 Orantem

701 1320 816 1387 pro
861 1300 1042 1367 nobis
1089 1301 1492 1368 sanctitatem
1535 1305 1814 1366 vestram
1828 1349 1848 1383 ‚
1906 1298 2087 1367 nobis
2141 1300 2407 1366 multum
2463 1302 2915 1384 necessariam,
2964 1300 3022 1364 in

698 1436 855 1503 pace
911 1423 976 1483 et
1031 1417 1449 1504 prosperitate
1506 1415 1795 1481 dominus
1839 1414 2011 1481 Deus
2066 1435 2286 1482 sanam
2345 1423 2409 1482 et
2460 1416 2839 1484 incolumem
2894 1435 3025 1483 con-

700 1532 888 1599 ducat
933 1537 998 1599 et
1041 1533 1303 1599 reducat
1347 1537 1411 1598 et
1452 1531 1717 1615 longevo
1761 1536 2049 1618 tempore
2092 1532 2421 1599 custodiat.

702 1763 878 1834 255.
919 1763 1316 1830 Emehardue
1375 1765 1696 1851 episcopus
1751 1764 2313 1852 Meklenburyensis
2366 1765 2648 1831 Wibalclo
2705 1767 2781 1831 de
2830 1777 3026 1830 mano

922 1883 1082 1944 inter
1135 1904 1199 1944 se
1258 1904 1468 1945 amore
1517 1882 1743 1946 scribit.
1835 1882 1911 1944 A.
1959 1881 2193 1945 litteras
2249 1879 2361 1946 has
2407 1881 2823 1968 perferentem
2878 1904 3030 1946 com-

920 1995 1183 2060 mendat.
2719 1994 2826 2075 (M.
2862 1994 3027 2075 231.)

524 2145 663 2200 1150
878 2128 1148 2195 Domino
1194 2149 1340 2195 vere
1397 2132 1612 2194 sancto
1673 2133 1737 2194 et
1795 2128 1964 2194 omni
2012 2128 2414 2195 veneratione
2465 2128 2655 2213 digno
2699 2127 3027 2207 Wfibaldo)

700 2244 1061 2312 Corbeiensi
1106 2244 1318 2310 abbati
1359 2243 1555 2309 frater
1593 2240 2077 2329 Emehardus·'‚
2134 2244 2241 2311 ille
2297 2244 2551 2311 humilis
2599 2250 2663 2311 et
2707 2245 3029 2331 qualecun-

699 2382 818 2447 que
863 2382 974 2426 vas
1020 2360 1088 2425 in
1134 2359 1316 2425 domo
1360 2360 1574 2443 magni
1618 2360 1817 2446 patris
1863 2360 2158 2444 familias,
2212 2380 2354 2426 cum
2398 2357 2716 2427 fraternae
2762 2361 3028 2427 dilectio-

696 2478 796 2543 nis
842 2476 1159 2563 obsequio,
1208 2475 1503 2561 quicquid
1549 2481 1759 2562 potest
1802 2476 2043 2543 sincere
2086 2477 2316 2543 mentis
2360 2474 2623 2543 affectio.

879 2592 949 2660 Si
974 2593 1139 2660 vivis
1186 2596 1250 2659 et
1278 2590 1450 2659 vales
1497 2611 1569 2659 ac
1601 2593 1941 2660 secundum
1973 2591 2179 2659 Deum
2205 2594 2600 2680 prosperaris
2632 2594 2698 2660 in
2730 2593 3029 2676 omnibus,

697 2710 930 2795 gaudet
975 2711 1219 2776 animus
1266 2728 1463 2792 1110118,
1512 2709 1799 2776 exultant
1826 2710 2088 2794 viscera,
2134 2711 2324 2793 gestit
2367 2708 2643 2778 affectus.
2704 2710 2841 2794 Ego
2873 2710 3029 2777 enim

695 2827 898 2894 fateor
944 2831 1006 2894 et
1049 2827 1185 2892 iure
1231 2825 1424 2891 debeo
1472 2829 1536 2891 et
1577 2825 1847 2892 libenter
1890 2825 2030 2892 volo
2078 2830 2140 2892 et
2182 2826 2341 2894 bene
2386 2847 2643 2913 possum
2688 2826 3031 2894 sanctitatis

695 2948 842 3010 tuae
886 2961 1222 3029 personam
1267 2961 1509 3025 amare,
1555 2942 1837 3008 virorum
1882 2943 2149 3029 optime,
2197 2943 2346 3028 quia
2387 2945 2767 3029 parvitatem
2811 2963 3030 3026 meam,

695 3060 860 3127 sicut
916 3060 993 3126 ab
1052 3079 1160 3125 ore
1215 3063 1324 3124 tuo
1384 3057 1666 3144 accipere
1723 3059 1934 3144 potui,
1991 3059 2183 3124 etiam
2239 3058 2560 3126 absentem
2616 3065 2680 3126 et
2730 3058 3033 3147 corporali

695 3176 897 3243 adhuc
940 3175 1100 3241 facie
1143 3173 1529 3258 incognitam
1571 3178 1834 3261 propter
1880 3175 2205 3260 quaedam,
2253 3194 2412 3260 quae
2455 3175 2573 3243 tibi
2618 3175 2697 3242 ab
2742 3176 3032 3242 amatori-

695 3293 810 3359 bus
854 3291 1013 3358 meis
1047 3290 1125 3356 de
1159 3310 1260 3357 me
1291 3289 1456 3356 bona
1485 3290 1876 3374 dicebantur,
1924 3289 2257 3356 dilectione
2284 3294 2396 3356 tua
2425 3291 2686 3375 dignum
2715 3292 3028 3371 iudicasti3

695 3413 759 3474 et
801 3412 1161 3494 presentem
1206 3411 1428 3493 postea
1471 3406 1968 3491 familiariusque
2015 3406 2330 3490 cognitam
2373 3406 2440 3473 in
2488 3407 2659 3473 omni
2703 3407 2840 3475 loco
2855 3458 2874 3491 ‚
2930 3406 3031 3473 ubi

693 3545 809 3591 nos
856 3524 978 3590 duo
1010 3522 1342 3589 convenire
1371 3522 1713 3608 potuimus,
1760 3542 1954 3609 supra
1984 3523 2150 3589 vires
2181 3525 2246 3589 et
2272 3522 2498 3589 merita
2527 3543 2668 3589 mea
2696 3523 3027 3590 honorasti.

693 3640 874 3707 Unde
911 3638 1485 3707 desiderantissime
1518 3639 1904 3704 fraternitati
1948 3644 2094 3704 tuae
2139 3638 2216 3704 de
2259 3659 2404 3705 mea
2445 3638 2749 3706 fidelitate
2794 3638 3031 3705 indubi-

694 3762 902 3823 tanter
947 3762 1233 3823 constare
1278 3755 1452 3838 volo,
1513 3755 1710 3840 quod,
1766 3756 2119 3841 ubicunque
2162 3774 2421 3841 possum
2467 3761 2532 3822 et
2572 3755 2722 3822 boni
2767 3755 3031 3821 nominis

693 3873 790 3939 tui
846 3873 1079 3939 famam
1136 3893 1364 3956 augere
1423 3876 1486 3937 et
1540 3890 1795 3937 causam
1850 3873 2044 3956 tueri,
2099 3871 2369 3938 libenter
2423 3872 2649 3940 faciam
2706 3877 2770 3938 et
2811 3872 2928 3939 feci
2974 3877 3033 3936 et

697 3990 924 4056 cotidie
979 3989 1172 4069 faci03
1233 3989 1528 4073 quoniam
1584 3987 1819 4053 similia
1874 4008 1914 4053 a
1967 3992 2030 4054 te
2077 3993 2390 4074 exspecto.
2571 3988 2890 4055 Domnum
2932 3987 3029 4068 Α.,

693 4105 1084 4193 presentium
1143 4103 1513 4190 portitorem
1570 4102 1926 4170 litterarum
1941 4152 1960 4187 ‚
2028 4103 2347 4170 hominem
2405 4105 2559 4171 satis
2618 4102 2917 4171 afflictum
2972 4107 3032 4169 et

696 4222 1002 4288 bonorum
1049 4219 1300 4286 solaciis
1357 4219 1672 4304 indigum,
1732 4220 1954 4305 pietati
1999 4225 2245 4287 vestrae
2305 4221 2604 4287 attentius
2650 4219 3028 4300 commendo,

694 4343 786 4422 ut,
834 4338 1000 4404 sicut
1031 4337 1523 4404 misericorditer
1555 4356 1698 4403 cum
1745 4356 1818 4403 00
1847 4337 2052 4403 facere
2083 4337 2362 4423 cepistis,
2407 4337 2499 4404 ita
2526 4358 2724 4423 usque
2754 4337 2820 4404 in
2848 4334 3030 4402 finem

841 4493 881 4525 a.
923 4477 1066 4524 Emell
1098 4495 1137 4524 c.

841 4567 888 4620 1.
926 4563 1251 4619 Amoldum.
1395 4565 1449 4619 2.
1484 4562 1778 4634 episcopus
1814 4562 2342 4635 Meklenburgensis.
