3319 5242
726 426 852 492 116
1498 445 1797 492 wmALm
1837 443 2169 493 musi-ona
2210 445 2286 491 se.

545 588 683 643 1147
721 584 1053 651 sulendum
1108 584 1289 651 nobis
1344 584 1384 651 a
1425 586 1809 652 monasterio
1865 606 1978 653 suo
2033 605 2430 671 nequaquam
2474 584 2746 670 valeret,
2803 583 3060 651 tandem

560 664 670 722 Apr‘
722 701 1092 768 auctoritate
1136 701 1313 784 regia
1357 701 1437 766 ad
1481 702 1723 768 curiam
1767 706 1863 768 est
1907 707 2200 768 evocatus
2248 708 2342 785 et,
2389 706 2649 785 cogente
2693 701 2906 787 ipsum
2951 699 3061 766 do-

718 817 890 883 mino
934 822 1151 884 nostro
1194 816 1478 883 Conrado
1509 816 1935 884 Romanorum
1979 839 2146 902 rege,
2191 818 2420 884 fratres
2463 822 2715 883 nostros
2762 823 2826 883 et
2866 815 3061 883 laicos

718 939 988 1018 nostroe,
1036 934 1143 1019 qui
1186 932 1337 1000 illuc
1379 933 1739 1019 frequentes
1785 939 2226 1018 convenerant,
2274 934 2453 1019 sequi
2498 938 2562 999 et
2591 933 2673 999 ad
2700 952 2815 999 nos
2844 932 3062 999 venire

718 1049 1075 1137 compulsus
1124 1054 1236 1117 est.
1306 1049 1394 1115 Et
1435 1049 1674 1133 gratias
1703 1048 1839 1116 Deo
1885 1051 2302 1138 omnipotenti
2339 1050 2691 1134 referimus,
2739 1048 2907 1134 quod
2935 1069 3063 1115 non

719 1187 934 1233 sumus
978 1166 1254 1233 fraudati
1299 1166 1338 1232 a
1382 1165 1691 1233 desiderio
1737 1171 1954 1232 nostro
2003 1171 2067 1232 et
2110 1166 2149 1232 a
2192 1187 2325 1252 spe,
2371 1186 2561 1251 quam
2602 1165 2679 1233 de
2709 1165 2850 1251 ipso
2880 1171 3063 1251 patre

717 1287 932 1349 nostro
978 1301 1499 1369 conceperamus;
1549 1282 1845 1367 quoniam
1890 1282 2167 1349 mirabili
2210 1281 2526 1348 industria
2569 1301 2787 1347 omnes
2818 1281 3063 1349 dissen-

718 1399 927 1466 siones
986 1404 1234 1464 nostras
1291 1397 1373 1463 ad
1427 1417 1648 1485 pacem
1695 1404 1759 1466 et
1804 1400 1885 1464 ad
1898 1409 1924 1434 ¹
1966 1399 2363 1464 concordiam
2404 1396 2760 1465 revocavit*
2807 1402 2872 1463 et
2914 1417 3062 1484 pos-

718 1516 1028 1582 sessiones
1073 1535 1203 1581 non
1229 1534 1481 1602 parvae,
1527 1535 1683 1600 quas
1714 1515 2038 1602 depositus
2068 1514 2176 1581 ille
2207 1513 2610 1598 alienaverat,
2654 1533 2888 1599 magna
2917 1533 3059 1580 cum

715 1632 1054 1719 prudentia
1099 1636 1164 1698 et
1208 1629 1480 1698 efficatia
1525 1631 1607 1697 ad
1649 1651 1834 1697 usum
1878 1631 2246 1698 monasterii
2289 1631 2629 1714 recollegit.
2765 1630 3065 1698 Preterea

716 1753 865 1813 sunt
912 1749 987 1813 in
1042 1747 1277 1813 vicinia
1331 1752 1549 1813 nostra
1604 1747 1728 1813 duo
1786 1748 2172 1814 monasteria
2228 1746 2638 1832 feminarum,
2695 1767 2856 1833 quae
2911 1766 3063 1814 suae

718 1863 1112 1930 enormitatis
1157 1863 1499 1949 pertinatia
1541 1868 1792 1930 nostros
1839 1869 1903 1931 et
1947 1865 2228 1930 omnium
2271 1863 2709 1948 religiosorum
2754 1862 2970 1930 oculos
3000 1867 3065 1931 et

717 1999 900 2046 aures
947 1979 1277 2066 sepissime
1323 1978 1733 2046 offenderunt.
1802 1979 1908 2046 Ad
1938 1980 2103 2066 quod
2132 1979 2404 2046 malum‘
2435 1979 2887 2047 eliminandum
2919 2000 3063 2047 cum

718 2095 974 2181 quidam
1020 2115 1098 2162 ex
1144 2096 1378 2162 nostris
1424 2096 1755 2163 abbatibus
1800 2095 2087 2163 laborare
2118 2097 2452 2183 cepissent,
2498 2097 2791 2181 quatinus
2820 2103 2888 2163 et
2914 2117 3062 2184 pos-

716 2212 913 2278 sessio
972 2211 1311 2279 aecclesiae
1355 2211 1646 2279 nostrae‘¹
1692 2213 2081 2279 conferretur
2128 2217 2192 2279 et
2236 2213 2451 2279 divina
2493 2212 2649 2279 inibi
2693 2212 2917 2297 religio
2964 2233 3064 2279 re-

715 2329 1124 2413 formaretur,
1184 2328 1468 2414 optinere
1513 2349 1641 2394 non
1685 2333 2044 2414 potuerunt.
2140 2326 2250 2395 Set
2294 2328 2560 2395 domnus
2607 2328 2801 2395 abbas
2846 2334 3067 2396 noster

717 2443 1043 2511 Wiboldus
1056 2453 1098 2528 ⁶,
1144 2443 1363 2511 multis
1398 2444 1528 2511 suis
1560 2444 1875 2530 obsequiis
1905 2443 2278 2511 inclinatum
2306 2444 2542 2512 habens
2574 2445 2857 2510 animum
2887 2445 3066 2531 prin·

716 2560 874 2647 cipis
888 2610 906 2646 ,
968 2561 1008 2627 a
1050 2560 1279 2628 domno
1331 2582 1478 2646 rege
1523 2566 1740 2628 nostro
1786 2559 2158 2645 C(onrado)‘
2201 2561 2598 2649 impetravit,
2658 2560 2880 2629 eadem
2924 2560 3069 2630 loca

718 2697 860 2744 cum
906 2678 1196 2745 omnibus
1246 2679 1376 2745 suis
1426 2678 1815 2764 appendiciis
1861 2678 2241 2744 monasterio
2286 2683 2500 2744 nostro
2547 2679 2819 2745 conferri
2852 2685 2920 2746 et
2947 2700 3069 2767 per

717 2794 1107 2860 auctoritatis
1152 2796 1363 2878 regiae
1406 2793 1811 2881 privilegium
1853 2794 2204 2878 legitimam
2246 2794 2650 2862 traditionem
2679 2793 3066 2863 confirmari.

714 2909 1029 2977 Dilectam
1071 2911 1285 2997 itaque
1328 2911 1510 2978 nobis
1557 2910 2057 2977 misericordiam
2099 2915 2378 2977 vestram
2419 2909 2599 2977 flexis
2631 2911 2713 2977 ad
2740 2932 2854 2978 vos
2884 2913 3072 2996 geni-

712 3025 832 3093 bus
878 3027 1083 3094 cordis
1127 3026 1450 3094 humiliter
1493 3027 1906 3115 imploramus
1920 3076 1940 3112 ,
1997 3031 2101 3111 ut,
2150 3027 2446 3112 quoniam
2488 3028 2618 3093 iam
2661 3048 2810 3115 sepe
2855 3028 3072 3097 dictus

714 3147 898 3230 pater
941 3149 1154 3210 noster
1201 3145 1474 3230 quinque
1520 3143 1760 3210 talenta
1806 3163 1965 3229 quae
2007 3148 2336 3230 acceperat
2365 3142 2630 3210 sollicite
2661 3143 3018 3231 duplicavit
3035 3142 3073 3232 ¹,

715 3258 1034 3326 Christum
1095 3260 1449 3344 imitantes,
1507 3279 1729 3326 verum
1788 3264 1853 3325 et
1906 3259 2140 3326 bonum
2198 3265 2448 3346 patrem
2501 3260 2808 3345 familias,
2865 3281 3076 3348 supra

715 3375 932 3442 decem
978 3376 1265 3442 civitates
1280 3370 1303 3405 ²
1350 3396 1494 3442 eum
1542 3374 1939 3441 constituatis
1983 3375 2165 3441 iuxta
2206 3374 2396 3443 illud:
2448 3376 2635 3444 Omm‘
2666 3377 2917 3444 habenti
2946 3381 3073 3446 da-

716 3486 932 3575 bitur-⁸,
982 3496 1047 3557 et
1092 3512 1255 3574 eum,
1304 3496 1517 3558 vestra
1559 3491 1993 3559 benedictione
2023 3492 2370 3578 apostolica
2396 3493 2730 3576 munitum,
2776 3497 2850 3558 ut
2876 3493 3073 3561 nobis

712 3612 780 3674 et
823 3627 1077 3695 preesse
1122 3612 1187 3674 et
1229 3608 1530 3694 prodesse
1563 3606 1792 3692 valeat,
1840 3607 1922 3673 ad
1965 3627 2080 3673 nos
2126 3626 2271 3674 cum
2315 3608 2544 3693 gaudio
2589 3608 2954 3693 remittatis,
3007 3616 3074 3678 et

715 3723 1137 3808 donationem,
1193 3743 1383 3809 quam
1428 3723 1719 3791 dominus
1763 3728 1978 3791 noster
2021 3745 2135 3791 rex
2180 3723 2258 3791 de
2302 3725 2602 3812 predictis
2648 3724 2890 3792 duabus
2936 3726 3072 3793 cel-

712 3838 793 3905 lis
836 3845 1091 3907 nostro⁸
1134 3841 1515 3908 monasterio
1558 3841 1768 3925 fecith,
1813 3840 2011 3908 vestri
2053 3840 2372 3928 privilegii
2412 3841 2646 3928 pagina
2687 3839 3072 3911 confirmare

713 3955 1078 4041 dignemini.

856 4158 897 4190 a.
931 4144 988 4190 ad
1021 4161 1104 4190 om.
1132 4145 1175 4189 1.
1285 4143 1329 4191 b.
1361 4145 1595 4193 renovavit
1626 4147 1671 4191 2.
1778 4158 1818 4190 c.
1850 4143 2017 4191 malum
2048 4160 2133 4189 om.
2159 4143 2202 4189 1.
2307 4142 2358 4199 (1,,
2383 4145 2567 4190 nostrae
2598 4160 2683 4189 om.
2712 4144 2757 4189 2.
2860 4157 2903 4189 c.
2936 4143 3069 4205 Wie-

710 4222 876 4270 boldus
909 4225 952 4270 2.
1074 4223 1108 4270 f.
1142 4223 1190 4270 C.
1223 4241 1308 4271 om.
1331 4226 1374 4272 1.
1502 4239 1545 4285 g.
1576 4227 1736 4272 nostro
1770 4242 1853 4270 om.
1876 4225 1920 4270 2.
2043 4222 2088 4269 h.
2120 4222 2230 4269 fecit
2261 4224 2407 4270 ont-2.

854 4337 904 4393 1.
940 4313 1372 4408 Matth.25‚16.‘
1504 4339 1555 4393 2.
1594 4338 1729 4394 Luc.
1759 4336 1841 4404 19,
1871 4336 1956 4390 ιτ.
2098 4337 2153 4391 3.
2187 4334 2607 4407 mansam.
