3319 5242
987 482 1286 530 wmanm
1328 481 1705 531 nmsrom
1748 481 1856 528 819.
1888 481 1995 528 820.
2532 463 2666 530 449

319 618 503 690 319.
546 624 869 690 Com-adue
895 624 1008 692 HI
1036 650 1153 691 rex
1194 626 1475 693 Wt’baldo
1520 627 1759 707 scribit,
1808 623 2174 691 Heinrioum
2218 622 2513 707 Leonem,
2561 648 2669 690 ne·

540 740 742 826 qleeta
797 743 973 807 ouria
1025 741 1323 825 Ulmemi,
1371 742 1732 809 Bovarium
1785 742 2112 823 invasisse,-
2170 763 2355 828 seque
2412 741 2672 805 eundem

543 856 952 923 Rataekbonam
994 860 1061 922 in
1108 859 1271 923 diem
1314 858 1399 923 11
1431 856 1601 924 Iunii
1642 859 1968 923 vocavi-sse.
2346 852 2456 935 (Μ.
2491 854 2670 937 233.)

499 986 875 1072 C(onradus)
913 989 1036 1057 Dei
1079 989 1287 1074 gratia
1316 988 1745 1056 Romanorum
1785 1009 1903 1056 rex
1932 982 2274 1071 W(ibaldo)
2307 986 2672 1056 Corbeiensi
2708 991 2846 1046 1151

317 1101 537 1170 abbati
579 1105 852 1187 gratiam
895 1125 1077 1172 suam
1122 1106 1188 1172 et
1230 1126 1417 1173 omne
1460 1106 1714 1174 bonum.

501 1217 865 1288 Sinceritati
899 1226 1045 1288 tuae
1089 1227 1311 1288 notum
1356 1222 1460 1307 sit,
1506 1223 1675 1308 quod
1713 1242 1830 1288 nos
1862 1241 1942 1288 ex
1971 1219 2233 1287 consilio
2265 1226 2330 1287 et
2357 1220 2671 1307 peticione

314 1333 683 1423 principum
725 1336 871 1403 duci
902 1336 1249 1421 H(einrico)
1283 1337 1596 1405 Saxoniae
1642 1338 1724 1404 ad
1769 1335 2293 1425 expostulandam
2337 1335 2669 1404 beneficia-

312 1449 449 1518 lem
509 1451 829 1520 iusticiam
894 1455 1137 1521 curiam
1189 1452 1375 1521 Ulme
1433 1455 1503 1521 in
1556 1458 1781 1521 octava
1836 1453 2210 1541 epiphaniae
2228 1448 2246 1480 ¹
2298 1453 2665 1520 indiximus.

315 1565 465 1655 Ipse
507 1588 657 1635 vero
704 1569 802 1636 ad
829 1570 1097 1637 eandem
1138 1572 1380 1638 curiam
1423 1590 1552 1637 non
1596 1569 1802 1638 solum
1845 1570 2060 1637 venire
2103 1569 2405 1655 neglexit,
2449 1588 2671 1636 verum

317 1683 517 1750 etiam
582 1690 831 1753 armata
885 1707 1081 1754 manu
1139 1685 1435 1754 ducatum
1488 1686 1815 1754 Bawariae
1874 1706 2181 1774 occupare
2235 1690 2494 1753 conatus
2554 1689 2669 1752 est.

313 1797 453 1867 Nos
495 1801 731 1887 itaque,
777 1802 1061 1870 debitum
1105 1802 1336 1888 regalis
1382 1822 1684 1871 censurae
1728 1804 1932 1887 magis
1979 1823 2170 1889 quam
2214 1804 2349 1871 eius
2377 1803 2548 1870 facta
2578 1807 2673 1869 at-

315 1915 673 2003 tendentes,
720 1917 910 1985 aliam
955 1920 1197 1986 curiam
1242 1940 1323 1987 ex
1364 1920 1599 1987 iudicio
1643 1919 2008 2007 principum
2052 1919 2122 1986 in
2155 1920 2317 1987 festo
2346 1918 2676 1986 Barnabae

318 2028 628 2119 apostoli²
655 2033 1002 2123 Ratispone
1034 2037 1095 2103 ei
1122 2034 1514 2123 prefiximus,
1562 2035 1993 2122 querimoniae
2018 2036 2221 2123 ipsius
2250 2035 2388 2104 Deo
2422 2041 2676 2103 auctore

316 2148 728 2218 satisfacturi.
819 2150 1048 2220 Cetera
1086 2153 1369 2219 nuntius.

322 2359 506 2432 320.
547 2365 877 2433 Heinrious
922 2366 1057 2432 Leo
1102 2366 1454 2433 Wibaldum
1508 2378 1721 2453 roqat,
1781 2378 1850 2432 ut
1901 2367 1968 2431 in
2021 2367 2197 2431 αι’-ἑο
2241 2366 2679 2433 Rati-ebonemi

549 2482 649 2547 die
702 2482 793 2548 12
829 2482 999 2548 Iunii
1049 2484 1168 2549 sibi
1223 2484 1387 2548 assit.
1481 2480 1925 2548 Theodericum
1977 2482 2055 2547 de
2097 2481 2467 2568 Rikelt‘nqen
2510 2504 2675 2547 com-

549 2598 815 2665 mendat.
2352 2593 2461 2678 (Μ.
2496 2596 2676 2680 290.)

2728 1065 2822 1112 Ian.

503 2731 752 2799 Domno
813 2730 1154 2814 W(ibaldo)
1221 2731 1567 2799 venerabili
1634 2729 2030 2799 Corbeiensis
2099 2730 2399 2798 ecclesiae
2464 2730 2677 2798 abbati
2713 2739 2852 2795 1151

317 2847 708 2930 H(einricus)
755 2848 879 2915 Dei
924 2847 1132 2932 gratia
1174 2847 1305 2914 dux
1347 2847 1675 2915 Bawariae
1721 2853 1787 2917 et
1831 2847 2175 2933 Saxoniae‚
2229 2847 2565 2915 ascendere
2608 2847 2678 2913 in

318 2969 606 3032 montem
650 2965 910 3032 Domini
957 2960 1038 3031 et'
1063 2969 1233 3031 stare
1276 2965 1346 3031 in
1388 2963 1526 3031 loco
1573 2969 1791 3031 sancto
1838 2966 1973 3031 eius
1984 2960 2027 3031 ⁸.

502 3081 812 3162 Quoniam
867 3081 1122 3147 virtutis
1179 3085 1428 3147 vestrae
1491 3078 1695 3146 multa
1761 3081 2196 3167 experimenta
2248 3079 2675 3165 cognovimus,

319 3197 597 3265 multum
651 3198 720 3264 in
772 3196 1199 3265 benivolentia
1240 3201 1454 3263 vestra
1507 3195 1899 3263 confidimus.
1990 3195 2127 3263 Hac
2180 3196 2394 3283 itaque
2445 3216 2678 3282 magna

315 3314 698 3402 precedente
742 3313 1139 3398 confidentia,
1186 3314 1336 3399 quia
1370 3312 1681 3380 Dominus
1727 3317 1791 3380 et
1818 3332 1972 3380 vera
2013 3312 2311 3399 loquendi
2355 3312 2679 3380 audatiam

319 3430 666 3516 eademque
712 3431 980 3498 discrete
1010 3429 1374 3519 proferendi
1401 3429 1580 3496 vobis
1612 3449 1728 3516 pre
1755 3428 1975 3496 multis
2006 3428 2148 3496 aliis
2179 3429 2445 3496 contulit
2474 3430 2675 3498 scien-

315 3547 499 3631 tiam,
542 3552 814 3614 vestram
846 3547 1091 3613 adimus
1124 3547 1352 3614 obnixe
1383 3546 1794 3633 deprecantes
1822 3546 2333 3631 benivolentiam,
2379 3547 2676 3631 quatinus

318 3662 392 3729 in
436 3664 633 3747 curia,
680 3683 867 3749 quam
913 3684 1028 3730 rex
1074 3665 1114 3730 2
1146 3663 1294 3730 Idus
1323 3659 1525 3729 Iunii⁴
1552 3661 1897 3750 Ratispone
1941 3662 2379 3731 celebrandam
2423 3662 2676 3748 indixit,

318 3779 506 3846 nobis
553 3780 864 3846 assistatis
910 3785 993 3864 et,
1041 3799 1230 3866 quam
1274 3779 1343 3845 in
1386 3799 1502 3846 nos
1549 3779 1658 3846 det
1702 3780 2100 3865 sententiam,
2149 3779 2440 3847 audiatis.
2531 3778 2677 3845 Pol-

318 3894 534 3962 licitus
581 3900 677 3961 est
719 3896 907 3980 enim,
957 3895 1123 3982 quod
1153 3894 1496 3962 secundm
1524 3895 1843 3962 iusticiam
1872 3896 1974 3964 vel
2002 3896 2363 3985 principum
2393 3893 2674 3978 consilia,

321 4011 434 4097 qui
459 4011 539 4077 ad
562 4011 802 4079 curiam
827 4011 1160 4096 confluent,
1191 4031 1258 4078 se
1281 4011 1463 4078 nobis
1483 4024 1990 4098 responsurum·.
2038 4012 2281 4097 Valete‚
2314 4016 2378 4078 et
2408 4011 2485 4077 de
2514 4010 2676 4077 inte-

319 4128 637 4212 gerrimae
667 4127 1023 4196 dilectionis
1056 4127 1282 4195 affectu
1316 4147 1397 4193 ex
1426 4128 1629 4194 nostri
1658 4134 1842 4215 parte
1873 4129 2013 4196 sitis
2045 4127 2307 4194 indubii.
2356 4126 2675 4193 Domnum

319 4243 782 4312 Theodericum
826 4244 905 4311 de
932 4243 1309 4328 Rikelingen
1352 4241 1640 4329 filiosque
1688 4245 1822 4312 eius
1867 4244 2189 4311 dilectioni
2225 4247 2475 4310 vestrae
2505 4261 2675 4308 com-

318 4359 730 4443 mendamus3
780 4366 844 4428 et
887 4366 960 4427 ut
1003 4362 1093 4427 eis
1137 4361 1445 4445 benignus
1494 4361 1803 4446 existatis,
1848 4361 2071 4427 intime
2116 4378 2431 4443 rogamus.

470 4504 748 4551 adeona.

469 4590 522 4645 1.
559 4589 676 4644 Ian.
705 4590 790 4644 13.
932 4590 986 4645 2.
1034 4589 1154 4645 Iun.
1184 4590 1270 4646 11.
1413 4591 1468 4645 3.
1503 4589 1595 4646 Ps.
1619 4591 1708 4659 23,
1733 4590 1786 4645 3.
1929 4589 1983 4645 4.
2017 4588 2159 4644 Iuni.
2190 4589 2276 4644 12.
2323 4585 2410 4646 Of.
2434 4603 2524 4658 ep.
2549 4587 2673 4643 319.

430 4685 592 4739 suri,
623 4688 910 4734 Bibliotheca
939 4690 975 4733 1.
2179 4685 2250 4742 29
