3319 5242
951 436 1264 486 muns
1309 436 1770 487 consummas
2444 421 2531 491 35

378 576 512 642 918.
585 575 913 643 Conradus
957 598 1072 644 rex
1119 578 1305 661 obiit;
1354 577 1689 647 Heinricus
1734 599 1999 664 regnare
2045 580 2271 668 coepit.

375 693 512 758 919.
583 691 849 777 Ungarii
894 692 1239 763 Saxoniam
1283 694 1622 763 crudeliter
1653 696 1989 763 vastabant
2017 701 2082 763 et
2112 716 2256 764 cum
2284 694 2533 764 infinita

234 806 423 890 praeda
472 813 537 874 et
591 810 873 876 maxima
926 810 1296 897 captivitate
1353 813 1680 898 utriusque
1733 833 1922 879 sexus
1969 812 2052 879 ad
2095 813 2387 899 proprias
2432 833 2533 880 re-

233 923 362 987 versi
400 929 543 989 sunt
585 930 809 1011 terras,
860 926 1134 993 Domino
1178 927 1490 994 irascente
1535 929 1873 996 adversum
1916 948 2052 995 nos,

370 1041 511 1106 927.
582 1039 962 1126 Herigerus·
1020 1042 1531 1131 archiepiscopus
1550 1040 1566 1071 ¹
1621 1046 1809 1127 obiit;
1874 1043 2268 1112 Hildibertus
2328 1042 2532 1110 archi-

227 1153 515 1242 episcopus
533 1151 551 1183 ¹
596 1157 922 1225 ordinatus
970 1164 1083 1226 est.

364 1270 543 1340 Anno
603 1273 681 1341 ab
736 1274 1172 1343 incarnatione
1216 1275 1478 1343 Domini
1531 1279 1694 1361 929,
1752 1276 2097 1344 indictione
2143 1279 2219 1359 2,
2281 1278 2321 1343 2
2367 1275 2528 1341 Νοιι.
2567 1288 2695 1350 Sept.
2717 1291 2748 1337 4

222 1382 382 1472 Sept,
421 1388 584 1456 feria
629 1392 690 1475 6,
738 1391 981 1459 oriente
1027 1391 1161 1458 sole
1204 1392 1375 1459 facta
1419 1398 1516 1459 est
1558 1414 1774 1480 pugna
1817 1392 2031 1461 valida
2072 1393 2255 1458 iuxta
2296 1390 2533 1458 fiumen

224 1503 359 1586 quod
408 1511 664 1573 vocatur
705 1503 934 1595 Alpia²
980 1513 1202 1574 contra
1247 1507 1505 1576 Sclavos
1519 1559 1539 1593 ‚
1596 1510 1667 1576 in
1721 1531 1847 1595 qua
1899 1510 2204 1596 prostrati
2259 1512 2408 1574 sunt
2452 1508 2532 1574 de

222 1621 443 1702 paganis
494 1624 624 1689 120
668 1622 903 1709 miliaz
950 1624 1187 1711 captivi
1228 1645 1377 1692 vero
1422 1627 1582 1707 8003
1622 1627 1710 1692 ‘de
1740 1626 1973 1692 nostris
2006 1645 2153 1692 vero
2186 1624 2309 1691 duo
2340 1624 2529 1691 duces

219 1728 510 1822 hutharii,
560 1739 819 1824 quidam
863 1760 1011 1807 vero
1057 1739 1393 1826 vulnerati,
1441 1741 1552 1809 alii
1599 1747 1813 1808 autem
1855 1741 2178 1828 prostrati.

361 1855 506 1922 933.
578 1854 1002 1940 Ungariorum
1047 1858 1361 1924 exercitus
1399 1856 1476 1924 ab
1508 1856 1806 1925 Heinrico
1836 1878 1984 1941 rege
2013 1856 2382 1926 interfectus
2412 1862 2527 1925 est.

360 1972 507 2038 934.
581 1970 917 2040 Heinricus
963 1993 1078 2053 rex
1121 1973 1338 2040 Danos
1353 1986 1373 2010 ⁰
1420 1974 1646 2042 subeit.

361 2087 505 2156 936.
578 2086 914 2156 Heinricus
957 2109 1074 2156 rex
1120 2089 1306 2173 obiit;
1352 2092 1768 2176 regnavitque
1799 2087 1976 2156 oddo
2021 2109 2136 2155 rex
2179 2087 2348 2155 filius
2396 2090 2532 2155 eius

216 2216 306 2282 pro
353 2222 439 2268 eo.
519 2202 612 2270 Et
666 2203 838 2271 Unni
892 2205 1400 2292 archiepiscopus
1447 2205 2051 2290 Hammaburgensis
2098 2206 2418 2292 profectus
2462 2205 2533 2272 in

215 2311 483 2384 Scithiam
534 2319 906 2407 predicandi
950 2322 1157 2405 gratia
1200 2323 1462 2390 verbum
1507 2320 1647 2390 Dei'
1676 2322 1891 2407 ibique
1935 2321 2266 2389 defunctus
2313 2341 2388 2389 ac
2433 2342 2530 2388 se-

213 2430 391 2515 pultus
436 2441 554 2502 est.
626 2434 999 2504 Rathubodo
1046 2438 1204 2504 obiit
1247 2439 1611 2506 monachus.

355 2552 479 2618 937
486 2602 502 2618 .
577 2551 1014 2621 Hildiberhtus
1061 2553 1567 2643 archiepiscopus
1614 2555 1801 2637 obiit;
1848 2559 1913 2621 et
1943 2553 2164 2621 eodem
2195 2573 2360 2620 anno
2390 2552 2531 2620 Fri-

210 2660 456 2735 thuricus
514 2669 1027 2759 archiepiscopus
1074 2673 1399 2739 ordinatus
1447 2677 1545 2738 est
1586 2670 2106 2756 Mogontinensis.
2265 2671 2353 2737 Et
2395 2691 2529 2737 mo—

211 2785 452 2851 mteria
508 2784 827 2854 Fuldense
895 2792 983 2854 et·
1025 2788 1228 2855 sancti
1285 2786 1452 2854 Galli
1510 2792 1902 2856 exarserunt.
2084 2787 2171 2853 Et
2221 2787 2529 2856 Amulfus

210 2894 342 2964 ἀπ’
384 2902 565 2969 obiit.

353 3017 503 3084 938.
578 3014 1042 3085 Thancmarus⁴
1094 3021 1336 3087 occisus
1396 3024 1510 3087 est.
1601 3019 1690 3086 Et
1733 3018 2157 3104 Ungariorum
2214 3019 2528 3088 exercitus

209 3125 261 3193 in
294 3127 552 3200 Belxam
568 3129 592 3163 ⁸
637 3133 901 3201 deletus.

350 3251 501 3316 939.
578 3248 691 3316 Sol
732 3251 906 3318 visus
952 3256 1050 3318 est
1092 3252 1442 3319 inminutus
1488 3252 1682 3318 tertia
1725 3251 1852 3319 diei
1894 3250 2084 3335 hora,
2129 3252 2175 3318 4
2214 3250 2362 3319 Idus
2409 3251 2522 3318 Iul.

208 3355 587 3433 Erus-hardus
600 3361 625 3395 ⁸
670 3371 736 3433 et
779 3366 1147 3435 Isliberhtus
1160 3364 1182 3397 '¹
1227 3369 1417 3436 duces
1464 3369 1654 3435 occisi
1699 3374 1865 3435 sunt.

349 3484 500 3550 941.
576 3481 879 3550 Cometae
919 3486 1235 3572 apparuit.

348 3600 501 3666 942.
575 3599 930 3668 Inundatio.
953 3601 1170 3668 nimia.
1239 3599 1605 3669 Folcmarus
1653 3600 1848 3668 abbas
1894 3598 2080 3680 obiit;
2126 3597 2298 3666 Bovo
2330 3598 2524 3667 abbas

207 3710 498 3783 ordinatus
549 3721 667 3783 est.
1260 3770 1264 3775 .

347 3834 501 3900 948.
573 3830 749 3898 Bovo
796 3830 989 3898 abbas
1036 3832 1222 3915 obiit;
1270 3831 1631 3899 Gerbernus
1680 3831 1873 3899 abbas
1919 3831 2247 3899 ordinatus
2293 3836 2408 3899 est.

347 3949 499 4016 949.
574 3948 934 4016 Translatio
979 3949 1204 4035 capitis
1251 3949 1456 4016 sancti
1497 3948 1726 4016 Iustini
1770 3948 2053 4016 martiris
2086 3949 2167 4015 de
2196 3946 2523 4033 Magathaf·

201 4054 332 4146 burg
364 4065 455 4134 'ad
500 4085 739 4133 novam
783 4064 1133 4134 Corbeiam.

298 4299 337 4333 ⁸.
373 4290 476 4336 alia
519 4305 685 4336 annue
718 4298 822 4335 me
852 4287 1096 4347 Herigerus
1122 4289 1304 4348 posuit.-
1343 4286 1429 4335 Hic
1459 4285 1491 4345 †
1598 4286 1646 4333 b.
1679 4255 1726 4332 ὦ
1760 4304 1800 4334 ο.
1901 4300 1941 4334 c.
1971 4285 2154 4334 Danaos
2188 4296 2254 4333 ese
2285 4288 2332 4333 ἰη
2365 4287 2522 4332 codice

202 4376 407 4414 mxu-
439 4372 489 4416 ίιι
522 4367 698 4416 Dauos.

316 4472 366 4526 1.
399 4473 784 4544 Hognntinus.
889 4474 941 4529 2.
978 4470 1119 4528 Elbe
1145 4470 1200 4526 fl.
1307 4471 1360 4526 3.
1386 4470 1672 4526 Bavariae.
1779 4468 1834 4524 4.
1862 4469 2106 4526 Heinrici
2131 4469 2158 4524 I
2183 4469 2331 4540 regis
2355 4466 2520 4523 filius.

202 4553 241 4608 5-
271 4573 405 4631 pago
438 4561 517 4618 ad
556 4561 744 4618 Albim
782 4559 835 4615 fl.
944 4562 999 4616 6.
1035 4559 1149 4616 dux
1183 4560 1537 4616 Francorum.
1648 4560 1701 4615 7.
1735 4557 1850 4614 dux
1885 4558 2345 4615 Lothariensium.

2013 4655 2097 4713 δί’
