3319 5242
684 421 730 485 4
1509 439 1939 489 mustum
1985 439 2039 488 s.
2072 441 2215 489 vm

684 585 977 664 terosque
1034 581 1426 666 patriarchas
1473 588 1537 650 et
1581 582 1922 670 prophetas
1969 580 2277 649 miracula
2320 581 2655 666 facientes,
2717 579 3037 668 apostolos

684 714 928 780 quoque
973 696 1200 763 umbra
1243 697 1343 765 vel
1389 695 1806 765 semicinctio¹
1849 696 2132 766 infirmos
2163 704 2476 781 curantes,
2523 702 2806 764 mortuos
2837 697 3034 763 susci-

681 816 908 878 tantes.
1000 811 1138 896 Ego
1196 818 1409 881 tamen
1462 815 1686 881 mirari
1741 834 1871 881 non
1927 815 2175 898 desino,
2235 814 2507 900 qualiter
2562 813 2664 881 vel
2722 813 3033 898 quomodo

680 926 863 994 fortis
909 927 977 992 in
1019 930 1336 1015 passione,
1384 935 1681 998 strenuus
1711 931 1780 997 111
1809 931 2131 998 reddenda
2159 930 2426 1015 ratione,
2474 930 2764 997 assiduus
2794 930 2863 995 in
2894 949 3034 995 ora-

679 1043 872 1127 tione,
915 1042 1280 1113 inflexibilis
1328 1047 1521 1113 etiam
1565 1048 1633 1113 in
1677 1048 1881 1134 patris
1926 1048 2218 1115 suasione
2261 1046 2602 1133 persistere
2645 1047 2856 1134 potuit
2896 1044 3037 1112 ath-

679 1159 809 1225 leta
839 1159 1074 1227 Christi
1102 1160 1308 1247 vitus,
1357 1163 1760 1232 beatissimus
1803 1185 1963 1252 puer
2008 1169 2072 1232 et
2099 1169 2361 1251 martyr.
2434 1164 2562 1231 Sed
2591 1164 2747 1232 haec
2773 1163 3038 1229 miranti

678 1276 809 1342 iam
853 1277 1104 1364 iamque
1149 1286 1439 1347 occurrat
1481 1287 1623 1365 tua,
1682 1280 1955 1348 Domine
1969 1331 1988 1365 ,
2048 1282 2273 1367 pietas.
2365 1278 2678 1348 Fecerunt
2721 1279 3036 1364 siquidem

678 1394 882 1460 sancti
925 1394 1260 1480 miracula,
1310 1396 1421 1464 sed
1466 1396 1679 1464 nullus
1725 1399 1862 1465 sine
1900 1403 2001 1480 .te;
2048 1403 2218 1464 certe
2263 1402 2335 1463 tu
2378 1398 2447 1463 in
2494 1397 2820 1482 omnibus,
2868 1402 2933 1464 et
2977 1396 3036 1461 si

678 1513 768 1595 tu,
816 1512 1193 1578 omnimodis
1239 1517 1303 1579 et
1345 1512 1413 1578 in
1459 1513 1601 1579 isto.
1671 1514 1845 1581 Haec
1888 1519 2000 1580 tua
2029 1518 2145 1598 est,
2192 1512 2483 1598 Domine,
2531 1513 2891 1581 veneranda
2917 1531 3035 1599 po·

679 1631 907 1713 testae,
954 1628 1110 1695 haec
1155 1633 1409 1695 tuorum
1455 1630 1809 1697 certissima
1851 1629 2042 1715 fides,
2090 1630 2259 1716 quod
2302 1649 2564 1698 manens
2607 1630 2776 1697 inter
2821 1628 3038 1696 omnia

678 1742 1114 1830 complecteris
1161 1746 1393 1830 omnia,
1440 1746 1610 1814 idem
1653 1767 1919 1814 manens
1964 1747 2230 1813 innovas
2262 1746 2494 1830 omnia,
2541 1764 2853 1831 nusquam
2883 1744 3033 1811 dees

678 1865 743 1925 et
786 1860 1016 1945 ubique
1060 1867 1230 1928 totus
1278 1882 1365 1929 es.
1435 1863 1718 1948 Agamus
1763 1864 1958 1947 igitur
1999 1864 2349 1931 indefessas
2379 1863 2637 1947 gratiae,
2682 1861 3034 1946 laudemus,

679 1976 1012 2044 adoremus
1061 1998 1226 2065 eum,
1273 1979 1383 2065 qui
1425 1979 1577 2047 fecit
1618 2000 1755 2064 noS,
1801 1999 1918 2067 per
1961 1979 2210 2047 infinita
2255 1979 2484 2047 secula.
2555 1979 2781 2046 Α111011.

857 2105 927 2201 P
918 2143 1017 2205 ost
1061 2138 1399 2206 salvatoris
1444 2141 1647 2207 nostri
1679 2140 1820 2207 Iesu
1851 2140 2089 2208 Christi
2124 2141 2483 2228 passionem
2529 2143 2593 2206 et
2626 2138 3035 2206 resurrectio-

676 2274 844 2340 nem,
889 2260 1037 2341 post
1080 2256 1434 2343 triumphos
1467 2257 1895 2344 apostolorum
1926 2277 2000 2324 ac
2030 2257 2362 2323 victorias·
2393 2262 2748 2343 martyrum
2777 2255 3035 2321 tandem

676 2370 815 2457 ipse
860 2392 975 2437 rex
1019 2393 1240 2456 regum
1287 2378 1350 2439 et
1396 2373 1687 2438 dominus
1733 2373 2071 2457 virtutum,
2134 2374 2447 2459 superatis
2505 2371 2679 2458 pacis
2736 2371 3035 2455 inimicis,

678 2507 900 2573 pacem
958 2488 1258 2555 ecclesiae
1315 2510 1466 2555 suae
1523 2490 1834 2572 restituit,
1895 2490 2049 2555 adeo
2108 2493 2180 2555 ut
2234 2488 2361 2575 ipsi
2403 2510 2585 2572 reges
2633 2488 2714 2554 ad
2759 2487 3037 2553 tumulos

678 2610 1032 2692 martyrum
1075 2605 1382 2693 prostrati
1427 2605 1692 2672 adorent
1723 2611 1786 2672 et
1815 2604 2148 2690 gloriosius
2178 2588 2258 2670 in
2277 2605 2588 2672 frontibus
2622 2604 2751 2671 suis
2785 2624 3042 2672 crucem

680 2721 915 2787 Christi
964 2743 1154 2807 quam
1209 2722 1501 2788 diadema
1553 2721 1838 2806 regium*
1883 2728 2138 2810 portare
2194 2743 2262 2788 se
2322 2722 2665 2806 gaudeant,
2725 2720 3041 2807 simulque

680 2858 795 2923 pro
827 2837 947 2904 fide
982 2844 1169 2923 atque
1201 2843 1371 2904 statu
1401 2836 1700 2904 ecclesiae
1733 2838 2051 2905 decertare
2082 2839 2484 2922 contendant,
2519 2837 2756 2903 honore
2788 2856 3040 2923 quoque

680 2955 958 3020 maximo
1005 2975 1243 3039 eorum,
1292 2975 1447 3041 quos
1495 2959 1920 3021 antecessores
1968 2955 2066 3020 sui
2107 2954 2520 3038 trucidarant,
2568 2952 2859 3039 sepulcra
2903 2974 3042 3019 am-

682 3069 877 3136 biant.
946 3069 1117 3149 Quae
1161 3070 1429 3136 victoria
1460 3069 1716 3155 Christi,
1764 3091 1905 3136 cum
1951 3071 2230 3157 primum
2274 3070 2442 3156 apud
2471 3069 2787 3135 Romanos
2833 3069 3043 3155 tripu-

683 3186 904 3270 diaret,
950 3185 1510 3271 Longobardorum
1559 3192 1811 3270 gentem
1856 3186 2214 3272 penetravit
2259 3191 2446 3271 atque
2491 3186 2559 3251 in
2587 3184 2858 3252 Francia
2902 3185 3041 3269 glo-

681 3303 911 3368 riosius
967 3303 1359 3389 triumphare
1415 3302 1653 3388 coepit,
1713 3300 2031 3389 Hispanos
2078 3302 2263 3386 adiit,
2321 3301 2661 3398 Britannos
2708 3300 3040 3388 conclusit,

681 3417 1035 3502 Anglorum
1079 3425 1331 3503 gentem
1378 3418 1654 3502 subegit3
1705 3423 1787 3503 et,
1834 3417 1984 3485 licet
2029 3417 2358 3505 compulsi,
2406 3418 2530 3505 ipsi
2578 3416 2880 3501 SaxoneS,
2929 3418 3042 3504 qui

682 3534 1035 3618 Anglorum
1081 3535 1237 3601 socii
1280 3535 1560 3617 fuerant,
1618 3534 1847 3601 devota
1902 3540 2112 3601 mente
2171 3534 2333 3600 colla
2378 3534 2774 3600 submittunt.
2865 3532 3041 3602 Laus

681 3650 877 3736 igitur
921 3651 1042 3717 soli
1070 3650 1321 3725 Christo
1370 3656 1432 3717 et
1475 3649 1680 3735 gloria
1709 3650 2171 3736 inenarrabilis,
2219 3651 2329 3737 qui
2362 3671 2594 3718 nomen
2624 3671 2807 3717 suum
2839 3671 3041 3737 usque

683 3766 751 3831 in
795 3768 1099 3833 terminos
1131 3766 1463 3834 universae
1505 3771 1712 3834 terrae
1745 3772 1966 3833 notum
1995 3766 2133 3833 fieri
2163 3767 2380 3832 voluit.
2453 3766 2737 3846 Qualiter
2767 3766 3041 3854 denique

686 3882 968 3950 Saxones
1015 3883 1096 3948 ad
1139 3882 1329 3949 fidem
1375 3888 1562 3969 atque
1608 3884 1690 3950 ad
1736 3883 2121 3968 agnitionem
2155 3883 2442 3949 veritatis
2489 3883 2772 3950 converti
2814 3888 3040 3970 potue-

683 3999 834 4084 rint,
882 4000 1157 4067 breviter
1200 4000 1270 4066 in
1316 4001 1601 4087 sequenti
1648 4007 1982 4067 annectere
2027 3999 2175 4066 huic
2219 3999 2520 4086 opusculo
2566 3998 2802 4066 curavi.

383 4121 665 4177 752-768
862 4116 957 4182 Eo
1002 4117 1198 4200 igitur
1241 4122 1557 4205 tempore,
1615 4138 1738 4204 quo
1783 4116 2094 4201 gloriosus
2139 4137 2254 4184 rex
2297 4116 2606 4205 Pippinus
2650 4115 3043 4184 Francorum

684 4233 943 4316 regebat
971 4233 1331 4321 imperium,
1362 4234 1484 4301 fuit
1506 4234 1604 4300 vir
1633 4233 2012 4300 venerabilis
2043 4232 2427 4300 Fulradus⁶²
2455 4232 2730 4317 nomine,
2764 4232 2873 4318 qui
2903 4253 3041 4300 mo·

826 4389 867 4420 a.
899 4377 1139 4423 memorias
1171 4379 1216 4423 2.
1240 4379 1283 4422 3.
1408 4375 1453 4422 b.
1486 4389 1642 4434 regum
1675 4379 1718 4423 2.
1742 4378 1787 4422 3.
1912 4389 1951 4422 c.
1983 4375 2204 4422 Folradus
2237 4379 2281 4423 2.

831 4463 878 4517 1.
919 4462 987 4518 V.
1024 4461 1154 4518 Act.
1178 4467 1356 4532 apost.
1381 4463 1538 4531 5,15
1573 4466 1631 4518 et
1669 4459 1762 4532 19,
1801 4463 1888 4517 12.
2031 4463 2084 4517 2.
2129 4461 2302 4518 abbas
2337 4459 2655 4517 monasterii
2692 4458 2746 4517 S.
2780 4459 3041 4535 Dionysii

687 4566 860 4620 prope
897 4551 1175 4606 Lutetiam
1212 4550 1544 4606 Parisiorum
1586 4551 1906 4606 750—784.
