3319 5242
722 447 856 512 596
1475 461 1775 509 wmALm
1814 458 2148 509 ims'rom
2190 459 2301 507 ces.

550 610 687 665 1157
724 610 820 671 set
862 603 1215 690 prohibitus
1262 605 1428 669 esset
1472 601 1512 669 a
1554 602 1838 688 predicto
1870 600 2256 669 Gisleberto·
2288 621 2405 689 per
2433 599 2822 683 violentiam,
2867 599 3066 666 inten-

722 722 872 787 tatis
919 721 1110 786 etiam
1154 720 1378 785 mortis
1422 719 1632 784 minis.
1710 718 1814 784 Ad
1856 718 2013 785 haec
2055 738 2205 785 vero
2252 715 2681 784 Gislebertus¹’
2726 715 3067 802 respondit,

726 836 893 921 quod
934 836 1151 903 eadem
1183 835 1505 922 prebenda
1533 835 1654 902 sibi
1685 834 1821 901 iure
1852 834 2216 921 pertineret,
2262 854 2380 920 pro
2413 853 2487 900 eo
2518 833 2687 919 quod
2717 837 3071 899 antecessor

724 952 1063 1040 prescripti
1106 952 1351 1019 abbatis
1381 950 1647 1019 Walteri
1692 951 1970 1018 dedisset
2014 951 2074 1017 ei
2117 949 2524 1036 prebendam,
2573 970 2734 1034 quae
2768 949 2984 1036 prima
3008 948 3073 1013 in

726 1069 945 1136 eadem
1000 1067 1303 1135 aecclesia
1346 1072 1617 1134 vacaret.
1710 1066 1966 1133 Auditis
2022 1066 2237 1151 itaque
2290 1067 2492 1153 partis
2549 1065 2881 1151 utriusque
2927 1064 3074 1131 alle—

723 1184 1101 1269 gationibus,
1148 1185 1414 1252 domnus
1461 1184 1792 1271 episcopus
1840 1182 2184 1250 secundum
2229 1182 2748 1249 consuetudinem
2793 1180 3072 1247 eiusdem

725 1301 1062 1368 aecclesiae
1107 1301 1485 1368 sententiam
1528 1299 1749 1367 iudicii
1795 1298 2265 1367 archidiaconos
2311 1319 2458 1365 suos
2504 1303 2570 1365 et
2598 1303 2807 1364 totum
2836 1297 3075 1364 clerum

721 1417 1152 1500 interrogavit.
1245 1416 1366 1496 Qui
1411 1436 1629 1483 omnes
1674 1437 1803 1482 una
1847 1422 1911 1482 et
1953 1434 2231 1483 consona
2275 1434 2426 1482 voce
2470 1413 2904 1502 protulerunt:
2954 1412 3074 1481 Ge—

721 1534 894 1600 rardi
940 1554 1021 1600 ex
1063 1534 1201 1600 iure
1246 1554 1384 1600 esse
1428 1532 1816 1620 prebendam
1861 1569 1944 1578 —
1993 1533 2135 1619 qui⁶
2181 1531 2360 1619 post‘¹
2401 1531 2726 1599 decessum
2754 1536 3072 1598 recentem

720 1649 1021 1717 Ruoberti
1071 1649 1282 1716 clerici
1327 1670 1468 1717 eam
1513 1650 1810 1716 canonice
1857 1653 2186 1735 acceperat
2230 1684 2314 1694 —
2362 1649 2594 1736 potius,
2641 1658 2835 1735 quam
2871 1645 3071 1714 Gisle-

722 1767 905 1851 berti,
952 1766 1061 1852 qui
1104 1766 1624 1853 pollicitationem
1671 1766 1741 1832 in
1784 1766 2007 1833 mortis
2045 1765 2310 1832 alicuius
2342 1764 2767 1852 captationem
2800 1784 3072 1851 aucupa-

723 1888 918 1950 verat.
1001 1882 1173 1960 Quae
1219 1882 1551 1967 sententia‚
1600 1882 1680 1951 ab
1726 1902 1851 1948 uno
1898 1881 2481 1949 archidiaconorum
2523 1880 2951 1968 promulgata,
2997 1880 3071 1946 ab

720 1999 1032 2066 universis
1079 1998 1188 2084 qui
1230 1999 1299 2065 in
1343 1998 1583 2085 synodo
1630 2004 1812 2066 erant
1857 1998 2207 2087 approbata
2249 2003 2362 2065 est.
2423 1998 2512 2065 Et
2540 2017 2684 2066 cum
2716 1999 3068 2084 episcopus,

724 2117 1004 2182 omnium
1040 2116 1412 2182 auctoritate
1440 2115 1659 2200 fretus,
1708 2116 2140 2202 supradictum
2172 2113 2574 2197 G(erardum)
2607 2114 2915 2181 scolarem
2944 2115 3069 2180 ius-

724 2233 913 2301 sisset
954 2232 1312 2320 prebendae
1358 2253 1509 2299 suae
1553 2231 1949 2316 integraliter
1992 2232 2264 2316 restitui,
2313 2231 2709 2298 adversarius
2757 2232 2892 2297 eius
2932 2229 3069 2296 Gis-

722 2348 998 2417 lebertus
1043 2369 1171 2416 non
1216 2349 1255 2415 a
1297 2348 1615 2416 sententia
1658 2354 1758 2415 set
1801 2348 1879 2415 ab
1926 2348 2327 2416 exsecutione
2377 2353 2624 2415 vestrae
2680 2346 3066 2414 celsitudinis

723 2486 952 2531 nomen
999 2464 1357 2551 appellavit.
1449 2464 1537 2531 Et
1580 2465 1878 2551 quoniam
1924 2470 2170 2532 vestrae
2215 2464 2605 2531 auctoritatis
2651 2467 2750 2530 est
2794 2463 2873 2530 de
2919 2483 3065 2549 qua-

723 2580 904 2649 litate
951 2581 1444 2668 appellationum
1488 2581 1800 2666 iudicare,
1854 2586 2133 2649 vestram
2176 2580 2629 2649 beatitudinem
2674 2585 2921 2648 attenta
2964 2578 3066 2646 de-

723 2700 975 2764 votione
1020 2718 1371 2782 exoramus,
1419 2703 1492 2764 ut
1535 2698 1977 2785 appellationis
2022 2699 2370 2766 remedium
2419 2733 2502 2745 —
2551 2698 2719 2784 quod
2761 2717 2892 2763 non
2930 2697 3067 2762 tan-

723 2821 862 2881 tum
923 2815 960 2881 a
1013 2815 1425 2881 sanctissimis
1484 2816 1773 2901 patribus
1829 2817 2062 2882 nostris
2118 2814 2579 2883 venerabilibus
2636 2819 3068 2881 sacrosanctae

722 2932 951 2998 matris
1013 2937 1268 2998 nostrae
1324 2931 1644 2998 Romanae
1713 2932 2052 2999 aecclesiae
2107 2931 2508 3018 pontificibus
2566 2931 2647 2997 ad
2700 2930 3067 2997 relevandas

726 3068 1169 3136 oppressorum
1216 3068 1438 3115 causas
1483 3049 1899 3134 inspiratione
1944 3049 2160 3116 divina
2198 3049 2560 3115 institutum
2589 3053 2705 3131 est,
2752 3052 2854 3114 set
2882 3048 3068 3114 etiam

726 3165 766 3233 a
806 3165 1315 3251 prudentissimis
1359 3165 1539 3249 regni
1585 3164 1887 3233 secularis
1915 3164 2403 3252 imperatoribus
2431 3163 2707 3231 mirabili
2733 3165 3069 3251 providen-

724 3282 818 3349 tia
872 3287 970 3348 est
1014 3282 1373 3348 ordinatum
1419 3318 1503 3328 —
1550 3286 1731 3348 tanta
1775 3282 2150 3349 discretione
2193 3281 2522 3348 moderare
2567 3281 2947 3365 dignemini,
3002 3287 3072 3347 ut
3103 3303 3110 3308 ·

725 3402 986 3484 propter
1028 3385 1286 3464 frivolas
1334 3403 1399 3464 et
1442 3396 1790 3484 superfluas
1833 3398 2287 3485 appellantium
2313 3398 2602 3465 licentias
2632 3398 3070 3465 innocentibus

725 3534 855 3580 non
884 3517 1166 3580 vertatur
1212 3515 1280 3579 in
1323 3514 1683 3600 pernitiem,
1731 3515 1898 3600 quod
1942 3515 2261 3601 oppressis
2307 3515 2632 3601 provisum
2676 3519 2774 3581 est
2804 3515 2876 3580 in
2905 3514 3069 3581 salu-

725 3634 873 3695 tem.
974 3629 1111 3695 Hoc
1170 3631 1361 3696 etiam
1417 3635 1629 3697 vestra
1683 3629 2038 3697 sublimitas
2094 3629 2332 3697 malum
2385 3630 2687 3698 radicitus
2742 3636 3071 3718 amputare

725 3764 854 3811 non
898 3743 1165 3829 differat,
1212 3767 1292 3812 ne
1336 3747 1405 3811 in
1443 3747 1811 3833 episcopatu
1839 3745 2194 3832 Leodiensi‚
2242 3748 2354 3834 qui
2380 3768 2630 3834 semper
2660 3747 2739 3814 ab
2768 3747 2890 3814 hoc
2916 3748 3067 3813 vitio

728 3861 967 3928 alienus
1012 3861 1155 3945 fuit,
1203 3861 1430 3946 aliquis
1478 3862 1848 3930 ambitiosus
1892 3869 2163 3931 mortem
2207 3864 2574 3950 cuiusquam
2617 3862 2718 3929 vel
2759 3868 2932 3930 emat
2971 3862 3069 3929 vel

726 3982 938 4064 captet
978 3976 1080 4044 vel
1134 3978 1447 4044 desideret
1489 3998 1602 4045 seu
1644 3978 2071 4064 machinetur,
2131 3985 2230 4047 set
2271 3985 2423 4046 tunc
2467 3979 2692 4047 dentur
2737 3979 3068 4047 aecclesia-

728 4094 889 4159 stica
941 4093 1272 4179 beneficia,
1329 4114 1502 4179 cum,
1562 4094 1901 4164 decedente
1954 4116 2226 4184 persona
2266 4096 2660 4185 possidente,
2717 4095 2843 4162 rite
2886 4114 3065 4162 vaca·

725 4209 952 4276 verint.
2829 4229 2834 4234 “

762 4430 829 4476 dd
879 4363 920 4397 a.
963 4350 1165 4399 Gerardo
1198 4368 1236 4399 c.
1391 4352 1438 4400 b.
1478 4352 1707 4402 Genrdus
1738 4372 1778 4403 c.
1934 4367 1975 4401 c.
2017 4355 2097 4416 qui
2125 4357 2294 4416 scripsi
2314 4371 2402 4417 pro
2442 4366 2576 4415 qum
2616 4353 2723 4401 eod.
2878 4353 2925 4400 d.
2961 4352 3064 4413 ped

728 4448 759 4476 a
828 4431 910 4477 idf-
2646 4476 2651 4479 .
