3319 5242
933 448 1234 496 wmAnm
1274 446 1652 499 marona.
1689 450 1798 499 ass.
1835 449 1944 499 484.
2477 435 2609 505 569

263 589 644 671 meruimus3
698 595 763 657 et
804 589 1104 679 precipue
1146 611 1368 679 nuper,
1415 612 1562 661 cum
1606 592 1690 659 ad
1732 593 2132 661 sanctitatem
2174 598 2453 664 vestram
2493 617 2611 684 pro
2720 602 2861 658 1154

264 706 745 775 necessitatibus
774 707 1010 774 nostris
1040 712 1104 775 et
1133 708 1440 792 angustiis
1468 709 1815 796 peticiones
1844 714 2094 778 nostras
2113 713 2611 798 transmisimus3
2630 690 2671 724 ‘³‘
2691 676 2824 725 '⁵⁸¹²'
2838 679 2948 738 ‘³⁹¹'

266 844 425 911 quas
483 828 549 892 et
601 823 1093 892 misericorditer
1146 825 1478 912 accepistis
1525 830 1590 893 et
1628 825 1900 911 benigne
1944 827 2309 916 adimpleri·
2352 830 2610 898 fecistis.

263 940 448 1008 Nunc
494 960 643 1025 ergo
678 940 1088 1008 excellentiae
1115 946 1365 1010 vestrae
1400 947 1639 1010 attente
1668 943 2178 1011 commendamus
2209 944 2611 1014 Heribertum

266 1056 663 1144 capellanum
709 1056 925 1124 domni
968 1057 1157 1142 regis,
1202 1063 1276 1124 ut
1320 1078 1464 1125 eum
1496 1058 1852 1126 venientem
1898 1060 1978 1126 ad
2022 1060 2476 1129 beatitudinem
2504 1084 2612 1131 ve-

265 1179 469 1241 stram
512 1173 619 1262 pie
661 1173 1021 1261 suscipiatis
1066 1179 1132 1261 et
1172 1174 1445 1259 benigne
1488 1175 1757 1243 teneatis
1803 1181 1869 1243 et
1912 1196 2056 1244 eum
2090 1177 2160 1244 in
2190 1179 2322 1245 suis
2350 1180 2612 1266 peticio·

263 1290 452 1358 nibus
497 1290 838 1358 clementer
881 1289 1255 1358 exaudiatis.

265 1501 449 1574 434.
488 1507 809 1572 Adrianus
835 1505 944 1571 IV
965 1529 1152 1594 papa
1186 1505 1469 1585 Wibaldo
1499 1528 1642 1571 suos
1673 1507 1764 1572 ad
1788 1504 2180 1574 Fridevioum
2201 1508 2248 1574 I
2278 1533 2485 1597 reyem
2523 1512 2611 1593 le-

485 1632 665 1709 9atos
709 1623 1108 1688 commendat.
2284 1622 2393 1705 (M.
2429 1626 2609 1709 429.)

442 1742 764 1821 Adrianus
821 1754 1151 1843 episcopus
1208 1773 1427 1821 servus
1472 1773 1799 1822 servorum
1843 1753 1968 1823 Dei
2010 1754 2239 1824 dilecto
2282 1755 2412 1825 filio
2458 1758 2611 1827 Cor·
2676 1771 2817 1828 1154

260 1871 507 1939 beiensi
552 1870 765 1938 abbati
810 1871 1080 1938 salutem
1125 1876 1190 1939 et
1235 1869 1646 1958 apostolicam
1689 1870 2209 1940 benedictionem.
2647 1844 2759 1894 ⁰⁰⁰·
2780 1846 2841 1894 ²⁹

444 1987 859 2055 Devotionem
912 2007 985 2055 ac
1039 1988 1490 2071 reverentiam,
1558 2006 1749 2073 quam
1805 1993 2240 2057 sacrosanctae
2295 1989 2616 2061 Romanae

262 2104 607 2174 aecclesiae
648 2105 840 2171 matri
883 2110 1031 2175 tuae
1074 2105 1375 2172 hactenus
1423 2103 1809 2192 dependisti,
1857 2109 1921 2171 et
1962 2125 2078 2172 nos
2123 2105 2250 2192 ipsi
2294 2108 2614 2192 cognosci-

261 2243 409 2289 mus
457 2227 520 2288 et
561 2222 792 2289 fratres
836 2221 1072 2305 nostri,
1120 2222 1227 2308 qui
1271 2220 1520 2308 plenius
1565 2224 1819 2303 norunt,
1865 2221 2047 2288 nobis
2091 2220 2341 2308 plenius
2384 2224 2615 2292 retule-

261 2343 436 2406 runt.
500 2336 892 2405 Conveniens
939 2337 1229 2424 equidem
1275 2342 1374 2405 est
1403 2343 1467 2405 et
1496 2342 1984 2405 consentaneum
2001 2338 2265 2422 rationi,
2310 2343 2383 2405 ut
2412 2340 2617 2407 eidem

265 2454 631 2540 aecclesiae,
678 2442 839 2540 quae
882 2460 1014 2522 tam
1058 2474 1175 2542 pro
1206 2460 1317 2521 tua
1347 2475 1537 2541 quam
1564 2474 1683 2542 pro
1713 2459 2077 2521 cunctorum
2107 2454 2310 2522 salute
2336 2452 2616 2524 fidelium

263 2572 516 2640 laborat
560 2570 831 2657 assidue,
876 2576 941 2639 te
986 2572 1280 2640 devotum
1327 2576 1392 2639 et
1436 2571 1786 2639 subiectum
1827 2570 2054 2639 debeas
2084 2571 2399 2658 exhibere,
2445 2574 2617 2642 etde

266 2690 405 2757 eius
454 2709 703 2776 semper
745 2689 984 2756 honore
1006 2694 1218 2775 atque
1262 2688 1558 2774 utilitate,
1605 2688 1770 2755 sicut
1813 2688 2132 2774 hucusque
2177 2689 2401 2756 fecisse
2437 2690 2616 2758 dino-

263 2806 463 2873 sceris
476 2856 494 2890 ,
552 2804 820 2872 sollicite
864 2806 1158 2891 cogitare.
1253 2803 1556 2892 Superest
1600 2809 1842 2889 autem,
1901 2809 1975 2871 ut
2014 2804 2250 2871 bonum
2294 2806 2618 2894 inceptum

264 2928 459 3009 atque
513 2922 907 3009 propositum
962 2922 1057 2988 ita
1105 2921 1507 2989 laudabiliter
1552 2921 1948 3007 exsequaris,
2004 2925 2079 2987 ut
2119 2942 2236 2989 nos
2281 2926 2347 2989 et
2387 2922 2616 2991 fratres

262 3041 501 3125 nostri,
560 3040 668 3125 qui
720 3039 956 3106 bonum
1011 3038 1089 3105 de
1132 3042 1198 3105 te
1241 3037 1576 3125 perhibent
1618 3038 2081 3121 testimonium,
2138 3034 2507 3106 fidelitatem
2550 3044 2616 3107 et

265 3156 667 3224 devotionem
708 3160 888 3222 tuam
929 3155 1071 3241 ipso
1115 3153 1212 3222 rei
1256 3153 1482 3222 effectu
1526 3154 1840 3241 possimus
1885 3153 2209 3222 evidenter
2254 3173 2610 3240 agnoscere.

263 3274 355 3341 Et
402 3273 545 3340 ideo
591 3271 913 3340 dilectioni
955 3275 1103 3338 tuae
1145 3290 1261 3357 per
1307 3271 1654 3359 apostolica
1697 3272 1936 3358 scripta
1977 3271 2351 3338 mandamus
2398 3276 2461 3339 et
2504 3292 2614 3339 ex-

262 3391 596 3457 hortamur
638 3388 707 3454 in
738 3387 1033 3474 Domino,
1080 3388 1376 3475 quatinus
1404 3386 1752 3455 Romanam
1798 3386 2187 3472 aecclesiam,
2232 3388 2335 3454 0111
2359 3408 2616 3457 omnem

267 3506 689 3574 obedientiam
745 3504 934 3572 debes
997 3509 1063 3572 et
1104 3505 1566 3574 subiectionem
1619 3503 2016 3591 impendere,
2072 3504 2244 3570 omni
2287 3505 2615 3574 conanime

267 3623 526 3690 studeas
579 3621 889 3688 honorare
948 3626 1014 3688 et
1071 3621 1154 3688 ad
1205 3622 1341 3689 eius
1392 3620 1733 3688 utilitatem
1777 3624 1965 3707 atque
2009 3620 2338 3688 servitium
2381 3626 2446 3689 te
2489 3642 2617 3690 non

268 3738 520 3806 dubites
563 3737 1108 3826 promptissimum
1153 3737 1465 3804 exhibere.
1608 3736 1874 3804 Inventa
1913 3737 2127 3823 itaque
2170 3738 2290 3805 hoc
2331 3743 2617 3826 tempore

267 3855 727 3945 oportunitate,
773 3854 943 3941 apud
987 3852 1286 3920 dilectum
1328 3855 1398 3919 in
1444 3852 1694 3920 Christo
1737 3852 1940 3922 filium
1982 3858 2270 3921 nostrum
2312 3853 2615 3936 F(rideri-

266 3974 438 4056 cum)
482 3972 797 4039 illustrem
823 3970 1250 4036 Romanorum
1293 3989 1508 4054 regem
1551 3969 1644 4036 ita
1689 3969 1894 4037 eidem
1928 3969 2276 4037 aecclesiae
2309 3969 2614 4037 sollicitus

266 4091 358 4158 sis
404 4091 701 4156 assistere
746 4093 811 4155 et
850 4088 944 4153 ita
988 4105 1129 4154 eam
1173 4084 1294 4153 sibi
1336 4085 1586 4153 assidue
1615 4086 2054 4154 commendare
2084 4090 2272 4171 atque
2300 4104 2445 4152 cum
2473 4085 2614 4173 ipso

268 4207 347 4274 de
395 4206 530 4274 eius
575 4204 848 4272 utilitate
894 4208 958 4271 et
999 4203 1387 4270 incremento
1433 4206 1729 4287 tractare,
1774 4208 1848 4270 ut
1890 4201 2109 4269 eadem
2151 4205 2358 4268 mater
2398 4207 2513 4269 tua
2549 4207 2614 4270 te

268 4322 610 4411 specialem
656 4326 720 4388 et
763 4320 1238 4388 devotissimum
1281 4317 1483 4386 filium
1527 4319 1668 4407 ipso
1713 4318 1808 4386 rei
1850 4316 2073 4385 effectu
2098 4322 2402 4406 patenter·
2420 4339 2612 4403 agno·

267 4444 426 4525 scat,
474 4443 537 4505 et
581 4443 653 4505 tu
697 4438 1075 4526 apostolicae
1118 4436 1286 4505 sedis
1333 4435 1662 4524 auxilium,
1707 4434 1996 4522 quotiens
2039 4433 2159 4504 tibi
2200 4435 2395 4503 fuerit
2427 4456 2611 4524 opor-

412 4595 455 4629 t.
496 4579 732 4642 adimpleti
762 4599 802 4630 c.
