3319 5242
728 422 862 490 262
1395 442 1693 489 meum
1738 440 2115 490 unsa-omn
2156 439 2262 488 ιω.
2297 440 2403 487 157.

555 586 695 644 1149
729 582 1010 667 telligere
1039 581 1348 667 volumus,
1397 583 1695 668 quoniam
1725 603 1804 649 ex
1832 582 1961 649 illis
1992 588 2121 666 est3
2169 587 2266 649 set
2292 602 2408 675 per
2441 581 2774 670 epistolam
2805 586 3051 649 vestram

729 699 809 766 de
854 699 1143 766 omnibus
1187 696 1520 765 certificari
1562 697 1871 766 volumus.

740 1026 914 1097 157.
961 1028 1366 1094 Rern-hardus
1445 1030 1767 1116 episcopus
1833 1028 2360 1094 Pedes-bomem&
2432 1027 2715 1095 Wibaldo
2783 1029 3059 1106 rescribit,

953 1155 1023 1209 ut
1077 1146 1145 1209 in
1191 1145 1517 1211 Rideo-ico
1576 1147 1795 1210 comite
1844 1144 1963 1210 sibi
2005 1145 2462 1210 reconciliando
2510 1147 2859 1211 cautionem
2903 1142 3063 1209 adlei-

954 1262 1110 1327 beat.
2767 1257 2879 1340 (Μ.
2909 1256 3065 1338 138.)

560 1402 697 1458 1149
908 1391 1363 1475 B(ernhardus)
1416 1391 1540 1460 Dei
1605 1392 2041 1460 misericordia
2104 1390 2747 1465 Patherbornensium
2811 1390 3069 1479 pusillus

731 1509 1006 1577 famulus
1075 1508 1303 1575 dilecto
1357 1509 1543 1575 fratri
1597 1507 1938 1590 wibaldo)
2004 1508 2351 1575 venerabili
2416 1513 2631 1577 sancte
2685 1507 3073 1575 Corbeiensis

733 1626 1074 1694 aecclesiae
1153 1625 1367 1692 abbati
1445 1645 1590 1692 cum
1659 1626 1832 1691 omni
1901 1624 2196 1691 karitatis
2279 1624 2576 1711 obsequio
2643 1626 2961 1692 orationes
3015 1623 3074 1689 in

731 1742 1027 1810 Domino.

910 1856 1226 1923 Affectum
1272 1856 1645 1940 dilectionis,
1693 1874 1900 1942 quem,
1949 1877 2029 1923 ex
2074 1876 2196 1942 quo
2244 1877 2358 1924 vos
2401 1857 2714 1940 novimus,
2758 1856 2936 1923 circa
2975 1874 3080 1921 vos

735 1973 967 2040 habere
1022 1973 1371 2060 coepimus,
1428 1971 1804 2039 inviolatum
1859 1992 2232 2040 conservare
2286 1974 2632 2057 satagimus
2645 2023 2665 2057 ,
2719 1973 2813 2039 ita
2854 1977 2934 2038 ut
2975 1989 3084 2038 nec

737 2109 1046 2177 personae
1089 2109 1268 2155 meae
1310 2108 1430 2156 nec
1468 2089 1658 2156 rebus
1703 2110 1821 2176 pro
1864 2089 2101 2156 honore
2142 2094 2353 2157 vestro
2399 2089 2824 2157 confirmando
2868 2095 2943 2156 et
2983 2108 3085 2154 vo·

736 2207 981 2274 luntate
1045 2205 1496 2297 promovenda*
1530 2224 1898 2292 parcamus3
1965 2206 2377 2293 cupimusque
2431 2206 2608 2274 vobis
2668 2207 2738 2272 in
2795 2204 3083 2272 omnibus

737 2321 1073 2410 proficere,
1131 2322 1188 2388 si
1243 2321 1396 2407 quid
1435 2320 1610 2388 Deus
1671 2322 1895 2388 annuit
1936 2321 2225 2389 sollerter
2269 2342 2384 2389 nos
2429 2321 2830 2389 deliberando
2878 2321 3088 2409 provi·

740 2439 906 2507 dere.
967 2438 1151 2506 Unde
1195 2437 1263 2503 in
1307 2438 1618 2522 presentis
1664 2457 1891 2505 causae
1933 2438 2386 2524 compositione
2428 2439 2549 2505 hoc
2576 2443 2825 2505 vestrae
2853 2439 3091 2505 discre-

740 2556 899 2624 tioni
941 2553 1211 2621 fideliter
1256 2554 1671 2639 suggerimus,
1724 2574 1806 2620 ne
1850 2555 1986 2621 sine
2030 2558 2385 2621 vestrorum
2428 2553 2710 2623 fidelium
2752 2560 2891 2621 tam
2941 2554 3093 2623 ami·

741 2693 957 2740 eorum
1015 2692 1206 2757 quam
1255 2671 1583 2737 hominum
1626 2671 1888 2739 consilio
1934 2671 2271 2757 quicquam
2313 2672 2591 2754 faciatis3
2649 2671 2951 2758 quatinus
2965 2722 2987 2756 ,
3043 2671 3095 2737 si

741 2790 905 2857 forte
960 2787 1127 2874 quod
1183 2786 1351 2854 absit
1402 2787 1530 2854 tale
1585 2786 1738 2872 quid
1790 2786 2055 2873 posthac
2108 2788 2465 2872 emerserit,
2535 2787 2618 2854 ad
2669 2787 3098 2854 assistendum

742 2905 921 2972 vobis
964 2908 1223 2991 paratos
1256 2923 1384 2987 eos,
1431 2902 1597 2969 sicut
1624 2922 1793 2968 nunc
1822 2909 2023 2987 erant,
2067 2904 2423 2971 inveniatis.
2485 2902 2785 2970 Fatemur
2814 2904 3096 2988 quidem,

748 3022 898 3108 quia
945 3020 1149 3088 multa
1190 3020 1462 3087 tolerare
1507 3019 1610 3086 vel
1652 3019 2051 3087 dissimulare
2091 3041 2307 3088 rerum
2348 3041 2466 3087 nos
2509 3020 2678 3103 cogit
2719 3021 3099 3099 necessitas3

745 3144 844 3206 set
899 3138 1064 3205 sicut
1115 3157 1233 3224 pro
1291 3135 1584 3203 evitando
1628 3135 1887 3203 vulnere
1943 3137 2220 3220 graviori
2272 3136 2592 3204 interdum
2646 3136 2961 3222 sapientis
3008 3140 3102 3202 est

745 3275 944 3340 usque
990 3253 1073 3320 ad
1113 3253 1331 3319 vivum
1373 3251 1633 3340 putrida
1675 3273 1805 3319 uon
1845 3271 2132 3319 resecare
2146 3303 2167 3337 ,
2212 3253 2307 3320 ita
2346 3272 2819 3337 nonnunquam,
2866 3255 2931 3319 si
2978 3273 3101 3319 non

748 3370 827 3437 ab
870 3372 1000 3436 imo
1044 3368 1233 3456 plage
1278 3370 1518 3435 sanitas
1563 3368 1877 3453 exsurgit,
1931 3370 2184 3452 gravior
2224 3373 2472 3435 tortura
2512 3368 2807 3435 succedit.
2904 3369 3101 3454 Ergo,

747 3491 822 3553 ut
863 3486 1245 3573 premissum
1291 3489 1406 3567 est,
1453 3485 1791 3552 discretam
1821 3484 2308 3552 sollicitudinem
2334 3489 2612 3552 vestram
2638 3477 3103 3571 premuniendo
3228 3505 3229 3528 ³

748 3603 1179 3684 cohortamur,
1238 3621 1319 3667 ne
1376 3601 1512 3667 sine
1569 3601 1781 3684 gravis
1835 3602 2184 3669 testimonii
2227 3599 2699 3668 confirmatione
2741 3600 2951 3667 ullam
2998 3601 3105 3668 ad-

749 3718 1017 3785 mittatis
1063 3717 1598 3804 compositionem.
1683 3717 1906 3784 Tutius
1953 3718 2123 3785 enim
2168 3739 2306 3784 esse
2346 3723 2645 3805 putamus
2689 3722 2949 3805 apertos
2995 3719 3105 3785 ha·

749 3835 900 3902 bere
941 3833 1253 3918 inimicos,
1301 3854 1490 3919 quam
1533 3833 1810 3901 occultos
1852 3833 2023 3901 laeta
2060 3835 2269 3901 fronte
2312 3853 2536 3921 paoem
2576 3833 2994 3901 mentientes:

1065 3947 1199 4029 Quo
1244 3950 1440 4017 semel
1483 3956 1581 4019 est
1620 3951 1886 4036 imbuta,
1930 3960 2183 4018 recens·
2229 3949 2508 4016 servabit
2549 3950 2806 4017 odorem

1064 4065 1254 4132 Testa
1296 4066 1407 4132 diu
1425 4062 1458 4132 ¹.

899 4216 1890 4265 &imbuta-r.s.u.b.o.d.r.t.d.e.

899 4313 950 4367 1.
985 4312 1115 4368 Hor.
1142 4312 1244 4381 Ep.
1273 4311 1317 4366 1.
1342 4312 1393 4380 2,
1418 4311 1507 4367 69.
1532 4312 1618 4367 70.

1713 4482 2136 4495 ————..
