3319 5242
752 451 885 519 526
1420 470 1720 519 wmALm
1762 469 2136 518 nmswom
2178 469 2286 517 894.
2319 468 2426 518 ³⁹5.

576 616 716 673 1152
752 611 1033 679 obtinere
1075 612 1302 698 potuit,
1347 618 1420 680 ut
1460 614 1530 680 in
1572 612 1872 679 iuditium
1915 616 2246 679 vocaretur
2288 617 2353 680 et
2395 632 2587 679 causa
2623 613 2761 680 eius
2791 613 3082 681 canonico

751 727 970 794 ordine
1012 732 1407 795 tractaretur.
1476 728 1680 795 Huius
1735 728 1930 812 igitur
1978 727 2195 797 illatae
2239 730 2362 796 sibi
2404 729 2765 797 iniusticiae
2806 729 3084 795 testimo-

749 843 928 909 nium
972 844 1029 910 ei
1075 844 1244 930 apud
1289 845 1588 912 domnum
1630 865 1866 932 papam
1911 851 1974 912 et
2017 850 2302 913 sanctam
2331 844 2682 912 Romanam
2724 845 3087 913 aecclesiam

755 2586 1201 2675 supplicamus.

760 2799 935 2871 395.
971 2802 1287 2870 Wibaldus
1331 2805 1616 2891 Enyenio
1662 2805 1772 2872 ΠΙ
1803 2829 2023 2894 papae
2081 2808 2158 2873 de
2217 2808 2505 2874 abbatum
2553 2808 2620 2874 S.
2653 2809 2996 2877 Laurentii
3041 2820 3092 2875 ei

981 2919 1047 2986 S.
1078 2919 1301 3007 Eyidii
1342 2919 1783 2987 Leodiensimn
1829 2925 2240 3000 controversia
2282 2925 2609 3014 ciymficat.
2768 2923 2885 3005 (M.
2920 2925 3091 3003 371.)

580 3059 719 3115 1152
928 3048 1455 3119 Reverentissimo
1498 3055 1671 3140 patri
1715 3075 1828 3121 suo
1887 3060 1950 3120 et
1995 3054 2245 3121 domino
2285 3054 2622 3139 E(ugenio)
2669 3064 2929 3125 sanctae
2973 3058 3090 3124 Ro-

753 3185 976 3234 manae
1005 3167 1342 3236 aecclesiae
1382 3190 1626 3236 summo
1671 3168 1952 3256 pontifici
1980 3170 2177 3237 frater
2207 3170 2583 3254 W(ibaldus)
2612 3172 2736 3239 Dei
2771 3175 2983 3257 gratia
3010 3173 3090 3257 id,

754 3284 921 3369 quod
951 3285 1140 3350 estin
1174 3285 1474 3352 aecclesia
1502 3285 1828 3371 catholica,
1873 3293 2006 3352 tam
2041 3287 2331 3354 devotam
2365 3308 2556 3374 quam
2591 3289 2874 3356 debitam
2903 3291 3089 3356 totius

753 3398 1105 3467 dilectionis
1149 3405 1215 3468 et
1257 3401 1647 3470 obedientiae
1691 3402 2166 3490 plenitudinem.

931 3515 1030 3583 De
1074 3518 1532 3602 controversia,
1581 3538 1743 3605 quae
1787 3525 1884 3586 est
1925 3520 2094 3586 inter
2139 3519 2428 3587 abbatem
2472 3521 2848 3588 monasterii
2895 3519 3086 3588 sancti

753 3629 1081 3698 Laurentii
1123 3632 1193 3699 in
1236 3633 1532 3702 suburbio
1579 3636 1854 3702 civitatis
1897 3634 2264 3703 Leodiensis
2313 3642 2376 3703 et
2421 3637 2712 3705 abbatem
2759 3637 2841 3703 de
2887 3636 3087 3703 Monte

754 3747 1004 3836 publico
1019 3798 1037 3833 ,
1095 3748 1449 3816 celsitudini
1494 3757 1743 3818 vestrae
1800 3772 1877 3819 ea
1931 3753 2002 3818 in
2057 3752 2156 3819 his
2211 3753 2440 3820 litteris
2501 3774 2840 3838 suggerere
2887 3753 3086 3820 stude·

754 3863 962 3932 bimus
975 3915 994 3950 ‚
1051 3885 1213 3951 quae
1256 3887 1444 3953 super
1502 3867 1601 3934 his
1658 3868 1728 3934 in
1772 3867 2038 3935 veritate
2083 3868 2414 3936 didicimus
2461 3875 2607 3936 ante
2654 3890 2854 3936 annos
2901 3870 3086 3937 ferme

755 3980 1020 4066 triginta
1062 3987 1305 4069 septem
1317 3979 1360 4066 ²,
1420 4003 1564 4049 cum
1622 4004 1901 4051 essemus
1956 3985 2139 4071 pueri
2194 3984 2309 4051 sub
2365 3986 2592 4052 scolari
2647 3985 2984 4072 disciplina
3022 3984 3083 4048 in

756 4098 1041 4185 predicta
1084 4099 1339 4166 civitate
1383 4100 1727 4167 constituti.
1818 4099 1960 4167 Non
2006 4101 2201 4187 quod,
2249 4101 2330 4168 ad
2374 4100 2708 4169 consilium
2753 4100 2856 4168 vel
2904 4101 3082 4167 actio-

757 4233 903 4282 nem
946 4214 1170 4281 talium
1200 4235 1413 4282 rerum
1442 4215 1722 4302 admissi,
1769 4216 2127 4284 huiusmodi
2156 4219 2598 4284 conventiones
2631 4238 2743 4286 seu
2772 4218 3081 4305 pactiones

756 4329 1066 4419 inspicere
1108 4332 1178 4397 in
1221 4332 1651 4400 testimonium
1694 4353 2091 4418 rogaremur;
2139 4339 2238 4403 set
2265 4334 2431 4420 quod
2459 4334 2634 4401 fama
2659 4334 2829 4403 inter
2859 4333 3077 4402 clerum

900 4505 942 4538 a.
983 4489 1146 4552 οὖροι*
1175 4511 1213 4538 c.

899 4579 949 4633 1.
986 4577 1057 4634 V.
1081 4593 1168 4648 ep.
1194 4579 1298 4634 393
1334 4595 1501 4650 supra
1533 4595 1591 4650 p.
1615 4579 1736 4636 524.
1881 4581 1934 4637 2.
1971 4580 2009 4637 i.
2034 4597 2083 4638 e.
2121 4597 2265 4639 anno
2305 4581 2462 4638 1115.
