3319 5242
705 446 838 514 544
1379 463 1679 512 wmanm
1720 419 2093 512 EPISTOOE
2132 460 2241 509 40⁶.
2273 461 2382 509 406.

506 612 646 669 1152
706 607 960 674 statutis
1015 605 1234 673 diebus
1286 605 1673 689 negligentes
1716 606 1994 690 fueritis,
2049 625 2166 691 pro
2211 603 2327 670 tali
2373 622 2637 670 excessu
2680 602 2785 669 vel
2825 601 3037 668 iuditio

464 687 592 747 ΒΨ
613 687 672 734 ²⁹
705 722 983 790 familiae
1036 722 1104 788 in
1164 721 1516 789 Castiniaco
1573 721 1674 789 vel
1724 721 1955 788 iudicio
2000 719 2510 788 ministerialium
2564 724 2930 786 nostrorum
2977 718 3043 784 in

709 839 1025 906 caminata
1041 834 1059 865 ¹
1114 844 1330 905 nostra
1375 837 1635 906 Corbeie
1649 889 1669 923 ,
1727 836 2096 904 utrumlibet
2149 836 2378 904 horum
2428 836 2612 904 nobis
2663 836 2873 920 magis
2915 834 3045 923 pla·

710 956 939 1038 cuerit,
995 954 1451 1042 respondebitis
1505 961 1569 1022 et
1610 955 1680 1020 in
1722 953 2174 1040 compositione
2218 954 2548 1021 duodecim
2592 953 2829 1020 solidos
2874 973 3048 1018 num-

711 1092 956 1138 morum
999 1072 1390 1158 persolvetis.
1461 1071 1508 1151 Q

709 1188 812 1255 vel
865 1190 934 1254 in
987 1189 1251 1275 pignore
1295 1187 1396 1255 vel
1450 1189 1508 1254 in

711 1304 1105 1373 Castiniacae
1159 1311 1293 1372 tam
1346 1306 1414 1371 in
1470 1326 1508 1370 a

712 1421 873 1488 silva
926 1421 1227 1506 obligavit
1270 1421 1371 1490 vel
1431 1421 1508 1487 ali

713 1537 900 1605 ducta
950 1544 1128 1623 sunt,
1188 1544 1253 1607 et
1295 1545 1464 1606 stare

713 1678 873 1743 quae
903 1657 1080 1725 vobis
1112 1658 1203 1723 ita
1230 1656 1508 1739 recollige

713 1775 999 1860 spacium
1041 1794 1168 1839 non
1213 1773 1508 1856 secel-ifle,

715 1894 926 1956 autem
992 1888 1158 1956 filiae
1220 1889 1508 1974 quondan

714 2011 896 2073 tuum
939 2005 1381 2090 concessimus,
1426 2025 1507 2072 no

716 2124 957 2191 sionem
984 2123 1087 2190 vel
1130 2123 1199 2189 in
1226 2121 1508 2190 villicatit

718 2256 964 2308 scamus
977 2290 995 2324 ‚
1052 2260 1196 2307 cum
1239 2239 1357 2305 hoc
1402 2240 1441 2305 a
1483 2260 1508 2305 1

717 2363 928 2425 catum
973 2358 1087 2441 sit,
1140 2362 1235 2423 set
1277 2360 1536 2442 propter
1581 2359 1763 2421 tuum
1807 2360 1873 2422 et
1915 2354 2260 2421 amicorum
2304 2358 2559 2420 tuorum
2603 2351 2938 2419 servitium
2981 2349 3053 2415 ad

717 2473 837 2541 hoc
877 2473 1233 2540 faciendum
1276 2471 1563 2538 inclinati
1607 2491 1844 2538 sumus.

723 2703 902 2775 406.
940 2707 1254 2774 Wibaldus
1286 2704 1725 2771 Bemkardum
1773 2707 2123 2791 episcopum
2155 2703 2723 2769 Paderbomensem
2762 2702 3053 2782 hortatur,

943 2835 1012 2888 ut
1064 2845 1129 2887 se
1175 2847 1215 2888 a
1260 2822 1557 2910 Folqm‘m‘
1602 2831 1659 2885 et
1700 2820 2040 2886 Widikindi
2084 2831 2141 2884 et
2185 2820 2449 2885 aliomm
2491 2819 2739 2884 iniuriis
2783 2819 3058 2883 vindicet-

946 2939 1240 3020 Nuntiat,
1311 2939 1376 3003 in
1438 2938 1612 3002 curia
1657 2936 2150 3023 Wirzeburqensi
2203 2937 2320 3002 sibi
2374 2957 2724 3001 concessum
2780 2958 2938 3016 esse,
3000 2944 3072 3007 ut*

946 3054 1273 3120 His-variae
1319 3055 1681 3118 munitiones
1723 3063 2184 3139 repararentur.
2742 3046 2854 3130 (M.
2890 3047 3062 3128 360.)

498 3204 639 3260 1152
900 3187 1261 3255 Reverendo
1329 3187 1399 3252 in
1463 3184 1713 3251 Christo
1780 3185 1950 3271 patri
2014 3204 2127 3250 suo
2194 3188 2260 3250 et
2327 3183 2579 3249 domino
2648 3181 3060 3263 B(ernhardo)

426 3278 688 3389 offiss'f‘inss'
727 3311 979 3372 sanctae
1044 3302 1609 3371 Patherburnensis
1687 3301 2024 3369 aecclesiae
2093 3299 2437 3367 venerabili
2508 3299 2804 3386 episcopo
2872 3299 3073 3365 frater

726 3420 1102 3505 wibaldus)
1134 3419 1257 3486 Dei
1300 3420 1506 3503 gratia
1548 3418 1636 3504 id,
1683 3418 1850 3504 quod
1895 3423 1992 3485 est
2032 3417 2102 3483 in
2138 3417 2399 3485 ecclesia
2432 3415 2760 3500 catholica,
2806 3416 3061 3499 exiguas

730 3539 1040 3605 orationes
1087 3543 1153 3604 et
1195 3537 1491 3603 devotum
1535 3536 1882 3602 servitium.
3072 3530 3074 3533 ’

909 3653 1294 3721 Confidimus
1338 3652 1418 3720 de
1462 3651 1895 3719 misericordia
1931 3649 2054 3717 Dei
2101 3654 2164 3716 et
2192 3654 2405 3717 vestra
2445 3648 2857 3732 benignitate,
2907 3644 3065 3732 quod

729 3771 1070 3838 memoriae
1113 3774 1361 3837 vestrae
1412 3770 1693 3836 tenacius
1737 3768 2054 3853 inhereat,
2114 3772 2348 3852 quanta
2394 3764 2816 3833 benivolentia
2859 3769 3071 3850 pater--

730 3889 997 3956 nitatem
1040 3891 1318 3954 vestrm
1375 3907 1454 3954 ex
1509 3885 1696 3970 longo
1753 3890 2035 3971 tempore
2093 3882 2430 3951 dileximus
2476 3887 2541 3948 et
2584 3880 2754 3966 quod
2796 3880 3064 3966 quietem

732 4011 1008 4074 vestram
1061 4023 1382 4089 nunquam
1438 4002 1808 4089 perturbare
1861 4001 2242 4083 studuimus3
2301 4004 2397 4066 set
2441 4003 2505 4065 et
2545 4017 2662 4063 nos
2707 3997 3065 4062 memoritet

734 4128 799 4191 et
852 4122 1118 4189 iocunde
1173 4121 1574 4188 recordamur
1587 4168 1606 4203 ‚
1666 4118 1834 4205 quod
1875 4118 2020 4205 pari
2060 4116 2494 4183 vicissitudine
2534 4114 2769 4197 iugiter
2813 4133 2854 4179 a
2895 4113 3063 4180 vobis

736 4238 950 4306 dilecti
993 4259 1227 4305 sumus.
1319 4237 1512 4305 Novit
1555 4240 1766 4303 autem
1812 4234 2104 4302 discretio
2149 4238 2379 4317 vestra,
2427 4251 2615 4317 quam
2658 4230 2972 4298 violenter
3009 4234 3065 4295 et

739 4375 927 4455 quam
982 4355 1311 4422 inhoneste
1366 4352 1707 4441 propinqui
1753 4351 1950 4418 vestri
2006 4355 2070 4419 et
2121 4349 2407 4417 homines
2458 4353 2593 4415 tam
2636 4348 2836 4416 vestri
2888 4364 3063 4434 quam

884 4513 926 4546 ι.
965 4498 1265 4545 commitimus
1299 4515 1338 4544 c.
1458 4495 1505 4543 b.
1546 4495 1654 4543 mni
1685 4511 1772 4542 om.
1793 4493 1896 4540 eod.
2939 4490 2944 4494 ”

881 4587 931 4641 1.
968 4599 1202 4641 camera.
