3319 5242
694 427 777 492 16
1503 440 1935 489 Tmsna'no
1981 440 2036 488 s,
2066 441 2211 487 vrrr

496 590 602 645 836
688 584 970 652 ablatum
1020 582 1237 650 lumen
1291 582 1655 667 dignaretur
1709 581 1993 649 reddere.
2086 580 2429 648 Cernentes
2487 583 2698 646 autem
2750 577 2869 644 hoc
2915 577 3039 644 viri

445 663 578 711 m
597 665 655 710 ¹⁹
687 701 987 785 religiosi,
1033 705 1165 766 tam
1208 698 1528 786 praefatus
1575 699 1766 765 abbas
1799 718 1989 784 quam
2019 697 2130 763 alii
2159 698 2267 783 qui
2299 696 2488 763 simul
2501 707 2522 731 ·
2553 695 3036 778 comitabantur,

693 816 859 903 quod
913 815 1139 883 mulier
1182 834 1368 882 caeca
1411 821 1545 883 tam
1589 814 1957 882 anhelanter
1999 819 2146 901 post
2189 815 2363 901 ipsos
2408 817 2721 897 curreret,
2782 812 2851 877 in
2896 810 3038 898 ipso

689 933 826 999 loco
869 953 1027 1000 cum-
1056 931 1340 1018 reliquiis
1387 932 1590 998 sancti
1617 923 1927 1018 martyris
1957 929 2284 1018 paululum
2314 926 2798 1011 constiterunt¹²;
2851 931 3041 1012 atque

690 1050 817 1116 ita⁶
870 1050 1126 1116 veniens
1140 1099 1160 1135 ,
1227 1068 1440 1116 coram
1505 1047 1952 1115 innumerabili
2005 1046 2408 1113 multitudine
2466 1045 2684 1133 populi
2741 1063 3041 1111 corruens

693 1166 996 1232 adoravit.
1065 1164 1238 1244 Quae
1279 1186 1450 1248 mox,
1494 1164 2058 1231 intervenientibus
2089 1163 2334 1230 meritis
2362 1162 2532 1229 beati
2554 1160 2690 1227 Viti
2716 1159 3041 1246 martyris,

691 1281 999 1366 largiente
1042 1280 1165 1348 Dei
1208 1281 1664 1365 misericordia,
1708 1280 1943 1364 lumen,
1992 1299 2113 1365 quo
2159 1278 2326 1345 iam‘¹
2373 1278 2701 1345 duodecim
2746 1276 2931 1343 annis
2971 1280 3046 1342 ut

694 1399 969 1464 diximus
1014 1403 1324 1482 caruerat,
1372 1397 1629 1484 recepit.
1709 1396 2014 1463 Omnibus
2059 1416 2332 1481 namque
2377 1393 2775 1462 cernentibus
2821 1391 3045 1459 simul-

694 1535 815 1600 que
854 1514 1293 1599 gaudentibus,
1341 1514 1477 1579 sine
1507 1513 1665 1580 duce
1694 1533 1892 1599 usque
1924 1513 2005 1579 ad
2033 1512 2393 1600 proximam
2422 1510 2834 1594 mansionem,
2881 1528 3048 1595 quae

692 1630 816 1697 fuit
856 1631 927 1697 in
969 1630 1123 1697 villa
1164 1630 1420 1696 nomine
1465 1629 1837 1697 Mintriacus
1856 1626 1892 1714 ¹,
1940 1634 2274 1717 prosecuta
2317 1633 2432 1694 est.
2527 1625 2731 1693 Affuit
2773 1625 3043 1691 maritus

695 1746 830 1813 eius
875 1747 1192 1832 ceterique
1236 1747 1429 1813 vicini
1475 1752 1539 1813 et
1581 1748 1855 1831 cognati,
1901 1747 2010 1832 qui
2055 1766 2199 1812 cum
2243 1745 2386 1832 ipsa
2428 1748 2629 1810 totam
2664 1746 2915 1808 noctem
2945 1742 3044 1807 in·-

696 1882 980 1929 somnem
1022 1862 1121 1927 in⁰
1167 1862 1400 1947 vigiliis
1447 1868 1511 1929 et
1556 1862 1941 1929 orationibus
1988 1882 2062 1928 ac
2106 1862 2229 1928 Dei
2271 1859 2562 1926 laudibus
2609 1858 2940 1925 duxerunt,

454 1997 585 2045 Mart„
602 1999 662 2044 20
874 1979 957 2045 In-
1006 1980 1351 2046 crastinum
1397 1999 1544 2063 ergo
1560 2029 1579 2063 ,
1639 1979 1790 2046 dum
1832 1980 1955 2046 iter
2000 1982 2288 2062 agerent,
2348 1976 2739 2060 divulgatum
2785 1979 2882 2041 est
2926 1973 3047 2040 hoc

695 2115 812 2182 per
854 2096 1101 2162 itineris
1146 2095 1315 2180 loca,
1364 2102 1427 2162 et
1471 2100 1814 2181 coeperunt
1859 2094 2052 2161 alacri
2098 2094 2429 2161 devotione
2474 2093 2699 2159 dextra
2741 2091 3046 2176 laevaque

700 2211 973 2297 undique
1027 2232 1370 2279 occurrere.
1464 2212 1635 2278 Inter
1682 2233 1837 2298 quos
1883 2210 2155 2277 occurrit
2201 2210 2510 2295 quaedam
2554 2208 2781 2275 mulier
2823 2206 3048 2273 Fram-

696 2326 887 2394 hildis
940 2328 1225 2413 nomine,
1280 2329 1703 2395 nescientibus
1758 2326 2105 2408 omnibus‘3
2154 2347 2193 2392 a
2237 2327 2414 2392 cuius
2466 2324 2756 2391 manibus
2802 2322 3050 2390 ablata⁸

698 2443 905 2511 fuerat
948 2445 1224 2532 species¹’
1270 2445 1560 2532 propria,
1617 2445 1703 2511 et‘
1748 2444 1900 2510 facti
1947 2448 2128 2510 erant
2180 2443 2363 2526 digiti
2409 2443 2542 2508 eius
2589 2440 2764 2507 curvi
2809 2440 2931 2522 ita,
2977 2444 3058 2505 ut

701 2560 926 2628 mediis
972 2560 1202 2649 palmis
1246 2559 1360 2626 fixi
1403 2561 1786 2629 viderentur.
1858 2560 2004 2646 Ipsa
2047 2565 2261 2627 tamen
2308 2579 2449 2625 cum
2480 2557 3057 2645 appropinquasset

701 2678 782 2743 ad
823 2678 1146 2762 feretrum,
1192 2680 1482 2745 invocato
1529 2679 1730 2744 sancti
1774 2678 2073 2763 martyris
2119 2676 2394 2759 nomine,
2442 2675 2522 2741 ad
2551 2675 2889 2740 sanitatem
2915 2673 3057 2758 pri-

700 2794 933 2860 stinam
976 2815 1201 2861 manus
1248 2796 1381 2861 eius
1429 2801 1577 2861 sunt
1618 2813 1927 2860 reversae.
2001 2792 2125 2859 Sed
2169 2793 2421 2875 misera,
2470 2791 2620 2857 dum
2665 2789 2784 2856 hoc
2826 2789 3060 2856 fuisset

700 2930 928 2977 munus
977 2911 1237 2998 adepta,
1285 2911 1400 2978 sub
1448 2911 1720 2994 silentio,
1765 2910 2051 2976 nesciens
2097 2908 2234 2975 Deo
2280 2906 2626 2993 rependere
2671 2910 2902 2990 grates,
2950 2925 3058 2971 re-

699 3026 958 3114 pedavit
1001 3027 1081 3093 ad
1123 3029 1401 3115 propria.
1496 3026 1620 3093 Sed
1667 3026 1882 3093 divina
1926 3024 2084 3092 sibi¹²
2126 3025 2427 3091 reddente
2470 3022 2750 3089 vindicta
2764 3071 2783 3106 ,
2831 3021 3059 3089 eadem

701 3149 884 3209 nocte
928 3149 1001 3210 ut
1043 3144 1221 3231 prius
1266 3163 1492 3210 manus
1540 3144 1675 3209 eius
1722 3143 2038 3209 arefactae
2083 3146 2250 3207 sunt.
2324 3139 2498 3206 Tunc
2527 3139 2641 3204 illa
2668 3140 3060 3225 intempesta

701 3265 886 3326 nocte
916 3280 1200 3344 sui-gene,
1246 3255 1496 3342 marito,
1540 3264 1800 3342 cogente
1830 3258 2224 3341 necessitate,
2256 3255 2579 3340 indicavit,
2612 3275 2773 3341 quae
2801 3255 3061 3320 fuerant

702 3380 897 3459 gesta.
955 3375 1157 3455 Quam
1186 3376 1285 3442 vir
1315 3396 1465 3442 suus
1494 3375 1564 3440 in
1591 3376 1872 3441 iumento
1902 3375 2155 3458 vehens,
2187 3372 2269 3439 ad
2298 3372 2752 3438 monasterium
2785 3370 3059 3437 Sanctae

704 3490 923 3558 Crucis
936 3487 979 3576 ²,
1026 3492 1136 3559 ubi
1179 3493 1322 3578 ipsa
1363 3496 1549 3558 nocte
1593 3511 1709 3578 pro
1740 3510 2075 3578 corporum
2103 3489 2476 3556 lassitudine
2506 3489 2879 3575 quieveruut
2908 3507 3058 3553 cum

704 3607 988 3694 reliquiis
1035 3609 1237 3675 sancti
1280 3609 1609 3695 martyriS,
1665 3613 1813 3695 post
1857 3628 1961 3675 eos
2007 3606 2302 3691 adduxit,
2358 3606 2772 3673 manifestans
2818 3605 3057 3688 omnia,

706 3744 865 3810 quae
910 3730 1091 3808 gesta
1135 3730 1315 3791 erant
1357 3744 1502 3791 cum
1544 3723 1659 3790 illa
1669 3724 1700 3788 ¹.
1791 3715 1797 3732 '

886 3840 1004 3907 His
1048 3847 1122 3907 ut
1165 3841 1440 3907 diximus
1485 3840 1578 3906 ita
1623 3860 1693 3906 se
1736 3839 2132 3924 habentibus»,
2181 3838 2261 3905 ad
2305 3837 2427 3905 iter
2471 3837 2822 3904 redeamus.
2895 3833 3060 3902 Cum

709 3963 919 4024 autem
966 3958 1542 4045 appropinquarent
1570 3955 1796 4023 Meldis
1828 3957 2147 4023 civitatem
2160 3965 2217 4039 ¹¹¹,
2266 3954 2521 4021 obvium
2552 3953 2785 4020 habent
2815 3952 3061 4039 episco-

833 4130 875 4163 α.
908 4116 1043 4163 simul
1074 4135 1160 4165 om.
1183 4120 1226 4164 1.
1316 4117 1363 4164 b.
1397 4117 1696 4164 substiterant
1727 4119 1771 4163 2.
1867 4130 1906 4163 c.
1939 4117 1999 4161 At
2029 4115 2132 4174 ipsa
2163 4116 2206 4160 2.
2301 4113 2345 4159 d.
2378 4113 2468 4159 iam
2501 4130 2586 4159 om.
2609 4115 2652 4158 2.
2747 4127 2787 4158 e.
2818 4112 2869 4158 in
2901 4129 2989 4158 om.
3013 4114 3061 4158 1.

708 4196 743 4244 f.
783 4197 991 4244 omnibus
1032 4215 1116 4244 om.
1141 4201 1184 4245 2.
1288 4212 1330 4256 g.
1374 4198 1526 4245 oblata
1569 4199 1611 4244 1.
1716 4196 1763 4243 h.
1803 4199 1872 4244 sic
1902 4199 2069 4255 scripsi
2100 4211 2186 4254 pro
2218 4208 2325 4253 spes
2359 4196 2413 4250 2;
2458 4193 2635 4253 species
2675 4193 2861 4252 propria
2901 4209 2988 4237 οιι.
3014 4193 3062 4238 1.

707 4278 741 4324 i.
773 4278 901 4325 cuius
934 4277 1066 4335 digiti
1092 4278 1158 4323 ita
1183 4277 1293 4323 facti
1313 4281 1442 4324 erant
1472 4278 1599 4325 curvi
1633 4279 1658 4323 1
1682 4295 1769 4337 pro
1797 4279 1845 4322 et
1874 4299 1924 4307 -
1952 4276 2017 4322 ita
2049 4277 2092 4321 2.
2184 4273 2230 4321 k.
2263 4275 2352 4321 sibi
2374 4291 2459 4320 om.
2482 4276 2524 4319 1.
2617 4273 2649 4319 1.
2684 4273 2727 4319 ei
2747 4270 3008 4319 acciderant
3029 4273 3063 4317 2

705 4375 791 4419 pro
824 4358 953 4416 gesta
990 4381 1040 4389 -
1076 4357 1169 4403 illa.
1263 4372 1322 4404 m.
1356 4358 1585 4404 civitatem
1617 4374 1704 4404 om.
1730 4358 1772 4402 1.

852 4464 903 4518 1.
939 4463 1108 4534 Mitry
1143 4479 1178 4517 a
1212 4463 1408 4520 Meldis
1444 4463 1590 4518 inter
1625 4460 1970 4518 occidentem
2008 4463 2064 4522 et
2098 4457 2540 4527 septemtriones.
2647 4457 2700 4512 2.
2736 4459 2930 4526 postca
2963 4471 3064 4513 vo-

709 4556 894 4608 catum
930 4551 988 4608 S.
1012 4552 1242 4608 Faronis
1279 4551 1690 4619 monasterium,
1728 4550 1787 4603 in
1824 4548 2087 4605 suburbio
2120 4547 2407 4603 Meldensi.
