3319 5242
764 430 901 497 480
1441 446 1739 495 wmsnm
1783 445 2158 495 amsa-om
2198 446 2306 493 ³46.
2339 444 2447 492 ⁸4¹1.

558 595 690 649 1151
766 596 1249 675 nostrorumque
1293 590 1561 672 negotiis
1607 609 1755 675 sepe
1784 609 1982 673 usque
1996 598 2017 624 ⁸
2045 607 2213 654 nunc
2243 587 2489 674 experti
2518 605 2760 669 sumus,
2807 585 2904 652 sic
2931 585 3109 651 etim

522 672 732 790 sgffis
769 705 971 772 adhuc
1012 706 1081 771 in
1139 707 1379 772 cunctis
1439 706 1676 772 sentire
1720 725 1847 771 non
1891 704 2286 784 dubitamus3
2344 701 2704 770 celsitudini
2748 709 2965 768 vestre
3006 702 3111 767 hoc

767 822 1297 909 repromittentes,
1346 822 1512 907 quod
1559 822 1639 888 ad
1685 821 2180 907 promovendum
2225 819 2563 887 aecclesiae
2592 819 2713 885 Dei
2745 825 2811 884 et
2842 825 3111 884 vestrum

769 937 1088 1020 honorem,
1136 942 1373 1023 quanta
1403 937 2080 1021 debemusdiligentia,
2128 956 2376 1023 semper
2407 935 2640 1002 erimus
2672 935 2911 1020 parati.
2974 933 3113 999 Inde

769 1060 883 1137 est,
939 1055 1106 1139 quod
1148 1074 1264 1120 nos
1309 1054 1668 1138 generalem
1713 1055 1953 1121 curiam
1998 1050 2165 1140 apud
2212 1052 2607 1139 Herbipolim
2648 1051 2863 1122 medio
2914 1068 3113 1115 mense

524 1181 732 1240 Sept-1⁶
768 1168 1124 1256 Septembri
1169 1169 1622 1236 celebravimus
1668 1171 1882 1256 ibique
1929 1170 2395 1258 expeditionem
2425 1167 2731 1250 Italicam,
2780 1167 3055 1253 receptis
3081 1165 3115 1229 a

765 1286 1156 1373 principibus
1202 1285 1311 1371 qui
1356 1292 1779 1352 convenerant
1821 1286 1944 1354 fide
1989 1292 2053 1353 et
2099 1284 2529 1368 sacramentis,
2577 1282 2930 1349 efficaciter
2964 1281 3114 1348 ordi-

765 1404 1073 1469 navimus.
1219 1401 1293 1467 In
1339 1423 1464 1487 qua
1507 1403 1630 1469 rite
1676 1403 2037 1489 peragenda
2080 1402 2378 1488 quoniam
2412 1400 2735 1487 presentia
2765 1403 2832 1465 et
2862 1397 3115 1465 consilio

695 1559 700 1568 -
766 1517 980 1585 dilecti
1033 1519 1238 1584 nostri
1282 1517 1635 1600 Har(twici)
1681 1519 2059 1586 venerabilis
2104 1517 2464 1584 Bremensis
2510 1515 2981 1602 archiepiscopi
3022 1534 3115 1580 ca-

765 1655 906 1702 rere
948 1654 1067 1701 nec
1110 1634 1407 1701 debemus
1453 1654 1569 1702 nec
1612 1635 1923 1720 volumus,
1969 1634 2372 1722 paternitatis
2416 1639 2666 1699 vestrae
2711 1632 3118 1698 serenitatem

765 1755 1009 1817 attenta
1050 1750 1475 1818 benivolentia
1515 1771 1831 1836 rogamus,
1879 1757 1950 1817 ut
1996 1751 2165 1817 diem
2209 1755 2274 1817 et
2316 1749 2660 1816 terminum
2704 1768 2824 1834 pro
2874 1767 3117 1814 conser-

765 1866 974 1933 vanda
1025 1865 1384 1933 Bremensis
1441 1866 1782 1935 aecclesiae
1839 1868 2145 1951 dignitate
2203 1865 2327 1932 sibi
2383 1866 2797 1931 constitutum
2854 1863 3116 1946 benigne

766 1982 862 2048 illi
915 1983 1253 2049 remittatis
1269 2033 1289 2066 ,
1347 1989 1411 2049 et
1467 2003 1723 2050 causam
1779 1983 1981 2069 ipsius
2040 2002 2239 2069 usque
2297 1981 2379 2048 ad
2431 1986 2721 2047 nostrum
2776 1978 3113 2045 adventum

767 2098 1090 2182 differatis,
1135 2098 1255 2164 hac
1291 2099 1667 2186 interposita
1698 2148 1891 2165 .....
1924 2098 2279 2165 constantia
2288 2097 2333 2181 ⁵,
2379 2102 2452 2162 ut
2494 2098 2565 2162 in
2593 2101 2812 2162 nostro
2848 2096 3113 2162 adventu

767 2216 986 2283 eadem
1037 2235 1228 2281 causa
1271 2216 1339 2281 in
1382 2220 1597 2282 vestra
1639 2216 1962 2301 presentia
2005 2215 2349 2282 secundum
2393 2218 2677 2280 tenorem
2721 2212 3016 2278 veritatis
3056 2218 3113 2276 et

766 2332 1045 2398 iustitiae
1090 2333 1482 2398 terminetur.
1554 2328 1791 2397 Confisi
1837 2331 2005 2397 enim
2051 2331 2128 2398 de
2162 2335 2376 2397 vestra
2419 2329 2804 2411 sinceritate,
2852 2329 3110 2412 fretique

765 2449 1027 2514 consilio
1073 2447 1287 2514 dilecti
1331 2446 1533 2513 nostri
1564 2446 1945 2529 O(ctaviani)
1985 2446 2322 2515 cardinalis
2341 2442 2358 2472 ¹
2385 2446 2604 2530 vestri,
2653 2445 2763 2529 qui
2793 2450 2949 2510 tunc
2976 2463 3109 2530 pre-

766 2583 911 2631 sens
958 2568 1113 2650 erat,
1158 2563 1476 2651 prefatum
1522 2563 2082 2651 archiepiscopum,
2130 2582 2274 2630 cum
2318 2562 2446 2629 iam
2494 2562 2575 2628 ad
2604 2562 2730 2628 iter
2760 2559 3109 2628 faciendum

767 2682 1119 2747 succinctus
1166 2686 1351 2764 esset,
1397 2681 1564 2766 apud
1609 2700 1725 2746 nos
1770 2681 2164 2763 retinuimus,
2211 2685 2282 2745 ut
2320 2680 2389 2745 in
2418 2682 2602 2744 tanta
2630 2683 2694 2744 et
2722 2683 2857 2743 tam
2890 2675 3106 2743 celebri

769 2797 1166 2883 expeditione
1190 2818 1333 2863 eum
1355 2797 1764 2882 promtiorem
1786 2796 2020 2863 habere
2043 2795 2381 2862 valeamus.
2510 2793 2849 2861 Sanctitati
2870 2799 3105 2859 vestrae

769 2918 1006 2980 attente
1063 2913 1571 2979 commendamus
1631 2912 2038 2979 karissimum
2096 2911 2277 2978 nobis
2324 2910 2768 2977 Corbeiensem
2828 2909 3104 2976 abbatem

768 3028 1156 3112 Wibaldum,
1211 3029 1420 3095 virum
1464 3029 1681 3113 utique
1736 3029 2113 3114 prudentem
2159 3034 2223 3093 et
2266 3033 2399 3093 tam
2442 3026 2623 3093 vobis
2670 3046 2863 3111 quam
2911 3045 3103 3091 sacro-

768 3151 1022 3212 sanctae
1066 3145 1257 3210 matri
1299 3149 1513 3210 nostre
1543 3143 1823 3211 Romane
1870 3144 2208 3211 aecclesiae
2252 3164 2366 3229 per
2411 3144 2626 3209 omnia
2660 3142 3098 3221 fidelissimum,

705 3286 712 3293 ·
769 3269 840 3328 ut
898 3281 1042 3327 eum
1097 3281 1213 3347 pro
1269 3265 1522 3327 nostrae
1578 3261 1931 3327 dilectionis
1993 3266 2056 3326 et
2111 3260 2435 3346 petitionis
2491 3259 2726 3325 intuitu
2782 3260 3103 3327 clementer

769 3377 1120 3464 excipiatis,
1166 3382 1298 3444 tam
1343 3377 1409 3442 in
1456 3377 1805 3464 privilegiis
1852 3376 1982 3443 suis
2019 3374 2462 3442 confirmandis
2495 3395 2685 3461 quam
2715 3376 2784 3441 in
2816 3376 2956 3441 aliis
2986 3374 3097 3439 suis

768 3494 1178 3581 petitionibus
1235 3493 1502 3577 benigne
1557 3493 1911 3560 exaudiatis
1926 3543 1946 3577 ,
2008 3498 2072 3560 et
2116 3492 2328 3578 aliqua
2370 3496 2619 3559 vestrae
2664 3490 3096 3571 benedictionis

771 3614 835 3677 et
888 3610 1130 3693 gratiae
1182 3610 1587 3697 prerogativa
1636 3610 2009 3693 insignitum
2065 3609 2148 3675 ad
2201 3629 2316 3676 nos
2374 3627 2518 3675 cum
2574 3608 2808 3692 gaudio
2854 3606 3094 3676 celerius

768 3726 1125 3795 remittatis.

776 3956 950 4031 347.
991 3960 1310 4025 Promissa
1355 3959 1787 4024 Romanorum
1800 3967 1839 4023 ⁶.

437 4112 749 4168 1150-1151
948 4102 1081 4168 Hec
1126 4106 1293 4184 sunt,
1341 4121 1462 4185 que
1508 4104 1831 4165 senatores
1877 4100 2258 4185 promittunt
2296 4100 2502 4166 facere
2542 4104 2608 4166 et
2648 4097 3000 4181 adtendere,
3041 4098 3093 4160 et

771 4223 1161 4286 sacramento
1207 4216 1460 4282 firmare
1506 4216 1838 4282 voluerunt
1883 4221 1949 4282 et
1991 4216 2226 4283 volunt.

917 4394 957 4426 a.
997 4392 1143 4438 usque
1177 4377 1359 4424 addidi.
1423 4352 1426 4355 ‚
1483 4376 1527 4422 b.
1567 4375 1841 4435 interposita
1871 4389 1926 4422 nr
1942 4409 1953 4422 .
1973 4409 1985 4421 .
2004 4409 2015 4421 .
2035 4410 2046 4421 .
2065 4377 2321 4422 constantia
2348 4393 2386 4421 c.
2420 4393 2479 4421 aa
2502 4375 2776 4436 interposita
2794 4380 2971 4422 nostrae
2998 4369 3088 4418 fidei

772 4460 1058 4509 constantia?
1183 4471 1222 4503 c.
1266 4457 1428 4503 Edidit
1458 4459 1664 4503 pertzius
1699 4460 1826 4503 Mon.
1847 4458 1991 4505 Germ.
2015 4459 2131 4503 Hise.
2154 4459 2262 4519 Leg-
2286 4460 2346 4503 11.
2372 4456 2446 4501 88.

916 4556 963 4609 1.
1004 4568 1085 4622 pr.
1113 4551 1262 4607 card.
1286 4551 1374 4606 tit.
1397 4551 1455 4609 S.
1482 4552 1774 4610 Caeciliae.
