3319 5242
719 398 854 464 534
1391 412 1690 460 mum
1730 410 2108 472 m’xswom
2148 410 2258 458 4⁰0.
2289 410 2399 459 401.

537 561 674 617 1152
721 557 924 624 tiones
969 555 1135 622 inire
1179 555 1526 639 deberetis,
1572 574 1691 642 pro
1737 552 2039 620 familiari
2081 557 2296 620 tamen
2341 559 2407 621 et
2449 554 2679 621 intima
2723 530 3064 638 devotione,

521 635 603 684 ¹¹²¹
626 636 686 683 ²⁵
723 693 847 759 qua
892 672 1316 739 sinceritatem
1361 676 1641 738 vestram
1684 670 1872 754 longo
1917 670 2047 736 iam
2090 674 2376 757 tempore
2421 670 2775 755 diligimus,
2837 690 3068 737 ammo-

718 809 872 856 nere
916 808 1211 855 coronam
1254 792 1533 855 vestram
1578 806 1707 853 non
1752 785 2200 865 dubitavimus,
2246 791 2319 853 ut
2363 787 2533 874 apud
2578 787 2885 854 domnum
2910 786 3069 853 Min-

720 905 978 971 densem
1025 909 1088 972 et
1132 903 1502 971 aecclesiam
1544 903 1750 989 ipsius
1796 901 1876 969 ab
1919 901 2039 969 hac
2083 902 2441 989 suspicione
2483 903 2752 988 gloriam
2799 908 3070 971 vestram

718 1020 988 1089 liberare
1033 1040 1160 1087 non
1206 1019 1652 1104 dedignemini.

896 1136 1101 1203 Auxit
1154 1136 1325 1203 enim
1380 1139 1621 1201 metum
1680 1134 1975 1221 episcopo
2032 1132 2390 1201 litterarum
2456 1140 2851 1220 vestrarum,
2919 1156 3075 1222 quae

720 1255 950 1321 domno
995 1272 1202 1339 papae
1244 1271 1362 1339 pro
1409 1251 1630 1318 eodem
1674 1251 1926 1334 negotio
1972 1249 2247 1337 scriptae
2277 1256 2428 1317 sunt
2443 1247 2478 1335 ¹,
2522 1251 2815 1338 inspecta
2859 1253 3076 1337 series,

721 1390 880 1455 quae
926 1389 1042 1456 pro
1088 1368 1291 1456 ipsius
1335 1367 1698 1433 innocentia
1740 1365 1936 1433 nichil
1981 1386 2169 1450 agere
2212 1366 2525 1434 videntur.
2596 1366 2765 1446 Quas
2815 1368 2855 1436 a
2897 1368 3076 1436 vobis

721 1488 989 1572 scriptas
1034 1485 1170 1552 sive
1213 1483 1525 1571 perlectas
1572 1483 1828 1549 omnino
1873 1483 2275 1566 negavimus3
2324 1483 2404 1550 ob
2447 1484 2568 1551 hoc
2600 1483 2863 1568 scilicet,
2910 1484 3078 1570 quod

719 1601 1139 1686 intelligentia
1181 1605 1397 1667 vestra
1439 1598 1598 1666 bene
1641 1598 1908 1683 notavit,
1955 1597 2077 1665 hoc
2121 1619 2260 1666 esse
2303 1600 2622 1669 inferioris
2664 1600 2897 1667 iudicis
2941 1599 3079 1668 offi-

721 1719 919 1785 cium:
981 1722 1084 1801 ut,
1145 1735 1289 1782 cum
1346 1714 1425 1781 ab
1477 1715 1619 1802 ipso
1680 1715 1761 1780 ad
1806 1715 2195 1802 superiorem
2251 1716 2448 1783 fuerit
2503 1716 2931 1805 appellatum,
2984 1717 3081 1784 ita

722 1833 973 1901 studeat
1031 1833 1296 1899 actionis
1358 1831 1642 1898 ordinem
1698 1849 2024 1915 enarrare,
2092 1836 2166 1898 ut
2220 1832 2500 1918 equitate
2556 1837 2811 1900 servata
2864 1833 3080 1900 neutri

720 1950 892 2037 parti
948 1949 1237 2016 videatur
1295 1947 1575 2016 favorem
1630 1946 1988 2016 inclinasse.
2058 1946 2237 2026 Quod
2280 1948 2349 2014 in
2391 1948 2623 2016 litteris
2664 1948 2796 2016 illis
2839 1969 3078 2036 nequa·

723 2086 911 2152 quam
956 2065 1197 2131 factum
1241 2084 1378 2131 esse
1424 2064 1832 2149 cognoscetis.
1878 2098 1963 2109 —

898 2183 1040 2270 Eyo
1089 2181 1456 2262 walderus,
1517 2182 1653 2247 Dei
1702 2183 1918 2267 qratia
1971 2181 2275 2246 diaeonus
2322 2194 2381 2247 et
2420 2194 2674 2248 canetae
2716 2182 3073 2249 Mindenm

723 2299 1056 2365 aecclesiae
1101 2298 1574 2385 qualiscumque
1618 2299 1978 2378 canonicus,
2018 2319 2266 2384 papam
2294 2298 2569 2385 appello,
2616 2301 2825 2386 ipsius
2854 2300 3076 2366 attelae

722 2439 822 2481 me
866 2429 924 2481 et
962 2438 1103 2481 mea
1148 2416 1561 2491 committem3
1607 2415 1696 2478 ad
1740 2435 1923 2499 quem
1960 2425 2018 2478 te
2045 2411 2483 2496 H(einrieam)
2513 2416 2912 2481 Miudensem
2939 2420 3071 2503 epi·

723 2553 983 2618 scopam
1026 2533 1262 2612 invito,
1313 2553 1444 2618 pro
1489 2529 1763 2595 violenta
1807 2529 2202 2616 subreptione
2254 2531 2554 2597 decaniae
2605 2554 2782 2598 meae
2847 2546 2905 2598 et
2944 2555 3069 2621 pro

726 2647 894 2729 aliis,
947 2670 1108 2734 qaae
1151 2649 1346 2714 habeo
1393 2659 1610 2713 eontra
1656 2659 1733 2726 te,
1781 2668 2229 2733 responsurum
2269 2647 2481 2714 Nonis
2529 2646 2933 2736 Septembres.

902 2764 1044 2851 qu
1104 2764 1453 2830 Vortlievus
1509 2763 1932 2829 subdiaconus
1989 2763 2241 2850 appello
2297 2776 2354 2830 te
2412 2763 2523 2846 H(
2516 2766 2851 2848 ansteum)
2894 2766 3066 2832 Mm-

725 2882 975 2946 domem
1031 2884 1394 2968 episcopam
1449 2881 1536 2945 ad
1587 2881 1972 2966 presentiam
2028 2880 2272 2945 domini
2311 2902 2532 2967 papae
2584 2882 2664 2947 de
2717 2882 3065 2969 saerileyio,

726 3020 794 3063 eo
843 2998 1015 3084 qaod
1058 3010 1162 3062 tuo
1211 2997 1474 3062 consilio
1521 3008 1580 3061 et
1621 2998 1801 3061 iussu
1845 2994 2205 3062 exoculatus
2248 2999 2371 3061 εἰπε
2399 3009 2457 3063 et
2486 2997 2814 3084 plaqatuo.
2881 2999 3067 3065 Diem

724 3126 925 3180 statuo
971 3113 1119 3179 Kal.
1156 3112 1461 3179 Octobris.

906 3227 1284 3295 Huiusmodi
1340 3225 1794 3314 appellationes
1851 3225 2047 3292 immo
2106 3245 2255 3293 vero
2285 3299 2288 3303 ,
2313 3227 2741 3314 confusiones,
2800 3227 3067 3297 effracfis

730 3344 969 3410 foribus
1017 3344 1327 3432 episcopi,
1384 3363 1511 3409 non
1564 3340 1799 3427 absque
1854 3342 2178 3427 sanguinis
2236 3341 2535 3411 effusione
2586 3344 2655 3411 in
2707 3346 3065 3432 pavimento

730 3464 878 3525 sunt
920 3461 1237 3547 proiectae
1251 3510 1270 3544 ,
1334 3464 1398 3526 et
1440 3459 1604 3526 sicut
1649 3458 1943 3545 episcopo
1998 3478 2126 3525 non
2184 3464 2583 3546 presentatae
2596 3509 2617 3544 ‚
2672 3461 2768 3528 ita
2820 3482 2941 3529 nec
2990 3462 3064 3529 ab

729 3575 869 3662 ipso
928 3576 1118 3643 visae.
1190 3575 1356 3654 Quas
1413 3575 1668 3661 quidem
1724 3593 1840 3640 nos
1897 3594 1937 3640 a
1989 3594 2183 3641 manu
2239 3576 2461 3644 decani
2514 3576 2854 3645 aecclesiae
2904 3578 3064 3647 m

729 3690 989 3759 Martini
1031 3692 1101 3758 in
1143 3690 1363 3759 Minda
1405 3691 1626 3758 eadem
1670 3690 1773 3758 die
1817 3691 2226 3778 suscepimus.

729 3876 908 3948 401.
948 3879 1272 3966 Enyenius
1320 3879 1434 3944 ΙΠ
1465 3902 1650 3966 papa
1712 3881 1980 3967 capitulo
2040 3880 2562 3967 Maydebarqensi
2603 3884 2949 3970 praecipit,
3001 3892 3065 3945 ul

946 3986 1347 4052 Wiclzmanno
1394 3990 1680 4073 episcopo
1730 3988 1982 4069 Cicera-si,
2036 3987 2323 4053 ecclesiae
2367 3987 2919 4076 Maqdeburqensis
2972 3991 3058 4053 ia-

946 4096 1171 4174 vasori,
1217 4096 1518 4160 resistant.
2746 4093 2855 4176 (M.
2891 4094 3055 4175 381.)

543 4225 685 4281 1152
902 4208 1226 4292 Eugenius
1273 4208 1639 4295 episcopus·
1687 4228 1904 4275 servus
1950 4229 2275 4277 servorum
2302 4208 2424 4276 Dei
2457 4208 2753 4275 universo
2793 4208 3055 4297 capitulo

529 4301 644 4359 *¹²⁸⁶
666 4302 692 4346 ¹
727 4323 1320 4409 Magedeburgensis
1352 4323 1690 4392 aecclesiae
1719 4325 1986 4392 salutem
2018 4331 2082 4393 et
2111 4324 2517 4412 apostolicam
2544 4323 3049 4394 benedictionem.

872 4454 913 4486 ι,
954 4439 1194 4499 episeopus
1226 4457 1312 4486 om.
1332 4439 1436 4487 ⁶011.

871 4518 923 4572 1.
959 4530 1048 4587 ep.
1073 4516 1178 4571 386
1213 4531 1382 4587 supra
1414 4531 1471 4587 p.
1497 4516 1622 4573 518.
