3319 5242
706 442 843 510 500
1465 455 1766 503 wmAnm
1808 452 2137 502 nrrsrom
2184 451 2291 500 m.

515 609 656 664 1152
708 623 897 671 sensu
953 621 1095 668 cum
1149 599 1443 668 benivola
1499 597 1720 685 populi
1778 595 2228 663 acclamatione
2280 597 2345 662 in
2393 592 2625 682 oppido
2671 588 3053 678 Aquisgrani

495 683 628 730 um*
646 683 675 730 ⁹
707 739 824 786 nos
882 739 997 805 per
1054 717 1515 784 sacratissimas
1575 713 1787 781 devoti
1853 711 1969 779 filii
2036 712 2231 780 vestri
2287 709 2609 792 A(rnoldi)
2666 707 3052 775 Coloniensis

708 831 1179 921 metropolitani
1225 837 1288 898 et
1331 830 1785 898 venerabilium
1831 829 2273 916 episcoporum
2316 846 2541 893 manus
2599 823 2737 892 oleo
2783 823 3055 891 sanctifi-

589 967 590 970 ’
711 951 976 1018 cationis
1031 949 1329 1034 regaliter
1383 951 1704 1014 unxerunt
1762 952 1826 1011 et
1881 946 1951 1012 in
2007 945 2165 1011 solio
2210 943 2392 1028 regni
2434 961 2578 1009 cum
2621 941 3057 1008 benedictione

710 1066 1042 1153 sollempni
1085 1064 1563 1132 collocaverunt.
1632 1062 1764 1129 Nos
1793 1081 1944 1128 vero
1988 1060 2058 1126 in
2095 1059 2550 1147 multiplicibus
2596 1059 2811 1143 regiae
2856 1057 3060 1141 digni·

708 1184 859 1250 tatis
906 1182 1321 1265 ornamentis,
1378 1180 1604 1278 quibus
1662 1177 1898 1265 partim
1953 1197 2069 1263 per
2123 1176 2426 1243 laicorum
2470 1175 2837 1262 principum
2883 1173 3063 1240 obse-

710 1299 859 1385 quia
901 1298 1136 1385 partim
1180 1317 1296 1384 per
1338 1296 1717 1364 reverendas
1762 1291 2132 1381 pontificum
2184 1291 2651 1360 benedictiones
2697 1290 2920 1357 vestiti
2963 1310 3065 1355 su·

709 1435 872 1499 mus,
918 1415 1162 1498 regium
1209 1414 1490 1480 animum
1533 1412 1876 1494 induimus,
1920 1414 2058 1477 tota
2096 1408 2328 1475 mentis
2359 1408 2613 1475 virtute-
2638 1406 3065 1487 intendentes,

709 1537 784 1598 ut
826 1532 1006 1598 iuxta
1042 1530 1451 1617 professionis
1480 1533 1736 1595 nostrae
1765 1524 2126 1609 formulam,
2174 1545 2362 1611 quam
2394 1524 2472 1591 ab
2503 1523 2874 1591 orthodoxis
2922 1543 3069 1609 pre-

710 1646 952 1714 sulibus
995 1647 1065 1713 in
1110 1647 1250 1734 ipso
1295 1645 1478 1731 regni
1519 1644 1747 1711 throno
1805 1648 1869 1710 et
1910 1643 2206 1709 unctione
2263 1660 2443 1708 sacra
2496 1640 2892 1727 accepimus:
2954 1639 3069 1705 ho-

711 1784 931 1831 norem
960 1763 1140 1829 vobis
1172 1768 1235 1830 et
1264 1762 1685 1845 dilectionem,
1718 1765 1783 1827 et
1811 1764 2245 1826 sacrosanctae
2275 1757 2467 1824 matri
2495 1762 2710 1823 nostre
2738 1755 3071 1822 Romanae

713 1879 1052 1947 aecclesiae
1098 1885 1162 1946 et
1191 1879 1480 1947 omnibus
1512 1876 1950 1944 ecclesiasticis
1977 1876 2266 1964 personis
2295 1878 2657 1961 promptam
2690 1876 2756 1938 et
2784 1871 3069 1938 debitam

712 1996 1030 2064 iusticiam
1076 2015 1150 2061 ac
1192 1994 1618 2062 defensionem
1666 1992 2094 2076 exhibeamus,
2141 1989 2346 2057 viduis
2395 2009 2468 2056 ac
2511 1987 2774 2075 pupillis
2822 1993 2891 2054 et
2924 1988 3072 2054 uni-

710 2133 895 2180 verso
938 2110 1173 2199 populo
1216 2109 1398 2179 nobis
1442 2110 1778 2178 commisso
1822 2109 2026 2194 legem
2084 2112 2148 2175 et
2188 2125 2410 2194 pacem
2453 2105 2760 2172 faciamus
2806 2109 2874 2171 et
2919 2123 3072 2171 con-

712 2248 1055 2297 servemus.

891 2343 1049 2411 Cum
1083 2343 1251 2411 enim
1284 2342 1408 2410 duo
1438 2342 1587 2425 sint,
1635 2341 1863 2427 quibus
1898 2337 2335 2426 principaliter
2363 2337 2467 2405 hic
2494 2335 2767 2403 mundus
2797 2336 3070 2420 regitur,

712 2461 1005 2529 videlicet
1051 2458 1390 2526 auctoritas
1436 2477 1618 2524 sacra
1661 2455 2030 2543 pontificum
2076 2460 2142 2522 et
2167 2453 2398 2539 regalis
2427 2457 2731 2541 potestas,
2778 2454 3072 2518 omnium

714 2576 951 2645 Christi
1006 2575 1402 2644 sacerdotum
1462 2573 1893 2642 oboedientiae
1950 2571 2162 2640 devoti
2220 2569 2385 2638 colla
2437 2568 2809 2637 submittere
2852 2569 3075 2656 parati

715 2714 952 2777 sumus,
998 2698 1073 2759 ut
1115 2692 1394 2780 propitia
1437 2690 1768 2756 divinitate
1812 2688 2203 2776 temporibus
2247 2687 2452 2754 nostri
2495 2686 2890 2774 principatus
2922 2705 3074 2753 ver-

713 2810 866 2878 bum
913 2809 1034 2876 Dei
1082 2807 1372 2895 expedite
1417 2826 1670 2874 currere
1714 2826 1842 2873 non
1886 2805 2295 2891 prohibeatur
2354 2808 2417 2870 et
2470 2808 2766 2889 paternas
2808 2800 3074 2885 regulas

718 2946 791 2993 ac
837 2925 1091 2993 decreta
1148 2922 1564 2991 sanctissimis
1621 2921 1893 2989 diffinita
1948 2920 2229 2988 conciliis
2285 2917 2496 2986 nullus
2556 2918 2782 2985 audeat
2824 2917 3074 3002 absque

715 3063 916 3130 penae
961 3040 1268 3126 gravioris
1315 3038 1597 3105 vindicta
1639 3036 1909 3119 violare3
1969 3038 2263 3123 quatinus
2320 3055 2436 3122 per
2480 3034 2674 3102 studii
2719 3034 2918 3101 nostri
2962 3034 3075 3100 in-

715 3159 1017 3226 stantiam
1074 3156 1382 3224 catholica
1439 3154 1705 3223 ecclesia
1759 3173 1909 3219 suae
1955 3152 2281 3236 dignitatis
2342 3150 2689 3238 privilegiis
2733 3150 3076 3216 decoretur

718 3280 782 3342 et
809 3274 1078 3341 Romani
1121 3272 1376 3360 imperii
1421 3268 1727 3338 celsitudo
1763 3270 1831 3335 in
1871 3269 2213 3357 pristinum
2254 3288 2403 3336 suae
2435 3265 2837 3334 excellentiae
2864 3263 3076 3331 robur

717 3390 853 3458 Deo
899 3389 1236 3457 adiuvante
1279 3388 1679 3455 reformetur.

893 3506 981 3572 Et
1025 3506 1321 3591 quoniam
1368 3502 1777 3571 beatitudinis
1824 3507 2071 3567 vestrae
2117 3500 2400 3567 animum
2453 3499 2532 3566 de
2576 3498 2751 3565 obitu
2792 3496 3075 3584 predicti

720 3621 1107 3689 serenissimi
1153 3621 1459 3708 principis
1513 3620 1745 3686 scimus
1803 3638 1930 3684 non
1987 3617 2303 3684 immerito
2362 3615 2828 3703 perturbatum,
2883 3613 3073 3679 vobis

718 3743 1046 3824 tamquam
1089 3738 1258 3825 patri
1314 3736 1653 3803 karissimo
1710 3738 2071 3800 constanter
2123 3733 2584 3820 promittimus,
2645 3730 2809 3817 quod
2828 3778 2847 3814 ,
2906 3730 3073 3795 sicut

721 3855 923 3922 eidem
971 3854 1242 3939 glorioso
1274 3841 1588 3940 quondam
1622 3850 1758 3935 regi
1787 3850 1851 3916 in
1883 3849 2064 3934 regni
2095 3850 2253 3916 solio
2285 3849 2719 3931 successimus,
2765 3847 2860 3912 ita
2886 3845 3071 3912 here·

720 3971 1021 4039 ditariam
1052 3970 1452 4038 dilectionem
1493 3973 1627 4036 tam
1658 3966 1741 4034 ad
1768 3971 2047 4034 vestram
2075 3985 2414 4053 personam
2443 3964 2697 4031 omnino
2728 3961 3068 4049 specialem

719 4108 911 4175 quam
959 4088 1039 4154 ad
1084 4091 1517 4154 sacrosanctae
1560 4084 1785 4150 matris
1830 4087 2084 4150 nostrae
2112 4082 2433 4149 Romanae
2472 4079 2809 4148 aecclesiae
2855 4098 3067 4166 prom-

722 4205 1083 4291 ptissimam
1129 4223 1202 4270 ac
1232 4201 1707 4270 devotissimam
1739 4198 2166 4267 defensionem
2196 4198 2618 4284 suscepimus3
2665 4196 2785 4263 hac
2832 4195 3071 4262 scilicet

724 4320 964 4387 ordinis
1008 4320 1273 4403 ratione,
1320 4324 1411 4403 ut,
1462 4336 1891 4404 quaecumque
1924 4316 2004 4381 ad
2030 4314 2470 4382 liberationem
2503 4318 2565 4380 et
2591 4313 3067 4379 honorationem

721 4435 1109 4524 apostolicae
1154 4435 1321 4502 sedis
1366 4433 1728 4501 intenderat
1773 4438 1837 4499 et
1881 4432 2316 4515 ordinaverat,
2362 4451 2478 4497 nos
2523 4434 2886 4503 constanter
2927 4447 3069 4515 per·

724 4550 910 4620 ficere
955 4552 1340 4636 studeamus,
1387 4551 1481 4617 ita
1523 4555 1615 4637 ut,
1661 4549 1843 4620 iuxta
1870 4548 2117 4616 felicem
2150 4548 2231 4615 ad
2261 4553 2547 4614 sanctum
2575 4547 2784 4611 virum
2813 4543 3068 4612 Domini
