3319 5242
533 595 672 651 1149

525 668 624 715 Oct.
653 671 681 716 6

529 1648 668 1703 1149

515 1735 556 1769 c.
582 1722 680 1769 Oct.

716 430 847 497 316
1380 445 1679 494 wmanm
1719 442 2093 494 nrrs‘rom
2135 442 2241 491 19⁷.
2275 443 2383 492 198.

714 590 996 676 recipere
1050 587 1519 675 sempiternum.
1699 586 2014 655 Dilectum
2067 585 2271 654 filium
2323 592 2614 655 nostrum
2662 586 3042 671 Hen(ricum)

715 707 1025 773 iuniorem
1078 726 1292 790 regem
1333 705 1403 771 in
1446 704 1718 772 Domino
1763 704 2139 789 salutamus,
2196 709 2262 771 et
2301 709 2376 771 ut
2415 705 2555 792 ipse
2600 708 2809 772 aetate
2850 710 2915 772 et
2957 725 3045 771 sa-

713 823 956 909 pientia
1001 822 1168 910 apud
1196 821 1404 889 Deum
1448 826 1512 889 et
1554 821 1840 889 homines
1883 818 2194 907 proficiat,
2238 821 2449 908 ipsum
2492 842 2609 909 per
2653 841 2840 908 quem
2872 842 3045 907 reges

713 945 981 1023 regnant
1023 937 1392 1025 suppliciter
1437 958 1789 1006 exoramus.
1851 936 2022 1003 Data
2050 936 2388 1004 Tusculani
2430 940 2472 1005 2
2499 937 2715 1006 Nonas
2745 937 3044 1006 Octobris.

723 1154 757 1223 1
772 1151 893 1225 98.
937 1155 1145 1221 Guido
1182 1156 1585 1222 cancellarius
1609 1153 1864 1242 papalis
1898 1151 2179 1218 Wibaldo
2208 1153 2554 1240 respondet,
2587 1152 2845 1239 famam
2873 1153 3050 1240 ferre

934 1272 1012 1338 de
1068 1272 1344 1338 Conradz'
1405 1273 1570 1357 ’τρεῖς
1634 1293 1774 1335 eum
1829 1267 2177 1334 Emanuele
2233 1268 2618 1335 Graecorum
2683 1273 3050 1358 imperatore

917 1376 1184 1474 foedere
1241 1398 1456 1453 contra
1525 1386 1838 1452 ecclesiam
1893 1384 2249 1451 Romanam
2304 1387 2442 1450 icto.
2540 1385 2783 1467 Monet,
2838 1397 2912 1451 ut
2963 1387 3052 1452 rei

934 1504 1284 1570 obluctetur.
2002 1535 2007 1540 ·
2728 1497 2839 1579 (Μ.
2874 1500 3048 1581 214.)

889 1636 1238 1703 Rarissimo
1284 1639 1350 1702 et
1391 1633 1652 1722 speciali
1696 1633 1897 1701 amico
1926 1653 2040 1700 suo
2068 1631 2411 1716 W(ibaldo)
2441 1632 2802 1700 Corbeiensi
2842 1633 3050 1701 abbati

713 1752 919 1820 Guido
977 1757 1231 1819 sanctae
1272 1750 1590 1818 Romanae
1645 1749 1986 1817 aecclesiae
2037 1750 2336 1817 diaconus
2380 1749 2720 1816 cardinalis
2740 1745 2756 1777 ¹
2802 1755 2867 1817 et
2908 1770 3050 1817 can-

711 1868 1001 1937 cellarius
1047 1868 1314 1935 salutem
1360 1871 1425 1935 et
1466 1868 1885 1935 dilectionem.

888 1984 1322 2070 Dubietatem,
1380 2005 1540 2071 quae
1596 1984 1677 2051 de
1721 1987 1891 2050 statu
1934 1988 2045 2049 tuo
2088 1981 2157 2048 in
2199 1985 2415 2049 nostro
2460 1985 2717 2069 pectore
2761 1982 3051 2049 versaba-

711 2108 848 2186 tur,
919 2107 983 2168 et
1045 2102 1309 2168 nuncius
1364 2106 1511 2168 tuus
1573 2105 1636 2167 et
1691 2097 2103 2166 transmissae
2158 2098 2339 2165 nobis
2391 2117 2507 2185 per
2563 2119 2710 2165 eum
2763 2095 3046 2166 litterae'

712 2217 1124 2286 abstulerunt.
1195 2217 1503 2305 Optamus
1562 2217 1731 2284 enim
1775 2216 1844 2283 in
1887 2214 2159 2282 Domino
2172 2264 2191 2299 ,
2250 2219 2324 2281 ut
2368 2219 2595 2281 cuncta
2638 2235 2889 2302 semper
2934 2215 3047 2283 tibi

710 2335 1022 2421 salubria,
1079 2339 1303 2402 cuncta
1346 2335 1476 2401 sint
1519 2351 1856 2421 prospera,
1913 2337 1977 2398 et
2018 2338 2093 2398 ut
2144 2350 2419 2417 superna
2457 2329 2814 2398 clementia
2867 2336 2933 2399 te
2986 2332 3048 2398 in

710 2451 1060 2518 actionibus
1124 2452 1252 2518 tuis
1322 2451 1537 2517 celesti
1602 2447 2025 2514 miserationis
2081 2466 2232 2514 suae
2289 2446 2525 2513 auxilio
2577 2452 2849 2514 tueatur.
2949 2447 3049 2514 Ad

710 2567 1070 2656 peragenda
1116 2587 1210 2653 ea,
1254 2588 1372 2654 pro
1418 2565 1646 2652 quibus
1681 2565 1802 2632 hac
1826 2564 1963 2633 vice
1993 2563 2250 2649 rogasti,
2297 2563 2596 2631 domnum
2624 2585 2862 2652 papam
2889 2566 3050 2633 circa

711 2691 776 2754 te
821 2684 1178 2752 benivolum
1225 2684 1598 2769 sentientes,
1657 2702 1875 2749 secure
1919 2701 2178 2768 operam
2221 2681 2507 2747 dedimus
2522 2731 2542 2766 ,
2588 2681 2754 2748 sicut
2795 2702 2878 2749 ex
2920 2683 3051 2749 eius

710 2801 830 2869 tibi
884 2800 1113 2867 litteris
1173 2799 1520 2888 apparebit.
1701 2798 1998 2865 Preterea
2050 2797 2170 2864 tibi
2222 2802 2526 2884 tanquam
2569 2803 2752 2864 cauto
2800 2804 2867 2865 et
2906 2820 3050 2886 pru-

711 2918 886 2985 denti
915 2917 1053 2983 viro
1100 2922 1163 2984 et
1204 2918 1272 2983 in
1317 2916 1648 2982 dilectione
1693 2915 1957 3002 probato
2004 2913 2373 3000 eloquimur.
2435 2913 2689 2981 Certum
2725 2920 2843 2998 est,
2890 2914 3047 3001 quod

708 3038 858 3122 post
901 3034 1245 3100 discessum
1289 3032 1503 3099 domni
1549 3032 1872 3113 C(onradi)
1917 3030 2342 3097 Romanorum
2386 3030 2574 3115 regis,
2619 3031 2745 3097 nisi
2789 3031 3045 3098 domnus

709 3170 881 3239 papa
933 3149 1289 3237 specialiter
1343 3154 1407 3215 et
1460 3149 1746 3215 districte
1797 3147 2251 3235 prohibuisset,
2308 3145 2609 3212 adversus
2661 3146 2866 3215 filium
2922 3147 3045 3215 eius

709 3267 1020 3333 iuniorem
1061 3286 1277 3350 regem
1321 3286 1515 3349 guera
1556 3270 1732 3331 mota
1773 3264 1998 3331 fuisset
2041 3268 2105 3330 et
2147 3283 2275 3330 non
2309 3262 2558 3329 modica
2586 3268 2728 3329 orta
2753 3265 3041 3331 turbatio.

710 3381 894 3450 Nunc
938 3387 1144 3448 autem
1159 3432 1178 3467 ,
1233 3382 1396 3448 sicut
1451 3381 1680 3447 domno
1734 3400 1938 3467 papae
1995 3399 2069 3447 ac
2120 3379 2302 3446 nobis
2358 3377 2783 3464 significatum
2844 3386 2940 3447 est
2988 3384 3047 3446 et

709 3518 994 3565 rumores
1051 3499 1243 3564 etiam
1295 3498 1725 3582 increverunt,
1793 3500 1976 3583 pater
2026 3495 2228 3583 ipsius
2282 3516 2396 3563 rex
2453 3495 2834 3579 C(onradus)
2889 3495 3046 3563 mala

709 3634 828 3700 pro
873 3613 1075 3698 bonis,
1119 3614 1287 3700 quod
1328 3613 1500 3680 Deus
1546 3617 1811 3697 avertat,
1856 3612 2119 3681 reddere
2161 3612 2406 3698 nititur,
2451 3619 2516 3679 et
2558 3631 2702 3678 cum
2747 3611 3045 3680 Constan-

709 3730 1125 3817 tinopolitano
1170 3723 1584 3817 imperatore⁸
1632 3734 1916 3796 sanctam
1957 3728 2308 3796 Romanam
2353 3728 2739 3814 aecclesiam,
2796 3730 3048 3797 catholi-

710 3868 928 3915 corum
974 3847 1254 3913 omnium
1296 3852 1587 3931 matrem,
1632 3846 1912 3931 graviter
1956 3846 2013 3912 si
2055 3845 2291 3932 poterit
2334 3844 2611 3930 affligere
2657 3851 2722 3912 et
2756 3847 3047 3914 infestare

710 3964 1008 4052 disponit.
1084 3963 1260 4031 Sicut
1306 3983 1453 4047 ergo
1500 3963 1721 4030 eadem
1763 3967 1968 4029 mater
2011 3965 2229 4029 nostra
2273 3965 2337 4029 et
2378 3972 2515 4046 noe,
2562 3962 2764 4048 ipsius
2797 3963 3045 4045 alumni,

710 4081 790 4148 de
833 4086 941 4147 tuo
987 4080 1155 4146 circa
1199 4100 1339 4148 eam
1383 4078 1555 4146 fideli
1599 4078 1897 4165 obsequio
1934 4082 1998 4146 et
2027 4077 2305 4145 officiosa
2330 4076 2632 4146 fidelitate
2662 4078 3043 4161 confidimus,

707 4198 802 4263 ita
845 4217 924 4264 ex
970 4201 1151 4283 parte
1195 4195 1412 4262 domni
1453 4215 1658 4282 papae
1703 4214 1779 4262 ac
1821 4200 2041 4262 nostra
2071 4195 2471 4262 dilectionem
2500 4199 2673 4261 tuam
2703 4215 3043 4277 monemus,

709 4313 1019 4381 monendo
1061 4332 1356 4397 rogamus
1403 4317 1467 4379 et
1512 4312 1812 4379 attentius
1848 4311 2273 4396 exhortamur,
2317 4316 2393 4377 ut
2418 4310 2623 4378 modis
2659 4311 2888 4397 quibus
2917 4317 3043 4399 pot-

710 4430 869 4515 eris,
919 4435 1222 4516 tanquam
1264 4448 1452 4496 verus
1498 4427 1735 4494 Christi
1779 4427 2018 4495 athleta
2058 4433 2123 4495 et
2166 4428 2235 4494 in
2279 4427 2705 4515 apostolorum
2747 4427 3040 4514 principis

855 4561 905 4615 1.
943 4558 1041 4617 SS.
1066 4560 1299 4617 cosmae
1322 4563 1382 4617 et
1401 4557 1679 4616 Damiani.
1795 4560 1850 4615 2.
1886 4574 1977 4629 ep.
2001 4559 2109 4616 195
2129 4574 2298 4630 supra
2321 4575 2378 4630 p.
2402 4558 2527 4616 314.
2643 4559 2697 4615 3.
2729 4557 3035 4616 Emanuele.
