3319 5242
712 383 839 449 184
1464 390 1763 441 wmmr
1802 389 2132 440 ansi-ona
2162 389 2269 438 108.

535 546 671 603 1148
706 561 826 627 que
881 539 963 607 H.
1008 539 1238 608 decano
1294 541 1359 604 et
1411 534 1700 603 omnibus
1759 534 2057 602 ecclesiae
2114 537 2369 600 sanctae
2411 529 2651 600 Mariae
2707 531 3027 618 sanctique

702 655 1027 724 Lamberti
1081 654 1394 721 canonicis
1452 652 1647 719 frater
1686 649 2013 719 Wibaldus
2056 649 2181 718 Dei
2235 650 2442 734 gratia
2486 648 2880 717 stabulensis
2935 667 3027 716 eo-

705 773 933 841 clesiae
977 792 1211 855 servus,
1258 769 1487 857 spiritu
1531 767 1780 835 consilii
1824 772 1889 834 et
1931 768 2319 835 fortitudinis
2364 766 2702 834 abundare.

881 888 1055 968 Quod
1104 887 1285 953 iuxta
1325 884 1720 953 vocationem
1762 888 2041 951 vestram
2087 884 2167 949 ad
2210 883 2544 967 collegium
2585 886 2867 950 vestrum
2908 901 3033 948 non

703 1006 1018 1089 venimus,
1064 1003 1275 1088 gravis
1320 1021 1436 1068 nos
1483 1001 1807 1087 occupatio
1853 1000 2151 1083 detinuit,
2198 999 2491 1066 videlicet
2532 1004 2795 1086 propter
2838 997 3033 1064 refor-

702 1121 996 1189 mandam
1038 1139 1263 1206 pacem
1304 1117 1471 1183 inter
1514 1116 1800 1183 homines
1844 1121 2052 1183 terrae
2094 1120 2370 1200 nostrae,
2418 1135 2686 1201 quorum
2724 1114 3038 1181 discordia

700 1236 1153 1324 multiplicibus
1221 1238 1286 1299 et
1350 1232 1647 1299 maximis
1716 1231 2107 1299 detrimentis
2165 1232 2533 1299 aecclesiam
2585 1235 2902 1315 nostram,
2970 1236 3039 1296 ut

700 1355 878 1421 vobis
921 1353 1082 1419 bene
1124 1354 1347 1415 notum
1391 1352 1518 1431 est,
1571 1348 1700 1414 iam
1746 1348 1855 1414 diu
1898 1348 2357 1435 conquassavit.
2426 1346 2879 1414 Verumtamen
2925 1346 3041 1413 etsi

702 1488 964 1555 corpore
1023 1466 1346 1548 absentes,
1404 1465 1691 1531 venimus
1735 1470 1950 1531 tamen
1994 1466 2253 1552 spiritu,
2313 1464 2602 1530 venimus
2645 1469 2859 1530 mente
2904 1469 3041 1529 tan·

704 1604 894 1670 quam
950 1582 1161 1648 devoti
1219 1584 1315 1646 et·
1361 1581 1720 1648 obedientes
1774 1580 1892 1647 filii
1946 1582 2169 1648 matris
2224 1585 2476 1647 nostrae
2518 1578 2888 1647 Leodiensis
2946 1599 3040 1646 ec-

703 1698 950 1781 clesiae,
996 1697 1118 1763 Dei
1163 1696 1684 1783 omnipotentiam
1729 1702 2080 1781 exorantes,
2126 1702 2200 1764 ut
2230 1698 2369 1784 ipse
2398 1700 2682 1763 conterat
2711 1696 3042 1762 sathanam

705 1814 821 1881 sub
865 1813 1129 1900 pedibus
1172 1813 1400 1880 vestris
1447 1818 1511 1880 et
1552 1813 1778 1880 liberet
1821 1834 1933 1880 vos
1979 1814 2058 1881 ab
2102 1814 2459 1901 inportunis
2506 1817 2570 1879 et
2611 1812 2799 1879 malis
2840 1812 3042 1879 homi-

704 1931 922 2014 nibus,
984 1930 1093 2015 qui
1137 1928 1468 2016 superfluis
1514 1934 1579 1996 et
1621 1931 1803 1997 vanis
1847 1931 2231 1998 novitatibus
2276 1931 2622 2016 primatum
2667 1933 2732 1995 et
2775 1928 3045 2012 gloriam

707 2066 857 2112 suae
899 2046 1121 2113 matris
1167 2047 1451 2113 scindere
1496 2052 1561 2112 et
1604 2052 1887 2114 evertere
1929 2047 2237 2113 nituntur.
2306 2045 2479 2113 Haec
2513 2050 2661 2112 sunt
2688 2045 3045 2130 genimina*
3105 2108 3108 2111 e

706 2162 1066 2248 viperarum
1083 2158 1120 2246 ¹,
1179 2182 1337 2248 quae
1392 2168 1664 2230 matrem
1708 2165 2114 2247 extinguunt,
2175 2163 2327 2229 dum
2379 2183 2485 2229 eas
2532 2162 2614 2229 ad
2655 2163 2857 2228 vitam
2902 2182 3048 2249 pro-

706 2278 897 2362 ducit,
946 2298 1104 2363 quae
1147 2279 1421 2345 reddunt
1463 2279 1703 2346 malum
1747 2300 1864 2366 pro
1904 2280 2098 2361 bono;
2144 2278 2436 2366 populus,
2482 2279 2759 2364 inquam,
2809 2281 2925 2365 qui
2954 2281 3048 2346 in-

705 2399 1020 2462 crassatus
1070 2395 1493 2462 recalcitravit
1536 2400 1600 2462 et
1640 2416 1758 2482 per
1801 2396 2066 2462 nimiam
2107 2395 2628 2480 ingratitudinem
2671 2395 2912 2463 oblitus
2958 2403 3054 2464 est

705 2511 1120 2578 benefactoris
1166 2512 1282 2577 sui.
1358 2510 1684 2597 Siquidem
1728 2512 2104 2579 cathedralis
2150 2511 2482 2597 aecclesia,
2540 2512 2609 2578 in
2655 2533 2779 2598 qua
2824 2535 2946 2580 vos
2991 2519 3054 2580 et

704 2630 949 2716 priores
1007 2634 1071 2695 et
1122 2629 1407 2725 canonici
1454 2631 1637 2714 estis,
1695 2634 1933 2697 ceteras
1978 2630 2048 2695 in
2090 2630 2247 2697 urbe
2289 2630 2721 2717 preposituras
2767 2631 2855 2697 ad
2902 2653 3055 2698 suae

707 2745 1033 2830 dignitatis
1081 2751 1516 2830 augmentum,
1572 2747 1652 2812 ad
1697 2766 1847 2812 suae
1891 2745 2344 2830 magnitudinis
2388 2752 2863 2831 ornamentum,
2913 2754 3054 2815 tan-

708 2883 897 2948 quam
942 2863 1210 2948 quedam
1255 2861 1539 2948 speciosa
1579 2862 1938 2946 luminaria,
1987 2862 2268 2929 extruxit
2296 2867 2361 2929 et
2389 2861 2819 2950 amplificavit,
2869 2885 2951 2931 ac
2979 2866 3055 2933 de

703 2980 980 3068 propriis
1024 2978 1206 3046 bonis
1253 2979 1555 3066 episcopii
1596 2980 1807 3067 prima
1849 2978 2261 3046 fundamenta
2290 2980 2544 3056 iecitac
2573 2980 2876 3067 deinceps
2907 3003 3055 3069 pro-

704 3097 987 3164 vehendo
1032 3096 1336 3164 canonica
1379 3096 1697 3183 stipendia
1739 3099 1804 3162 et
1848 3094 2085 3162 cultum
2130 3096 2663 3164 aecclesiasticum
2708 3097 3054 3182 ordinavit,

705 3218 778 3280 ut
833 3213 1126 3280 videlicet
1181 3213 1385 3280 clerus
1430 3213 1566 3279 Deo
1626 3212 1907 3279 serviens
1964 3215 2029 3278 et
2079 3213 2308 3280 merito
2362 3219 2426 3280 et
2478 3234 2738 3280 numero
2793 3214 2871 3280 in
2925 3216 3067 3282 suis-

708 3330 1117 3397 conventibus
1163 3334 1514 3414 augeretur.
1584 3328 1796 3414 Atque
1839 3327 2009 3395 idem
2046 3328 2222 3395 fuere
2249 3334 2525 3397 rectores
2556 3331 2667 3417 qui
2693 3331 3057 3399 conditores

707 3466 906 3532 usque
953 3446 1035 3512 ad
1077 3450 1296 3511 nostra
1337 3444 1615 3511 infelicia
1656 3449 1964 3530 tempora,
2010 3444 2080 3509 in
2109 3445 2334 3530 quibus
2362 3447 2492 3513 iam
2521 3448 2697 3514 venit
2723 3447 3056 3533 discessio,

708 3566 782 3629 ut
824 3561 1141 3630 reveletur
1183 3561 1291 3627 ille
1334 3559 1501 3628 filius
1548 3560 1951 3648 perdicionis,
1999 3561 2108 3646 qui
2151 3561 2473 3630 extollitur
2518 3583 2706 3650 super
2746 3583 2941 3631 omne
2970 3565 3061 3648 id,

712 3679 878 3765 quod
923 3678 1152 3744 dicitur
1181 3677 1354 3744 Deus
1386 3681 1494 3743 aut
1524 3677 1691 3763 quod
1721 3675 1964 3743 colitur.
2031 3677 2338 3745 Discessit
2367 3679 2599 3766 quippe
2628 3679 2833 3746 omnis
2863 3680 3058 3748 homo

713 3795 792 3862 ab
835 3794 1119 3878 homine,
1172 3792 1267 3859 ita
1307 3798 1381 3859 ut
1423 3794 1533 3860 vix
1579 3794 1701 3860 duo
1748 3794 2143 3862 consentiant
2186 3796 2264 3861 de
2311 3795 2482 3862 omni
2525 3815 2627 3880 re,
2674 3801 2866 3882 atque
2915 3799 3058 3865 ideo

712 3913 885 3979 Deus
929 3915 1111 3997 pater
1156 3930 1285 3976 non
1331 3910 1587 3977 exaudit
1629 3931 1746 3977 nos
1793 3917 2064 3978 orantes.
2141 3911 2479 3996 Discessit,
2525 3914 2814 3999 inquam,
2864 3913 3059 3982 homo

716 4028 794 4096 ab
837 4027 1113 4112 homine,
1163 4027 1458 4113 quoniam
1503 4027 1793 4093 discessit
1829 4029 1867 4094 a
1896 4029 2179 4113 caritate,
2226 4029 2515 4097 discessit
2554 4031 2632 4097 ab
2671 4029 3058 4114 obedientia,

716 4145 1006 4213 discessit
1062 4165 1102 4210 a
1154 4144 1394 4231 pudore
1408 4194 1427 4229 ,
1487 4144 1778 4211 discessit
1829 4131 1895 4211 a⁵
1909 4146 2293 4231 reverentia,
2355 4151 2419 4213 et
2463 4151 2627 4214 sunt·
2650 4146 2946 4214 homines
2991 4167 3061 4215 se

713 4263 885 4351 ipsos
909 4262 1214 4345 amantes,
1237 4266 1676 4328 coacervantes
1698 4262 2033 4347 magistros
2063 4264 2419 4352 prm-ientes
2443 4264 2698 4330 auribus
2710 4258 2752 4330 ¹.
2784 4262 3058 4331 Verum·

859 4428 901 4461 ⁸.
942 4415 990 4460 et
1025 4436 1074 4444 --
1112 4412 1330 4459 ccclesiae
1362 4430 1498 4460 emsa
1528 4422 1647 4460 sunt.
1770 4412 1816 4459 b.
1858 4414 2037 4471 gemina
2067 4433 2108 4462 c.

857 4510 908 4566 1.
943 4507 1136 4568 matth.
1159 4508 1245 4580 23,
1270 4508 1358 4564 33.
1500 4509 1552 4565 2.
1589 4509 1624 4563 2
1646 4507 1890 4566 Timoth.
1912 4509 1966 4580 4,
1995 4510 2049 4568 3.
