3319 5242
745 407 834 475 64
1372 425 1977 476 cnnonocmrms
2020 426 2462 477 consummem

571 574 709 630 1146
923 565 1010 633 Et
1063 567 1233 636 inter
1288 567 1416 635 alia
1466 569 1634 636 idem
1679 569 1819 656 ipse
1864 568 2227 637 Isenboldus
2272 569 2399 656 ipsi
2442 569 2548 638 cui
2591 589 2786 656 supra
2830 567 3085 655 scripsit

573 647 708 703 ¹¹4⁷
749 689 815 750 et
857 682 1044 750 talia:

928 849 962 884 „
981 798 1307 868 Succincte
1373 800 1457 868 ad
1511 820 1773 887 presens
1826 800 2006 867 vobis
2063 800 2337 868 scribere
2392 800 2836 888 proposuimus
2850 849 2871 884 ,
2943 799 3089 884 quia

748 914 1209 1001 aliquantisque
1251 918 1461 985 verbis
1506 918 1735 984 vestris
1790 917 1858 982 in
1915 915 2057 983 aliis
2101 916 2363 1000 litteris,
2423 937 2579 1002 quas
2628 915 2809 983 vobis
2855 915 3088 983 direxi-

745 1052 907 1117 mus,
953 1032 1263 1119 prolixius
1306 1033 1768 1120 respondimus.
1840 1031 2187 1099 Suademus
2231 1034 2446 1118 itaque
2492 1037 2555 1099 et
2591 1032 2958 1100 discretioni
2984 1052 3090 1100 ve-

746 1153 916 1215 strae
971 1149 1353 1216 consulimus
1367 1160 1409 1234 ¹,
1477 1149 1772 1235 quatinus
1842 1148 2176 1233 diligenter
2231 1149 2603 1233 attendatis,
2662 1148 2815 1235 quid
2871 1154 2938 1216 et
2990 1148 3093 1216 cui

745 1264 1039 1349 vovistis,
1099 1285 1245 1332 cum
1299 1265 1589 1331 omnibus
1644 1264 1897 1331 caducis
1951 1266 2138 1333 rebus
2197 1271 2460 1352 propter
2501 1284 2770 1349 rmum
2812 1263 3092 1332 celorum

748 1381 1165 1448 renunciastis
1180 1431 1200 1465 ,
1272 1386 1337 1448 et
1394 1382 1464 1446 in
1518 1379 1636 1448 hoc
1691 1381 2105 1448 subtilissima
2151 1382 2723 1468 circumspectione
2779 1401 2983 1467 usque
3025 1382 3094 1447 in

744 1493 935 1564 finem
977 1498 1148 1564 vitae
1203 1498 1652 1584 perseveretis,
1711 1497 1836 1563 nisi
1892 1498 2045 1584 quid
2088 1498 2256 1585 quod
2299 1499 2519 1582 ignoro
2566 1497 2862 1582 obsistat,
2924 1496 3095 1583 quod

744 1611 890 1679 huic
934 1613 1194 1680 consilio
1239 1612 1703 1680 rationabiliter
1732 1614 2138 1681 contradicat.
2199 1613 2421 1682 Valete
2449 1633 2619 1681 nunc
2648 1614 2810 1681 etin
2839 1611 3092 1682 evum“.

572 1855 709 1911 1146
921 1843 1055 1912 Hee
1082 1845 1293 1913 littere
1320 1845 1617 1912 dicuntur
1645 1845 1986 1913 divinitus*
2019 1845 2249 1913 missae
2278 1843 2703 1913 Loudhuwico
2736 1846 2873 1930 regi
2893 1844 3096 1914 Fran·

572 1927 708 1983 114⁷
746 1978 993 2027 comm,

928 2127 962 2162 „
979 2076 1122 2145 Tibi
1135 2088 1155 2113 ⁰
1202 2077 1340 2145 dico
1384 2076 1456 2145 L.
1504 2083 1724 2165 pastor
1780 2098 2145 2165 corporum,
2204 2097 2391 2163 quem
2446 2076 2783 2164 inspiravit
2825 2076 3097 2163 spiritus

745 2193 1066 2281 peregrini
1108 2193 1250 2261 Dei.
1320 2192 1481 2261 Cum
1525 2194 1881 2261 ascenderis
1928 2214 1968 2261 a
2010 2199 2338 2261 constante
2384 2192 2720 2277 tetragoni,
2767 2197 2831 2260 et
2877 2213 2918 2258 a
2945 2212 3098 2260 eon·

747 2310 1051 2378 stantium
1095 2315 1567 2394 tetragonorum
1601 2310 1908 2377 stantium
1937 2316 2351 2394 esternorum,
2397 2315 2548 2376 tunc
2580 2309 2949 2396 aperientur
2976 2310 3099 2376 tibi

746 2432 968 2517 portae
1012 2427 1309 2510 civitatis,
1357 2447 1512 2512 quas
1557 2427 1853 2513 promisit
1893 2425 2060 2493 filius
2102 2427 2327 2494 matris
2367 2432 2514 2494 tuae
2544 2425 2825 2509 visitare,
2872 2432 2940 2492 et
2966 2445 3101 2492 non

748 2542 1046 2611 visitavit.
1118 2542 1444 2629 Ponesque
1488 2542 1722 2609 vexilla
1764 2548 1875 2610 tua
1916 2564 2099 2610 rosea
2141 2563 2337 2630 usque
2383 2542 2466 2608 ad
2500 2547 2815 2609 extremos
2845 2540 3100 2609 labotes

747 2659 1058 2744 Herculis,
1106 2660 1254 2746 quia
1299 2660 1502 2728 erexit
1544 2665 1608 2726 te
1651 2659 1938 2727 Christus
1977 2661 2045 2727 in
2075 2665 2396 2727 artemone
2425 2660 2627 2744 navis,
2673 2659 2851 2727 cuius
2880 2658 3101 2726 velum

748 2781 846 2844 est
897 2775 1302 2861 triangulum.
1396 2777 1600 2843 Tuum
1657 2798 1902 2864 quoque
1960 2775 2051 2844 .L.
2111 2781 2391 2844 vertetur
2442 2777 2510 2842 in
2556 2774 2649 2843 .C.
2709 2776 2817 2862 qui
2876 2775 3104 2843 divisit

749 2913 945 2979 aquas
979 2891 1277 2978 fluminis,
1322 2897 1395 2960 ut
1421 2893 1769 2961 transirent
1795 2913 1910 2980 per
1957 2914 2084 2978 eas,
2131 2893 2240 2978 qui
2269 2891 2527 2960 student
2554 2893 2623 2959 in
2653 2893 3102 2979 procreatione

747 3007 1055 3077 filiorumd
1075 3007 1131 3075 “.

925 3214 1329 3282 Antiochiae·
1386 3214 1609 3280 civitas
1676 3233 1908 3297 magna
1973 3212 2213 3279 duobus
2266 3212 2467 3279 muris
2523 3213 2814 3298 cingitur.
2911 3211 3101 3281 Prior

746 3328 971 3412 horum
1031 3350 1107 3396 ex
1152 3330 1399 3414 magnis
1458 3328 1778 3416 lapidibus
1835 3333 1961 3413 est,
2017 3329 2085 3393 in
2144 3327 2455 3413 quadrum
2510 3329 2698 3396 sectis
2754 3334 2818 3396 et
2872 3329 3102 3397 subtili

749 3444 1014 3511 artificio
1066 3445 1314 3532 politis,
1374 3450 1437 3512 et
1479 3445 1548 3511 in
1595 3465 1668 3512 eo
1714 3445 2007 3511 distincte
2055 3449 2117 3510 et
2161 3443 2445 3511 ordinate
2493 3450 2641 3511 sunt
2683 3445 2817 3511 460
2859 3449 3099 3513 turres.

747 3559 869 3626 Hic
924 3580 1143 3626 murus
1196 3581 1265 3628 se
1308 3561 1700 3628 intuentibus
1744 3565 2072 3628 venustate
2118 3560 2589 3646 compositionis
2635 3580 2785 3628 suae
2831 3561 3101 3648 arridet,

749 3680 815 3743 et
859 3676 1180 3762 spaciosus
1229 3682 1325 3744 est
1369 3675 1702 3744 latitudine
1746 3678 1934 3744 nimis
1966 3675 2195 3763 ampla.
2268 3675 2683 3743 Continentur
2711 3677 2882 3742 intra
2910 3683 3105 3765 septa

747 3811 1074 3859 murorum
1117 3794 1159 3859 4
1205 3798 1450 3859 montes
1495 3793 1711 3878 magni
1755 3798 1819 3860 et
1862 3793 1929 3859 in
1970 3792 2168 3859 altum
2201 3793 2565 3860 eminentes.
2638 3792 2708 3858 In
2739 3791 2952 3858 altiori
2983 3793 3104 3861 ho-

749 3928 893 3974 rum
937 3908 1263 3975 castellum
1308 3909 1583 3975 naturali
1626 3909 1940 3995 positione
1983 3909 2318 3992 munitum,
2366 3908 2531 3994 quod
2574 3927 2691 3975 nec
2724 3907 3104 3976 bellicosum

750 4024 933 4091 timet
975 4025 1260 4111 inpetum
1305 4045 1419 4093 nec
1464 4025 1798 4092 cuiuslibet
1831 4024 2311 4092 machinationis
2340 4024 2681 4108 ingenium.
2752 4023 3102 4093 Trecentas

751 4145 815 4207 et
872 4142 960 4207 60
1016 4139 1309 4234 ecclesias
1365 4141 1605 4209 obtinet
1658 4142 1724 4207 in
1772 4142 1870 4208 sui
1914 4140 2168 4209 confinii
2212 4140 2562 4226 territorio,
2621 4145 2685 4208 et
2728 4140 3105 4227 patriarcha

748 4256 940 4325 habet
1001 4259 1127 4324 153
1184 4258 1511 4344 episcopos
1567 4258 1682 4324 sub
1739 4257 2099 4344 principatu
2157 4278 2288 4324 suo.
2379 4257 2483 4325 Ab
2530 4257 2769 4324 oriente
2814 4257 3101 4325 civitatis

896 4395 937 4428 a.
979 4382 1280 4429 sconsulimus
1312 4400 1352 4429 c.
1458 4381 1505 4429 b.
1548 4381 1720 4429 divitus
1752 4401 1791 4430 c.
1900 4396 1940 4429 c.
1983 4385 2084 4430 Hoc
2113 4385 2369 4429 οοιίιὶιιὶηπ
2402 4384 2586 4445 attingis
2617 4384 2750 4428 eciam
2785 4384 2893 4428 Ouo
2925 4385 3104 4434 &isin-

749 4465 903 4527 gemr‘s
934 4465 980 4509 ἐκ
1007 4465 1204 4527 prologo
1239 4464 1373 4511 Vitae
1405 4463 1632 4509 Fn'den'ci
1658 4466 1698 4509 1.
1749 4464 1886 4511 Cuius
1915 4465 2093 4509 variam
2124 4464 2355 4508 lectionem
2389 4465 2555 4517 afferre
2585 4463 2725 4508 mino.
2849 4459 2898 4507 d.
2929 4461 3100 4508 eade-

750 4558 910 4590 πωπω
944 4542 1157 4590 addidit.-
1187 4542 1314 4590 Finis
1345 4541 1508 4590 lurum
1536 4540 1614 4589 hic
1644 4542 1718 4589 est
1749 4542 1796 4588 et
1826 4541 1908 4589 sic.
2032 4556 2074 4590 e.
2103 4540 2355 4590 Antocbiae
2388 4558 2428 4587 c.
