3319 5242
1026 469 1325 521 mum
1368 472 1698 522 nmsrom
1739 471 1815 520 se.
2042 428 2046 433 ’
2457 456 2580 522 161

250 611 369 682 88.
416 613 739 681 Wibaldus
758 613 1028 681 Hem-ico
1054 618 1479 682 Romanorum
1507 619 1643 704 reyi
1671 617 1881 683 scribit
1911 617 1987 681 de
2015 616 2381 681 removendo
2410 616 2585 703 Roy-

414 754 570 818 9ero
617 731 801 798 electo
850 733 1068 798 abbate
1095 731 1410 798 Fuldensi.
1480 734 1709 814 Monet,
1748 744 1980 818 pareat
2013 755 2249 819 papae,
2296 755 2443 797 neve
2479 743 2590 796 aut

422 846 719 913 Sueviam
766 859 876 913 aut
906 847 1252 914 Samnium
1284 860 1394 913 aut
1424 847 1901 935 Lotharinqiam
1947 824 2133 915 adeat
2174 849 2296 913 nisi
2338 858 2589 913 vocatus

424 986 467 1028 a
503 964 912 1050 principibus.
2308 961 2417 1044 (M.
2455 962 2585 1044 73.)

420 1093 713 1161 Glorioso
759 1114 833 1161 ac
877 1095 1276 1163 serenissimo
1321 1096 1574 1162 domino
1620 1116 1735 1162 suo
1783 1096 1822 1162 a
1850 1095 1983 1163 Deo
2031 1101 2326 1162 coronato
2357 1094 2587 1161 Roma-
2625 1098 2764 1155 1148

241 1231 470 1278 norum
515 1211 653 1294 regi
681 1210 972 1295 Henrico,
1017 1210 1147 1278 filio
1191 1212 1450 1278 victoris
1492 1217 1556 1278 et
1581 1212 1787 1279 incliti
1817 1211 2133 1278 Cuonradi
2160 1211 2586 1278 Romanorum
2635 1174 2745 1232 ’ψ’

240 1327 646 1414 imperatoris
678 1327 948 1411 augusti,
987 1327 1185 1393 frater
1214 1325 1539 1395 Wibaldus
1570 1328 1691 1396 Dei
1733 1329 1940 1413 gratia
1968 1327 2362 1395 Corbeiensis
2393 1327 2586 1394 abbas

240 1443 515 1510 salutem
556 1444 627 1508 in
670 1463 765 1527 eo,
813 1443 921 1528 qui
967 1442 1077 1509 dat
1120 1442 1389 1510 salutem
1428 1444 1683 1528 regibus
1701 1440 1735 1511 ¹.

416 1558 559 1637 Qua
603 1558 951 1625 devotionis
1003 1560 1310 1627 instantia
1362 1561 1430 1626 in
1474 1561 1738 1627 concilio
1784 1559 2079 1628 Remensi
2120 1559 2425 1626 fuerimus
2469 1579 2587 1645 pro

238 1675 593 1742 stabilitate
646 1676 826 1759 regni
882 1675 1060 1742 vobis
1118 1675 1157 1741 a
1198 1674 1335 1743 Deo
1393 1675 1604 1741 collati
1662 1680 1726 1742 et
1779 1696 1895 1762 pro
1950 1676 2335 1743 incremento
2391 1676 2589 1742 vestri

237 1791 522 1875 honoris,
572 1791 952 1858 arbitramur
996 1792 1149 1858 satis
1196 1791 1603 1859 excellentiae
1633 1798 1882 1859 vestrae
1924 1813 2061 1859 esse
2087 1790 2477 1858 notificatum
2508 1791 2587 1858 ab
2644 1775 2660 1787 ³

238 1907 333 1975 his
347 1959 367 1993 ,
434 1909 548 1993 qui
601 1907 787 1974 rebus
844 1907 1202 1974 interfuere.
1299 1908 1622 1994 Siquidem
1685 1908 1763 1975 de
1818 1906 1942 1975 fide
1996 1915 2215 1975 nostra
2272 1914 2335 1975 et
2379 1908 2586 1975 studio

239 2026 410 2091 circa
438 2028 689 2090 vestrae
719 2044 1024 2110 personae
1056 2030 1119 2091 et
1147 2025 1326 2108 regni
1354 2025 1549 2091 vestri
1579 2030 1910 2111 provectus
1941 2023 2314 2092 sublimitati
2342 2029 2590 2091 vestrae
2620 2031 2628 2040 “

239 2140 606 2207 nullatenus
653 2140 775 2206 erit
819 2139 1251 2208 dubitandum.
1323 2140 1549 2226 Causa,
1596 2160 1709 2207 cur
1740 2141 1820 2207 ad
1848 2146 2125 2208 vestram
2155 2140 2589 2207 celsitudinem

242 2293 322 2303 -
355 2261 509 2344 post
552 2256 754 2323 multa
781 2256 995 2340 verba,
1043 2276 1203 2341 quae
1243 2276 1387 2323 cum
1417 2258 1721 2342 magistro
1750 2255 2046 2343 Henrico,
2092 2262 2339 2324 vestrae
2380 2257 2591 2323 curiae

238 2374 513 2457 notario,
561 2372 641 2439 de
685 2371 888 2439 salute
934 2378 999 2439 et
1041 2372 1471 2441 incolumitate
1515 2379 1747 2457 vestra,
1794 2373 1872 2441 de
1909 2373 2268 2461 provisione
2313 2378 2379 2440 et
2422 2372 2590 2439 ordi-

239 2490 502 2556 natione
559 2493 747 2574 atque
805 2488 1255 2573 gubernatione
1311 2492 1493 2574 regni
1535 2491 1734 2557 vestri
1791 2490 2056 2557 sollicite
2114 2511 2316 2578 nuper
2369 2489 2589 2557 habui-

240 2626 382 2673 mus
414 2615 529 2652 —’
574 2604 728 2672 haec
773 2609 888 2690 est,
936 2605 1103 2692 quod
1147 2605 1477 2674 Fuldensis
1523 2602 1794 2676 electus²
1838 2608 1907 2673 in
1951 2606 2194 2675 abbatis
2224 2628 2456 2679 nomen
2484 2606 2590 2674 be-

241 2723 453 2790 nedici
496 2722 826 2806 detrectat,
873 2728 937 2788 et
980 2728 1271 2809 preterea
1312 2724 1556 2790 inutilis
1602 2725 1641 2791 a
1685 2725 2002 2811 plerisque
2046 2725 2426 2811 predicatur.
2522 2723 2589 2790 Si

242 2859 393 2924 ergo
457 2842 705 2905 amotus
760 2838 980 2923 fuerit,
1040 2840 1117 2907 de
1179 2860 1300 2925 quo
1359 2841 1612 2925 quidem
1668 2861 1797 2907 non
1849 2842 2305 2925 dubitavimus,
2366 2861 2509 2907 cum
2555 2840 2594 2906 a

240 2955 457 3022 Remis
505 2955 821 3022 exiremus
834 3004 852 3039 ,
912 2959 1063 3023 tunc
1109 2956 1464 3023 imminebit
1508 2962 1754 3024 vestrae
1798 2956 1996 3023 indoli
2040 2956 2317 3043 plurima
2360 2956 2592 3023 sollici-

240 3072 429 3156 tudo,
486 3092 568 3138 ne
617 3071 843 3156 aliquis
887 3073 1239 3139 novitatum
1295 3076 1504 3139 motus
1559 3074 1627 3138 in
1673 3073 2053 3139 monasterio
2099 3072 2399 3140 Fuldensi
2444 3072 2592 3139 obo-

240 3189 467 3273 riatur,
515 3192 614 3255 set
656 3189 821 3254 sicut
866 3190 1153 3275 proxime
1182 3188 1317 3255 Deo
1347 3189 1699 3276 inspirante
1740 3190 2059 3276 sapienter
2104 3194 2169 3255 et
2212 3193 2466 3255 strenue
2511 3188 2594 3253 ad

242 3304 547 3372 bonorem
605 3310 857 3372 sanctae
913 3306 1135 3372 matris
1192 3311 1446 3372 nostrae
1496 3305 1816 3372 Romanae
1871 3305 2171 3372 ecclesiae
2228 3311 2292 3372 et
2345 3309 2593 3371 vestrae

243 3420 574 3505 dignitatis
621 3424 847 3488 cuncta
889 3421 1126 3488 ibidem
1169 3422 1546 3508 perfecistiS,
1592 3423 1687 3489 ita
1731 3408 1794 3490 et
1824 3441 1992 3489 nunc
2021 3421 2351 3506 magnifice
2382 3423 2596 3487 omnia

244 3536 313 3602 in
359 3542 769 3621 augmentum
812 3538 1007 3604 vestri
1051 3537 1306 3604 honoris
1364 3539 1480 3606 sub
1525 3544 1739 3606 vestra
1791 3539 2113 3626 presentia
2166 3558 2309 3605 cum
2361 3558 2596 3621 magna

245 3653 458 3738 quiete
505 3658 571 3720 et
614 3653 950 3740 disciplina
992 3655 1213 3741 peragi
1255 3655 1521 3721 faciatis.
1688 3655 1964 3739 Etenim,
2011 3655 2344 3722 karissime
2388 3655 2591 3739 nobis,

246 3768 556 3853 dignitate
578 3770 832 3855 quidem
864 3776 928 3837 et
959 3771 1350 3839 ordinatione
1381 3772 1651 3856 domine,
1677 3772 1792 3838 sed
1822 3771 2048 3839 affectu
2075 3771 2186 3857 fili,
2209 3773 2327 3838 hoc
2347 3777 2594 3838 vestrae

245 3884 701 3969 intelligentiae
746 3906 991 3954 summo
1038 3887 1245 3954 studio
1291 3888 1686 3972 suggerimus
1732 3894 1796 3955 et
1831 3889 2187 3971 suademus,
2233 3891 2305 3953 ut
2347 3891 2596 3973 patrem

246 4008 529 4067 vestrum
572 4022 807 4089 papam
849 4002 1227 4087 Eugenium,
1275 4005 1384 4089 qui
1419 4024 1530 4070 vos
1571 4004 2019 4088 benignissime
2062 4002 2415 4085 honoravit,
2460 4006 2593 4067 toto

247 4118 457 4183 animo
491 4117 790 4202 diligatis,
836 4137 952 4185 nec
982 4119 1249 4187 decretis
1279 4120 1480 4206 ipsius
1526 4139 1600 4186 ac
1631 4125 2065 4187 sacrosanctae
2096 4119 2317 4186 matris
2346 4122 2595 4184 vestrae

246 4230 567 4300 Romanae
628 4233 925 4301 ecclesiae
984 4236 1592 4321 promulgationibus
1640 4235 1903 4304 alicuius
1948 4237 2251 4303 instinctu
2296 4233 2592 4314 obvietis;

246 4348 361 4417 sod
402 4349 459 4417 si
503 4370 620 4437 pro
666 4350 1058 4438 principibus
1104 4357 1292 4438 atque
1336 4352 1478 4420 aliis
1506 4352 1798 4421 fidelibus
1826 4354 2056 4421 vestris
2084 4348 2593 4420 intercedendum

390 4504 432 4539 ι
474 4505 594 4539 me
625 4493 877 4541 scribamus
908 4494 982 4541 val
1011 4494 1155 4540 simile
1188 4494 1301 4565 quid
1331 4497 1555 4543 excidisse
1584 4497 1772 4543 vidtur.

390 4580 439 4633 1.
478 4578 567 4635 Ps.
598 4580 717 4649 143,
745 4580 832 4635 10.
974 4580 1027 4636 2.
1064 4579 1371 4651 Roggerus.

350 4674 504 4727 ami.
535 4678 822 4723 Bibliotheca
852 4679 887 4723 1.
2102 4680 2166 4734 11
