3319 5242
883 441 1489 493 onnonoomnns
1534 441 1976 492 00333133313
2511 423 2602 490 45

287 588 575 671 potentem
602 583 1231 670 sualenburgensem.
1298 585 1465 651 Nam
1494 605 1700 653 werra
1728 586 1896 652 inter
1934 586 2148 672 ipsum
2192 589 2258 652 et
2299 584 2601 650 domnum
2636 585 2780 642 1145

287 698 643 785 Heinricum,
686 700 857 768 filias
875 697 891 729 ¹
918 701 1225 769 Friderici
1268 702 1564 788 premissi
1592 699 1814 785 filium,
1858 701 1936 769 de
1966 701 2329 784 Arnesberg
2359 700 2599 768 oborta,

284 815 456 894 Quem
506 822 573 885 et
627 817 872 885 incolae
925 819 1158 885 montis
1202 817 1525 902 Eresburg
1579 817 1661 884 ad
1704 817 2088 884 contuendos
2144 837 2213 884 se
2255 836 2402 884 cum
2445 816 2602 883 urbe

283 931 697 1016 adtraxerant3
756 939 822 1002 et
862 933 1002 1020 ipse
1044 935 1240 1001 fortes
1284 934 1454 1001 viros
1470 983 1489 1018 ,
1536 933 1799 1000 domnos
1844 932 2137 1000 videlicet
2182 931 2601 999 Scardenber-

281 1068 477 1131 genses
522 1055 592 1118 et
620 1049 1134 1135 Casebergenses,
1181 1050 1338 1117 inibi
1378 1049 1685 1117 collocare
1729 1050 2094 1117 decreverat
2137 1049 2220 1116 ad
2261 1048 2602 1121 humilian-

277 1163 408 1231 dum
447 1166 664 1253 ipsum
707 1164 1154 1252 Wolcwinum,
1215 1167 1323 1254 qui
1379 1171 1444 1233 31
1488 1166 1549 1233 31
1592 1166 1969 1233 videbantur
2011 1165 2345 1232 inimicari.
2436 1164 2601 1231 Con-

277 1279 487 1348 dictam
516 1302 685 1367 ergo
731 1283 930 1367 diem,
977 1283 1227 1370 quando
1273 1288 1339 1350 et
1381 1283 1717 1350 convenire
1760 1283 1828 1348 in
1872 1287 2086 1350 monte
2130 1281 2470 1365 debebant,
2527 1285 2604 1347 ut

273 1399 685 1485 unusquisque
740 1420 921 1466 suam
973 1400 1204 1466 turrim
1262 1398 1457 1466 altam
1523 1404 1588 1466 et
1653 1397 1912 1466 firmam‘
1963 1398 2123 1465 inibi
2189 1402 2601 1482 construeret,

272 1510 516 1581 domnus
548 1514 886 1589 Heinricus
916 1515 1109 1600 abbas
1157 1515 1264 1601 qui
1311 1521 1377 1582 et
1418 1515 1641 1583 urbem
1683 1513 2182 1583 reedifficaverat
2224 1519 2291 1580 et
2331 1513 2601 1579 domnus

272 1626 616 1697 Volcwinus
651 1666 737 1677 —
773 1632 1169 1698 animotenus
1213 1636 1652 1716 131130133133,
1698 1633 2010 1698 1331111313
2054 1630 2288 1697 11101031
2331 1649 2483 1696 suae
2526 1647 2603 1696 ac

268 1745 840 1814 circumiacentibus
883 1747 1013 1815 late
1054 1747 1237 1814 bonis
1283 1748 1414 1815 suis
1456 1748 1534 1815 de
1576 1748 1676 1816 his
1720 1753 2087 1815 eventuram
2117 1782 2202 1793 -—
2249 1745 2419 1812 diem
2459 1764 2602 1831 pre-

269 1868 596 1947 venerunt,
642 1869 923 1930 montem
968 1863 1416 1949 ascenderunt,
1465 1865 1617 1950 quid
1658 1865 1827 1932 facto
1874 1884 2032 1952 opus
2076 1864 2242 1931 foret
2285 1883 2429 1931 cum
2473 1882 2603 1929 non

265 1981 685 2064 repperirent,
741 1984 879 2046 tota
930 1979 1035 2046 die
1088 1979 1199 2046 illa
1244 1980 1703 2066 consultantes,
1766 1986 1840 2047 ut
1882 1982 2019 2047 sine
2063 1980 2283 2067 populi
2327 1979 2604 2066 dampno

264 2092 669 2162 inhabitantis
695 2094 835 2162 fieri
865 2095 1178 2163 ullatenus
1205 2100 1442 2183 posset,
1473 2096 1541 2163 13
1575 2097 1922 2163 crastinum
1954 2096 2352 2164 distulerunt.
2413 2094 2604 2162 Cum-

266 2229 371 2294 que
412 2211 511 2278 301
563 2211 1002 2297 subsequentis
1059 2212 1186 2279 diei
1244 2233 1469 2280 aui-ore
1524 2213 1756 2279 indicio
1804 2233 1871 2279 33
1915 2212 2328 2300 prodidisset,
2385 2212 2604 2278 incon·-

262 2326 412 2393 sulto
467 2334 539 2396 et
595 2328 797 2394 inscio
852 2327 1079 2397 abbate
1134 2328 1338 2396 adhuc
1382 2329 1576 2396 etiam
1620 2334 1686 2397 et
1728 2329 2138 2414 dormitante,
2194 2350 2310 2417 per
2367 2328 2603 2395 milites

262 2440 463 2509 domni
508 2442 826 2511 Volcwini
876 2450 1037 2511 nutu
1092 2445 1291 2532 ipsius
1348 2446 1832 2531 circumquaque
1886 2445 2039 2513 111113
2095 2446 2496 2513 succenditur
2539 2449 2606 2513 et

260 2560 665 2627 consumitur.

421 2677 678 2744 Eodem
724 2696 887 2743 anno
930 2677 1130 2744 fames
1178 2698 1419 2765 aspera.
1557 2677 1646 2744 Et
1688 2678 1857 2745 fures
1903 2678 2137 2765 plures,
2185 2699 2264 2746 ex
2293 2678 2602 2746 militibus

257 2790 619 2860 fortioribus
673 2793 946 2860 factione
998 2794 1356 2880 perniciosa
1411 2794 1799 2879 conglobati,
1857 2794 2090 2862 multos
2145 2795 2215 2861 in
2268 2794 2388 2862 1130
2431 2800 2605 2862 terra

259 2906 467 2975 durius
528 2907 866 2993 angebant.
954 2909 1241 2995 Denique
1287 2909 1673 2978 Vuldensem
1730 2911 2059 2978 ecclesiam
2102 2916 2325 2997 patera
2368 2910 2606 2978 Hathe-

257 3026 407 3092 mari
422 3021 446 3056 ²
492 3034 564 3093 et
616 3024 835 3092 multis
879 3024 1193 3093 thesauris
1241 3024 1627 3113 spoliabant,
1687 3032 1752 3094 et
1792 3047 1920 3092 non
1963 3027 2171 3093 nullas
2217 3027 2374 3093 alias
2418 3027 2603 3094 11111113

258 3144 452 3208 terrae
514 3140 848 3209 ecclesias·
892 3141 1081 3214 rebus
1133 3142 1410 3229 propriis
1458 3148 1521 3209 et
1566 3143 1656 3210 313
1707 3142 1961 3209 aliunde
2004 3142 2199 3209 illatis
2244 3143 2415 3209 idem
2459 3162 2604 3229 pre-

257 3255 441 3325 dones
490 3257 598 3325 vel
642 3256 814 3324 fures
859 3258 1229 3345 privabant;
1276 3259 1442 3325 sicut
1484 3264 1549 3325 et
1590 3258 1697 3325 in*
1741 3259 1904 3325 hanc
1935 3258 2376 3344 Corbeiensem
2418 3259 2602 3327 fecis-

258 3380 405 3457 sent,
454 3375 590 3441 nisi
635 3378 702 3441 et
743 3374 1128 3441 consolatrix
1174 3379 1238 3441 31
1281 3374 1560 3441 adiutrix
1606 3374 1823 3441 divina
1865 3376 2071 3460 gratia
2100 3381 2165 3442 31
2190 3382 2604 3463 patronorum

256 3495 618 3556 nostrorum
659 3489 1282 3574 magnificentissima
1324 3492 1553 3557 merita
1596 3496 1662 3557 et
1705 3497 2065 3558 sanctorum
2108 3493 2402 3580 pignera,
2450 3514 2605 3579 quo-

255 3623 388 3671 rum
414 3595 546 3673 hic
590 3606 903 3674 habentur
949 3606 1507 3690 abundantissime,
1553 3627 1671 3673 nos
1718 3607 2139 3675 adiuvarent&
2215 3608 2379 3674 Nam
2429 3611 2462 3675 1
2477 3611 2602 3676 146

257 3738 412 3789 anno
486 3721 844 3790 dominicae
909 3723 1394 3808 1303133110313,
1464 3723 1741 3790 33033113
1807 3719 2023 3791 303133
2079 3759 2164 3772 ·-
2226 3725 2474 3810 quando
2540 3730 2606 3792 et
2630 3736 2743 3785 nee.
2756 3735 2940 3783 25-26

255 3855 468 3906 omnes
519 3859 683 3926 pene
730 3859 949 3906 somno
993 3839 1138 3926 plus
1185 3845 1437 3924 egentes
1482 3845 1796 3907 nostrates
1843 3841 1922 3908 ob
1967 3841 2378 3927 prolixiorem
2406 3840 2606 3909 servi-

252 3953 439 4021 minis
490 3954 753 4021 Domini
796 3954 1079 4040 laudem,
1141 3976 1262 4042 que
1314 3957 1549 4043 prioris.
1587 3952 1827 4023 noctis‘
1870 3957 2363 4044 oportunitatem
2418 3958 2606 4025 intri-

391 4111 439 4144 ι.
474 4096 698 4144 eeclesias
731 4098 913 4145 addidi.
1036 4096 1083 4145 b.
1115 4099 1164 4145 in
1196 4099 1379 4147 addidi.
1502 4112 1543 4146 3.
1575 4099 1903 4147 adsdiuvarent
1934 4115 1973 4147 ι.

393 4193 450 4248 1.
500 4190 766 4262 Sophiae,
813 4192 1003 4250 uxoris
1037 4191 1328 4249 Godefridi
1363 4193 1390 4248 Ι
1436 4193 1657 4250 comitis
1702 4195 1774 4250 de
1809 4194 1981 4250 Kuik.
2123 4195 2177 4250 2.
2224 4193 2443 4252 abbatis
2476 4193 2605 4250 Ful·

256 4276 442 4336 densis
480 4282 657 4337 927—
670 4281 794 4337 956.
934 4282 989 4338 3.
1034 4282 1167 4338 anni
1206 4283 1372 4352 1146,
1418 4283 1489 4339 ab
1529 4284 1907 4340 incarnatione
1945 4283 2167 4340 Domini
2211 4283 2445 4354 incepti,
2492 4297 2605 4341 nox

252 4369 505 4425 1331111113
537 4368 644 4426 fuit
678 4385 772 4439 ea,
820 4371 978 4426 cuius
1024 4371 1266 4428 medium
1313 4371 1535 4427 diremit
1579 4373 1727 4428 diem
1764 4373 1834 4427 25
1879 4389 1914 4428 a
1948 4373 2039 4429 die
2074 4374 2144 4428 26
2182 4389 2255 4427 m.
2281 4371 2604 4429 Decembris

255 4470 304 4510 a.
329 4460 497 4514 1145.
601 4460 659 4515 4.
692 4473 821 4514 nam
849 4460 1029 4516 media
1052 4465 1216 4516 nocte
1240 4460 1474 4528 (24-25
1498 4461 1656 4529 Dec.)
1683 4461 2023 4518 sollemnitas
2048 4461 2355 4517 nativitatis
2378 4461 2602 4518 Domini

253 4547 343 4617 agi
378 4552 589 4618 coepta
621 4553 758 4619 erat,
792 4549 959 4605 sicuti
995 4549 1163 4606 etiam
1199 4565 1349 4606 nuno
1384 4550 1553 4607 moris
1588 4555 1690 4607 est.
