3319 5242
709 398 841 468 518
1005 411 1006 414 ’
1463 416 1761 464 wmALm
1804 415 2135 464 amemus
2179 415 2287 464 sss.

715 554 891 627 386.
937 559 1252 625 Amoldus
1293 557 1372 626 II
1404 558 1898 647 archiepiscopus
1945 559 2319 625 Coloniensis
2362 558 2649 647 Euymio
2695 558 2812 626 ΠΙ
2837 584 3049 648 papae

928 676 1256 765 siqmflcat,
1301 677 1371 741 in
1412 676 1647 764 synodo
1697 675 2043 741 Coloniensi
2087 677 2241 763 quid
2283 686 2487 742 actum
2529 678 2610 741 sit
2654 677 2734 742 de
2778 675 3049 743 Fora-‘00

933 790 1152 856 clerico
1162 839 1183 873 ‚
1243 813 1284 856 a
1326 792 1825 858 ministerialibus
1869 790 2153 857 Heinrici
2209 793 2482 879 episcopi
2524 791 2875 857 Mindensis
2917 815 3052 857 cae-

932 916 1084 972 cato.
2726 904 2842 986 (M.
2878 904 3051 987 362.)

534 1032 675 1154 111ssss
884 1027 1250 1097 Reverendo
1301 1029 1473 1116 patri
1529 1047 1603 1096 ac
1656 1049 1904 1096 summo
1961 1026 2246 1115 pontifici
2295 1028 2634 1113 E(ugenio)
2678 1029 3052 1113 Asmoldus)

711 1149 967 1213 sanctae
989 1144 1379 1213 Coloniensis
1410 1145 1749 1213 aecclesiae
1778 1144 2034 1212 humilis
2056 1145 2368 1230 minister,
2391 1144 2763 1230 W(alterus)
2794 1146 3053 1214 maioris
3163 1215 3169 1224 ,

710 1262 1047 1330 aecclesiae
1076 1263 1456 1350 prepositus,
1485 1261 1919 1344 A(delbertus)
1951 1261 2247 1346 decanus,
2277 1260 2712 1345 T(hiebaldus)
2735 1262 3054 1331 Xancten-

708 1379 797 1466 sis
852 1379 1242 1466 prepositus,
1309 1377 1679 1460 G(erardus)
1736 1376 2096 1444 Bunnensis
2157 1378 2519 1464 prepositus
2593 1383 2659 1445 et
2719 1380 3051 1446 universus

706 1496 991 1583 prefatae
1036 1494 1374 1563 aecclesiae
1417 1499 1762 1562 conventus
1805 1494 2083 1562 debitam
2113 1513 2258 1561 cum
2290 1493 2463 1561 omni
2490 1494 2884 1563 subiectione
2911 1496 3052 1564 obe-

707 1611 1031 1679 dientiam.

883 1727 982 1794 De
1025 1726 1473 1810 controversia,
1521 1745 1682 1812 quae
1723 1726 1894 1793 inter
1938 1725 2303 1813 episcopum
2345 1724 2744 1794 Mindensem
2789 1731 2858 1794 et
2898 1747 3051 1815 pau-

704 1863 925 1931 perem
979 1842 1277 1910 clericum
1319 1840 1673 1909 Fortlivum
1727 1841 1981 1910 nomine
2037 1861 2249 1909 coram
2299 1842 2482 1910 nobis
2525 1841 2838 1910 ventilata
2880 1843 3001 1912 fuit
3015 1839 3049 1929 ¹,

708 1958 1038 2036 ammoniti
1083 1963 1150 2025 et
1190 1959 1397 2042 rogati
1442 1957 1521 2025 ab
1557 1963 1826 2044 utraque
1855 1963 2038 2045 parte
2067 1958 2503 2026 testimonium
2530 1958 2683 2025 dare
2712 1979 2908 2054 super
2935 1960 3050 2045 his,

708 2094 869 2161 quae
911 2074 1185 2141 vidimus
1232 2078 1297 2140 et
1339 2074 1694 2141 audivimus
1741 2078 1806 2141 et
1849 2093 2060 2156 coram
2104 2074 2288 2142 nobis
2331 2079 2605 2142 tractata
2647 2080 2797 2141 sunt
2810 2125 2831 2159 ,
2876 2077 3051 2143 testi,-

706 2191 989 2258 monium
1018 2189 1438 2277 perhibemus.
1497 2190 1732 2257 Notum
1760 2191 1956 2275 igitur
1985 2190 2395 2259 excellentiae
2421 2191 2775 2259 maiestatis
2805 2197 3053 2261 vestrae

704 2307 989 2392 facimus,
1039 2306 1206 2393 quod
1243 2307 1373 2372 iam
1416 2306 1621 2372 dictus
1661 2326 1904 2394 pauper
1945 2308 2027 2374 ad
2064 2307 2452 2395 presentiam
2480 2311 2766 2375 nostram
2792 2310 3054 2376 veniens

709 2423 1166 2509 querimoniam
1208 2422 1634 2490 miserabilem
1681 2427 1869 2509 atque
1910 2423 2366 2492 lacrimabilem
2404 2444 2617 2491 coram
2646 2423 2834 2490 nobis
2866 2425 3053 2512 depo-

708 2540 855 2625 suit,
902 2540 1068 2625 quod
1113 2558 1421 2606 consensu
1467 2543 1531 2606 et
1570 2540 1749 2606 iussu
1795 2539 2077 2628 episcopi
2121 2540 2160 2606 a
2202 2539 2719 2607 ministerialibus
2752 2541 2904 2608 *suis
2951 2561 3057 2609 ex·

707 2660 957 2723 cecatus
1003 2656 1105 2722 sit.
1179 2654 1654 2723 Communicato
1699 2656 1913 2744 itaque
1967 2656 2230 2725 consilio
2275 2676 2467 2744 super
2510 2656 2630 2723 hac
2672 2676 2872 2725 causa
2912 2679 3057 2727 cum

705 2772 1009 2839 fratribus
1054 2772 1320 2856 nostris,
1366 2771 1575 2839 visum
1617 2771 1742 2838 fuit
1783 2772 1997 2858 nobis,
2042 2778 2117 2840 ut
2160 2771 2494 2860 episcopus
2539 2773 2621 2840 ad
2664 2774 3059 2844 audientiam

706 2893 993 2956 nostram
1048 2892 1414 2956 evocaretur
1468 2892 1534 2955 et
1586 2908 1781 2976 super
1831 2889 1952 2956 hoc
2005 2889 2198 2957 verbo
2252 2890 2598 2957 audiretur.
2701 2889 2857 2974 Qui,
2916 2912 3059 2960 cum

708 3024 1123 3092 responsurus
1168 3004 1484 3091 impositis
1527 3006 1889 3092 presentiae
1929 3011 2183 3073 nostrae
2213 3027 2282 3073 se
2310 3005 2702 3073 exhibuisset
2734 3012 2802 3073 et
2831 3007 2915 3075 de
2942 3008 3060 3077 hoc

707 3121 976 3189 nefando
1007 3120 1173 3187 facto
1204 3119 1491 3207 pulsatus
1520 3120 1766 3206 fuisset,
1808 3121 2128 3190 confessus
2156 3123 2298 3208 fuit,
2345 3122 2513 3209 quod
2541 3122 2837 3190 undecim
2865 3126 3059 3192 mini·

710 3236 998 3305 steriales
1045 3237 1143 3303 sui
1187 3237 1266 3303 de
1310 3236 1497 3303 domo
1544 3258 1659 3304 sua
1704 3238 1940 3322 egressi
1975 3244 2041 3305 et
2080 3239 2162 3305 ad
2201 3259 2341 3306 eam
2369 3238 2641 3323 regressi
2682 3238 2806 3306 hoc
2850 3240 3059 3309 scelus

707 3360 840 3421 tam
869 3352 1260 3436 detestabile,
1303 3373 1372 3421 se
1400 3352 1737 3438 nesciente,
1769 3358 2261 3441 perpetrassent.
2327 3346 2589 3423 Adiecit
2608 3375 2880 3442 quoque,
2913 3376 3059 3425 cum

708 3470 776 3535 in
805 3469 920 3536 hos
952 3489 1166 3536 omnes
1196 3474 1330 3536 tam
1361 3470 1820 3537 consentientes
1852 3491 2042 3557 quam
2069 3471 2371 3539 facientes
2402 3472 2781 3539 sententiam
2802 3479 3058 3542 vestrae

711 3587 1372 3653 excommunicationis
1418 3586 1908 3673 pronuntiasset,
1956 3586 2123 3671 quod
2165 3586 2441 3653 tumultu
2483 3587 2704 3675 populi
2743 3590 3055 3673 quosdam

711 3722 947 3785 eorum,
996 3701 1104 3787 qui
1145 3701 1215 3767 in
1258 3703 1560 3769 comitatu
1602 3702 1873 3787 fuerant,
1921 3703 2217 3788 quoniam
2244 3724 2505 3771 manum
2542 3724 2609 3772 se
2638 3703 2705 3770 in
2750 3701 3054 3773 clericum

708 3817 957 3885 misisse
1003 3823 1412 3903 negaverunt,
1459 3818 1782 3885 absolvere
1826 3824 2078 3886 coactus
2124 3819 2227 3886 sit.
2301 3818 2456 3887 Post
2497 3819 2861 3888 huiusmodi
2906 3842 3053 3890 con·

707 3934 1046 4003 sessionem
1093 3954 1236 4000 cum
1278 3934 1718 4021 purgationem
1752 3934 2146 4003 innocentiae
2185 3956 2336 4004 suae
2376 3935 2557 4005 nobis
2590 3933 2864 4022 offerret,
2915 3957 3052 4005 aec-

709 4051 902 4119 clesia
954 4055 1090 4117 tota
1143 4051 1276 4118 fere
1317 4050 1733 4136 reclamante,
1789 4072 1917 4118 non
1959 4051 2193 4119 fuimus
2240 4053 2378 4119 ausi
2423 4074 2562 4120 eam
2607 4051 2859 4139 audire,
2917 4060 3053 4120 tum

711 4168 860 4255 quia
901 4166 1326 4255 periculosum
1367 4166 1550 4240 nobis
1593 4168 1803 4234 visum
1843 4168 1967 4234 fuit
2009 4174 2269 4256 propter
2307 4169 2666 4236 huiusmodi
2711 4169 3050 4237 confessio-

709 4304 874 4368 nem,
920 4288 1055 4350 tum
1101 4285 1250 4370 quia
1292 4283 1514 4350 talium
1560 4302 1929 4351 excessuum
1972 4284 2318 4352 vindictam
2356 4285 2536 4353 vobis
2576 4284 2698 4352 soli
2727 4287 3045 4354 servastis.

710 4400 783 4467 In
827 4398 1261 4467 malefactores
1307 4405 1519 4467 autem
1563 4420 1799 4485 omnes,
1845 4406 1978 4469 tam
2015 4402 2473 4469 consentientes
2504 4422 2695 4488 quam
2724 4402 3045 4488 facientes,

856 4522 903 4577 1.
940 4520 1083 4577 luni.
1108 4522 1197 4578 29.
1231 4520 1302 4578 v.
1327 4536 1455 4592 epp.
1480 4522 1583 4578 381
1609 4526 1669 4580 et
1690 4523 1797 4579 385
1831 4538 1998 4593 supra
2031 4539 2087 4594 p.
2111 4524 2217 4580 512
2240 4527 2298 4583 et
2319 4524 2442 4581 51⁷.
