3319 5242
850 468 1149 516 wmanm
1190 466 1564 516 nrrsronm
1606 466 1765 513 129-
1781 466 1887 513 131.
2415 447 2544 513 207

240 628 327 677 cor
364 609 771 677 contritorum
805 607 1156 676 vivificetur
1200 614 1265 675 et
1303 608 1566 695 spiritus
1605 609 1986 675 merentium
2014 607 2345 677 relevetur.
2414 606 2545 672 Nos
2587 610 2726 665 1148

237 727 382 795 enim
422 747 662 814 queque
705 726 987 793 fraterna
1030 730 1095 794 et
1139 698 1516 792 amicabilia
1543 724 1620 791 de
1665 724 1844 791 vobis
1892 682 2706 811 3113131333.οά

236 964 387 1036 130.
431 968 569 1035 odo
610 970 802 1035 abbas
832 967 901 1034 S.
938 969 1211 1053 Remiyii
1236 969 1557 1033 Remensis
1593 966 1876 1032 wibaldo
1908 967 1985 1030 de
2017 965 2334 1054 Stephano
2370 989 2546 1030 mon-

428 1084 581 1151 acho
628 1086 729 1150 die
773 1084 862 1150 14
904 1106 985 1147 m.
1025 1082 1306 1149 Octobris
1346 1093 1589 1148 mortuo
1633 1083 1960 1170 siqmficat.
2222 1079 2332 1161 (M.
2372 1080 2546 1162 110.)

383 1216 746 1284 Reverendo
797 1217 967 1305 patri
1012 1221 1076 1283 et
1120 1217 1321 1282 amico
1357 1213 1702 1297 W(ibaldo)
1748 1214 1872 1281 Dei
1915 1215 2123 1299 gratia
2167 1213 2382 1281 Sancti
2426 1213 2549 1280 Re-
2586 1224 2726 1279 1148

227 1332 395 1399 macli
459 1332 808 1400 venerabili
871 1332 1084 1400 abbati
1143 1339 1207 1399 et
1262 1332 1548 1399 eiusdem
1605 1332 1943 1399 aecclesiae
1996 1331 2197 1418 priori
2252 1331 2549 1417 omnique

229 1451 540 1517 conventui
582 1450 782 1516 frater
826 1449 1014 1532 O(do)
1063 1448 1282 1516 eadem
1326 1450 1534 1534 gratia
1567 1448 1750 1515 Beati
1794 1442 2101 1532 Remigii¹
2128 1447 2383 1513 humilis
2428 1446 2549 1511 mi-

227 1567 425 1651 nister,
472 1569 637 1633 sicut
683 1566 941 1634 cedrum
982 1564 1214 1632 Libani
1257 1563 1671 1652 multiplicari
1713 1565 1783 1630 in
1829 1565 2014 1631 domo
2057 1564 2335 1630 Domini.

387 1682 545 1749 Cum
577 1683 760 1749 nobis
792 1684 877 1749 sit
915 1681 1262 1766 insolitum,
1309 1683 1586 1748 maxime
1614 1681 1918 1748 fratribus
1949 1687 2014 1748 et
2044 1681 2263 1747 amicis
2290 1680 2547 1763 nostris,

229 1797 461 1885 aliquod
514 1800 845 1866 sinistrum
888 1799 1211 1865 insinuare
1254 1797 1355 1865 vel
1398 1798 1731 1882 mandare,
1788 1803 2033 1882 tamen,
2082 1797 2380 1885 quoniam
2422 1800 2549 1862 ter-

226 1915 411 1982 minos
454 1916 716 1983 Domini
768 1914 1003 1982 nullius
1060 1919 1157 1982 est
1206 1915 1579 1997 terminare,
1636 1915 2044 1998 mandamus,
2101 1914 2366 1980 fratrem
2410 1911 2550 1979 Ste-

225 2030 506 2117 phanum,
551 2037 843 2099 nostrum
886 2030 1264 2098 monachum
1294 2036 1358 2097 et
1386 2036 1690 2115 vestrum,
1736 2030 2057 2097 hominem
2088 2031 2294 2097 exisse
2307 2040 2348 2114 ⁸,
2396 2050 2550 2115 qua-

223 2147 378 2215 tinus
433 2150 492 2215 ei
547 2150 712 2215 sicut
765 2154 829 2215 et
881 2168 998 2214 nos
1056 2147 1426 2233 obsequium
1480 2147 1856 2234 persolvatis
1916 2152 1979 2215 et
2024 2148 2238 2214 domui
2281 2152 2548 2229 vestrae,

222 2283 335 2348 que
373 2285 539 2333 nunc
582 2270 754 2332 caret
783 2265 1129 2351 provisore,
1176 2264 1254 2331 de
1284 2271 1490 2330 cetero
1521 2264 1925 2351 provideatis.
1994 2264 2372 2351 Depositum
2400 2282 2550 2329 vero

219 2378 398 2465 illius,
446 2381 613 2467 quod
657 2382 798 2468 ipso
844 2380 1121 2447 dictante
1165 2401 1361 2467 supra
1392 2385 1610 2467 pectus
1642 2381 1777 2446 eius
1809 2381 2117 2467 scriptum
2147 2387 2262 2465 est,
2309 2382 2377 2447 in
2407 2381 2549 2447 istis

217 2494 513 2580 plicatum
579 2497 810 2564 litteris
878 2496 1055 2563 vobis
1115 2497 1625 2563 transmittimus.
1711 2496 1948 2564 Valete.
2131 2497 2343 2564 Pridie
2401 2497 2550 2563 Idus

218 2609 494 2681 Octobris
562 2614 723 2682 obiit
780 2612 1136 2702 Stephanus
1205 2612 1546 2681 monachus
1613 2614 1936 2701 professus
2009 2612 2224 2681 Sancti
2278 2613 2551 2699 Remigii

213 2725 595 2798 Francorum
641 2730 929 2819 apostoli.

218 2940 389 3012 131.
427 2946 500 3013 S.
533 2945 871 3012 monachus
902 2945 1284 3012 &abulensis
1327 2944 1608 3012 Wibaldo
1655 2947 1984 3032 respondet
2028 2946 2105 3011 de
2145 2945 2390 3012 Godino
2436 2946 2550 3012 vil-

433 3064 707 3128 licationi
750 3063 1122 3149 imponendo
1171 3072 1227 3126 et
1272 3061 1349 3126 de
1382 3063 1715 3148 pasnaqn‘is
1761 3063 2092 3148 eoeiyendis.
2229 3059 2336 3142 (M.
2376 3060 2549 3140 109.)

379 3195 656 3262 Domino
714 3199 778 3261 et
833 3194 1005 3282 patri
1061 3214 1173 3260 suo
1228 3193 1565 3260 karissimo
1610 3192 1952 3277 W(ibaldo)
2008 3193 2351 3261 venerabili
2407 3192 2550 3260 Sta-
2588 3200 2728 3255 1148

203 3307 452 3378 bulensi
485 3317 549 3380 et
580 3311 943 3379 Corbeiensi
990 3310 1203 3378 abbati
1247 3310 1442 3376 frater
1474 3310 1537 3376 S.
1571 3310 1693 3377 Dei
1740 3316 1804 3377 et
1848 3331 1963 3377 sua
2005 3310 2440 3378 misericordia
2483 3309 2551 3376 id

202 3427 366 3511 quod
413 3435 534 3513 est,
589 3427 984 3495 obedientiae
1029 3426 1499 3510 subiectionem,
1547 3426 1900 3494 dilectionis
1946 3427 2362 3512 devotionem,
2410 3446 2550 3493 ora-

199 3543 446 3610 tionum
493 3544 1047 3632 participationem
1091 3549 1173 3628 et,
1220 3547 1293 3608 ut
1334 3542 1611 3609 breviter
1644 3543 1886 3610 dictum
1917 3544 2021 3628 sit,
2066 3565 2135 3612 se
2165 3544 2376 3630 ipsum
2405 3561 2551 3610 cum

198 3661 323 3727 suis
370 3660 694 3728 omnibus.

365 3776 662 3845 Litterae
716 3775 1062 3843 humilitati
1116 3796 1295 3843 meae
1353 3796 1554 3863 nuper
1609 3797 1649 3842 a
1703 3781 1918 3842 vestra
1973 3776 2407 3861 magnitudine
2454 3775 2549 3841 di-

197 3899 398 3961 rectae
461 3898 713 3960 tantam
767 3891 926 3958 mihi
980 3892 1111 3958 vim
1168 3897 1231 3959 et
1287 3892 1613 3958 audaciam
1671 3892 1741 3958 in
1797 3892 2070 3959 Domino
2128 3893 2547 3976 contulerunt,

197 4015 261 4075 ut
300 4010 599 4078 securius
640 4009 958 4076 ambulem
1002 4011 1407 4096 noverimque
1452 4008 1673 4095 procul
1711 4009 1921 4093 dubio,
1968 4029 2050 4075 ex
2078 4014 2231 4075 tunc
2256 4029 2360 4075 res
2389 4007 2548 4072 mihi

196 4128 569 4215 prosperius
637 4126 878 4192 cedere.
961 4124 1084 4191 Pro
1149 4126 1373 4212 quibus
1429 4125 1667 4210 gratias
1724 4130 1974 4192 vestrae
2030 4124 2389 4191 celsitudini
2446 4143 2547 4189 re·

194 4241 411 4330 ferens,
461 4244 597 4310 hoc
626 4240 830 4308 solum
860 4240 1067 4307 Deum
1097 4241 1594 4328 omnipotentem
1624 4241 1894 4328 supplex
1924 4241 2213 4328 deposco,
2254 4244 2326 4305 ut
2352 4236 2546 4304 talem

198 4378 288 4427 me
328 4362 556 4429 facere
603 4358 918 4443 dignetur,
965 4358 1074 4445 qui
1118 4362 1328 4425 vestro
1374 4357 1784 4425 contubernio
1830 4363 1894 4425 et
1935 4362 2067 4423 tam
2113 4354 2282 4422 dulci
2322 4353 2547 4423 exhor-

325 4509 366 4543 1.
408 4498 484 4543 u‘e
518 4512 562 4541 c.

326 4585 372 4638 L
414 4577 740 4639 Remensis.
