<?xml version="1.0" encoding="UTF-8"?>
<!DOCTYPE html PUBLIC "-//W3C//DTD XHTML 1.0 Transitional//EN"
    "http://www.w3.org/TR/xhtml1/DTD/xhtml1-transitional.dtd">
<html xmlns="http://www.w3.org/1999/xhtml" xml:lang="en" lang="en">
 <head>
  <title>
</title>
<meta http-equiv="Content-Type" content="text/html;charset=utf-8" />
  <meta name='ocr-system' content='tesseract 3.04.00' />
  <meta name='ocr-capabilities' content='ocr_page ocr_carea ocr_par ocr_line ocrx_word'/>
</head>
<body>
  <div class='ocr_page' id='page_1' title='image "./monumentacorbei00corvgoog_0179.png"; bbox 0 0 3319 5242; ppageno 0'>
   <div class='ocr_carea' id='block_1_1' title="bbox 997 378 2638 445">
    <p class='ocr_par' dir='ltr' id='par_1_1' title="bbox 997 378 2638 445">
     <span class='ocr_line' id='line_1_1' title="bbox 997 378 2638 445; baseline -0.002 0"><span class='ocrx_word' id='word_1_1' title='bbox 997 397 1295 445; x_wconf 66' lang='lat' dir='ltr'><strong>wmALm</strong></span> <span class='ocrx_word' id='word_1_2' title='bbox 1337 395 1711 445; x_wconf 70' lang='lat' dir='ltr'><strong>nms‘ronffl</strong></span> <span class='ocrx_word' id='word_1_3' title='bbox 1752 394 1829 440; x_wconf 77' lang='lat'><strong>93.</strong></span> <span class='ocrx_word' id='word_1_4' title='bbox 1860 394 1936 441; x_wconf 77' lang='lat'><strong>94.</strong></span> <span class='ocrx_word' id='word_1_5' title='bbox 2513 378 2638 443; x_wconf 83' lang='grc'><strong>167</strong></span> 
     </span>
    </p>
   </div>
   <div class='ocr_carea' id='block_1_2' title="bbox 292 534 2816 2950">
    <p class='ocr_par' dir='ltr' id='par_1_2' title="bbox 292 534 2816 2950">
     <span class='ocr_line' id='line_1_2' title="bbox 314 534 2816 626; baseline -0.001 -21"><span class='ocrx_word' id='word_1_6' title='bbox 314 560 472 626; x_wconf 89' lang='lat' dir='ltr'><strong>spem</strong></span> <span class='ocrx_word' id='word_1_7' title='bbox 529 545 806 607; x_wconf 85' lang='lat' dir='ltr'><strong>vestram</strong></span> <span class='ocrx_word' id='word_1_8' title='bbox 859 558 1094 622; x_wconf 86' lang='lat' dir='ltr'><strong>magna</strong></span> <span class='ocrx_word' id='word_1_9' title='bbox 1148 559 1227 605; x_wconf 86' lang='lat' dir='ltr'><strong>ex</strong></span> <span class='ocrx_word' id='word_1_10' title='bbox 1280 542 1460 625; x_wconf 86' lang='lat' dir='ltr'><strong>parte</strong></span> <span class='ocrx_word' id='word_1_11' title='bbox 1517 537 1599 604; x_wconf 88' lang='lat' dir='ltr'><strong>ad</strong></span> <span class='ocrx_word' id='word_1_12' title='bbox 1650 535 1918 603; x_wconf 88' lang='lat' dir='ltr'><strong>tuendas</strong></span> <span class='ocrx_word' id='word_1_13' title='bbox 1964 540 2029 601; x_wconf 92' lang='lat' dir='ltr'><strong>et</strong></span> <span class='ocrx_word' id='word_1_14' title='bbox 2071 534 2491 603; x_wconf 87' lang='lat' dir='ltr'><strong>defendendas</strong></span> <span class='ocrx_word' id='word_1_15' title='bbox 2534 557 2638 603; x_wconf 86' lang='lat' dir='ltr'><strong>res</strong></span> <span class='ocrx_word' id='word_1_16' title='bbox 2674 540 2816 597; x_wconf 78' lang='lat'>1148</span> 
     </span>
     <span class='ocr_line' id='line_1_3' title="bbox 312 651 2637 744; baseline -0.001 -23"><span class='ocrx_word' id='word_1_17' title='bbox 312 661 537 723; x_wconf 84' lang='lat' dir='ltr'><strong>vestras</strong></span> <span class='ocrx_word' id='word_1_18' title='bbox 585 657 753 744; x_wconf 90' lang='lat' dir='ltr'><strong>apud</strong></span> <span class='ocrx_word' id='word_1_19' title='bbox 796 676 913 723; x_wconf 90' lang='lat' dir='ltr'><strong>nos</strong></span> <span class='ocrx_word' id='word_1_20' title='bbox 957 655 1341 741; x_wconf 88' lang='lat' dir='ltr'><strong>posueratis,</strong></span> <span class='ocrx_word' id='word_1_21' title='bbox 1396 653 1540 740; x_wconf 90' lang='lat' dir='ltr'><strong>plus</strong></span> <span class='ocrx_word' id='word_1_22' title='bbox 1586 653 1876 720; x_wconf 89' lang='lat' dir='ltr'><strong>omnibus</strong></span> <span class='ocrx_word' id='word_1_23' title='bbox 1921 651 2206 718; x_wconf 87' lang='lat' dir='ltr'><strong>homines</strong></span> <span class='ocrx_word' id='word_1_24' title='bbox 2252 657 2494 718; x_wconf 81' lang='lat' dir='ltr'><strong>vestros</strong></span> <span class='ocrx_word' id='word_1_25' title='bbox 2539 653 2637 718; x_wconf 91' lang='lat' dir='ltr'><strong>in-</strong></span> 
     </span>
     <span class='ocr_line' id='line_1_4' title="bbox 308 767 2638 856; baseline -0.001 -18"><span class='ocrx_word' id='word_1_26' title='bbox 308 772 537 856; x_wconf 78' lang='lat' dir='ltr'><strong>fostat’,</strong></span> <span class='ocrx_word' id='word_1_27' title='bbox 587 772 744 839; x_wconf 83' lang='lat' dir='ltr'><strong>adeo</strong></span> <span class='ocrx_word' id='word_1_28' title='bbox 787 777 861 838; x_wconf 92' lang='lat' dir='ltr'><strong>ut</strong></span> <span class='ocrx_word' id='word_1_29' title='bbox 902 770 1345 837; x_wconf 79' lang='lat' dir='ltr'><strong>ministeriales</strong></span> <span class='ocrx_word' id='word_1_30' title='bbox 1391 775 1635 836; x_wconf 84' lang='lat' dir='ltr'><strong>vestros</strong></span> <span class='ocrx_word' id='word_1_31' title='bbox 1679 769 1759 835; x_wconf 90' lang='lat' dir='ltr'><strong>de</strong></span> <span class='ocrx_word' id='word_1_32' title='bbox 1804 767 2057 834; x_wconf 82' lang='lat' dir='ltr'><strong>Huxere</strong></span> <span class='ocrx_word' id='word_1_33' title='bbox 2101 768 2287 835; x_wconf 90' lang='lat' dir='ltr'><strong>rebus</strong></span> <span class='ocrx_word' id='word_1_34' title='bbox 2335 769 2466 834; x_wconf 92' lang='lat' dir='ltr'><strong>suis</strong></span> <span class='ocrx_word' id='word_1_35' title='bbox 2509 789 2638 835; x_wconf 89' lang='lat' dir='ltr'><strong>non</strong></span> 
     </span>
     <span class='ocr_line' id='line_1_5' title="bbox 305 883 2637 973; baseline -0.001 -20"><span class='ocrx_word' id='word_1_36' title='bbox 305 887 501 953; x_wconf 88' lang='lat' dir='ltr'><strong>minus</strong></span> <span class='ocrx_word' id='word_1_37' title='bbox 557 908 750 973; x_wconf 89' lang='lat' dir='ltr'><strong>quam</strong></span> <span class='ocrx_word' id='word_1_38' title='bbox 805 888 887 955; x_wconf 88' lang='lat' dir='ltr'><strong>ad</strong></span> <span class='ocrx_word' id='word_1_39' title='bbox 942 892 1195 954; x_wconf 86' lang='lat' dir='ltr'><strong>centum</strong></span> <span class='ocrx_word' id='word_1_40' title='bbox 1253 886 1709 973; x_wconf 85' lang='lat' dir='ltr'><strong>quinquaginta</strong></span> <span class='ocrx_word' id='word_1_41' title='bbox 1760 904 2007 950; x_wconf 90' lang='lat' dir='ltr'><strong>marcas</strong></span> <span class='ocrx_word' id='word_1_42' title='bbox 2053 883 2359 950; x_wconf 87' lang='lat' dir='ltr'><strong>violenter</strong></span> <span class='ocrx_word' id='word_1_43' title='bbox 2404 884 2637 972; x_wconf 80' lang='lat' dir='ltr'><strong>spolia-</strong></span> 
     </span>
     <span class='ocr_line' id='line_1_6' title="bbox 306 1000 2634 1087; baseline -0 -19"><span class='ocrx_word' id='word_1_44' title='bbox 306 1004 473 1070; x_wconf 82' lang='lat' dir='ltr'><strong>verit.</strong></span> <span class='ocrx_word' id='word_1_45' title='bbox 611 1004 909 1070; x_wconf 87' lang='lat' dir='ltr'><strong>Villicum</strong></span> <span class='ocrx_word' id='word_1_46' title='bbox 965 1008 1246 1069; x_wconf 84' lang='lat' dir='ltr'><strong>vestrum</strong></span> <span class='ocrx_word' id='word_1_47' title='bbox 1304 1003 1383 1068; x_wconf 90' lang='lat' dir='ltr'><strong>de</strong></span> <span class='ocrx_word' id='word_1_48' title='bbox 1429 1001 1917 1068; x_wconf 87' lang='lat' dir='ltr'><strong>Immenkhusen</strong></span> <span class='ocrx_word' id='word_1_49' title='bbox 1960 1000 2246 1066; x_wconf 90' lang='lat' dir='ltr'><strong>homines</strong></span> <span class='ocrx_word' id='word_1_50' title='bbox 2291 1001 2491 1087; x_wconf 91' lang='lat' dir='ltr'><strong>ipsius</strong></span> <span class='ocrx_word' id='word_1_51' title='bbox 2536 1002 2634 1067; x_wconf 92' lang='lat' dir='ltr'><strong>in-</strong></span> 
     </span>
     <span class='ocr_line' id='line_1_7' title="bbox 304 1117 2634 1214; baseline -0.001 -28"><span class='ocrx_word' id='word_1_52' title='bbox 304 1125 608 1204; x_wconf 83' lang='lat' dir='ltr'><strong>vaserant,</strong></span> <span class='ocrx_word' id='word_1_53' title='bbox 656 1125 721 1186; x_wconf 89' lang='lat' dir='ltr'><strong>et</strong></span> <span class='ocrx_word' id='word_1_54' title='bbox 766 1119 1160 1214; x_wconf 82' lang='lat' dir='ltr'><strong>occidissent,</strong></span> <span class='ocrx_word' id='word_1_55' title='bbox 1207 1119 1265 1184; x_wconf 91' lang='lat' dir='ltr'><strong>si</strong></span> <span class='ocrx_word' id='word_1_56' title='bbox 1307 1118 1416 1184; x_wconf 83' lang='lat' dir='ltr'><strong>vix</strong></span> <span class='ocrx_word' id='word_1_57' title='bbox 1445 1138 1671 1184; x_wconf 89' lang='lat' dir='ltr'><strong>manus</strong></span> <span class='ocrx_word' id='word_1_58' title='bbox 1703 1137 1919 1184; x_wconf 91' lang='lat' dir='ltr'><strong>eorum</strong></span> <span class='ocrx_word' id='word_1_59' title='bbox 1947 1136 2077 1182; x_wconf 90' lang='lat' dir='ltr'><strong>non</strong></span> <span class='ocrx_word' id='word_1_60' title='bbox 2107 1117 2472 1202; x_wconf 89' lang='lat' dir='ltr'><strong>evasissent,</strong></span> <span class='ocrx_word' id='word_1_61' title='bbox 2518 1139 2634 1204; x_wconf 93' lang='lat' dir='ltr'><strong>pro</strong></span> 
     </span>
     <span class='ocr_line' id='line_1_8' title="bbox 305 1232 2638 1322; baseline -0.001 -19"><span class='ocrx_word' id='word_1_62' title='bbox 305 1237 565 1322; x_wconf 88' lang='lat' dir='ltr'><strong>quodam</strong></span> <span class='ocrx_word' id='word_1_63' title='bbox 609 1235 935 1320; x_wconf 87' lang='lat' dir='ltr'><strong>beneficio,</strong></span> <span class='ocrx_word' id='word_1_64' title='bbox 983 1235 1151 1321; x_wconf 91' lang='lat' dir='ltr'><strong>quod</strong></span> <span class='ocrx_word' id='word_1_65' title='bbox 1180 1234 1256 1300; x_wconf 90' lang='lat' dir='ltr'><strong>de</strong></span> <span class='ocrx_word' id='word_1_66' title='bbox 1287 1254 1536 1300; x_wconf 91' lang='lat' dir='ltr'><strong>annona</strong></span> <span class='ocrx_word' id='word_1_67' title='bbox 1562 1233 1832 1300; x_wconf 80' lang='lat' dir='ltr'><strong>fratrum</strong></span> <span class='ocrx_word' id='word_1_68' title='bbox 1863 1232 1952 1299; x_wconf 91' lang='lat' dir='ltr'><strong>eis</strong></span> <span class='ocrx_word' id='word_1_69' title='bbox 1983 1238 2393 1299; x_wconf 86' lang='lat' dir='ltr'><strong>concesserat.</strong></span> <span class='ocrx_word' id='word_1_70' title='bbox 2463 1232 2638 1300; x_wconf 90' lang='lat' dir='ltr'><strong>Solet</strong></span> 
     </span>
     <span class='ocr_line' id='line_1_9' title="bbox 303 1346 2635 1439; baseline -0.003 -19"><span class='ocrx_word' id='word_1_71' title='bbox 303 1353 461 1419; x_wconf 83' lang='lat' dir='ltr'><strong>enim</strong></span> <span class='ocrx_word' id='word_1_72' title='bbox 519 1353 601 1419; x_wconf 90' lang='lat' dir='ltr'><strong>de</strong></span> <span class='ocrx_word' id='word_1_73' title='bbox 655 1351 976 1439; x_wconf 87' lang='lat' dir='ltr'><strong>prebenda</strong></span> <span class='ocrx_word' id='word_1_74' title='bbox 1028 1351 1299 1417; x_wconf 78' lang='lat' dir='ltr'><strong>fratrum</strong></span> <span class='ocrx_word' id='word_1_75' title='bbox 1354 1350 1638 1416; x_wconf 90' lang='lat' dir='ltr'><strong>homines</strong></span> <span class='ocrx_word' id='word_1_76' title='bbox 1696 1369 1842 1416; x_wconf 93' lang='lat' dir='ltr'><strong>suos</strong></span> <span class='ocrx_word' id='word_1_77' title='bbox 1887 1346 2344 1415; x_wconf 88' lang='lat' dir='ltr'><strong>inbeneficiare.</strong></span> <span class='ocrx_word' id='word_1_78' title='bbox 2502 1349 2635 1414; x_wconf 90' lang='lat' dir='ltr'><strong>Alii</strong></span> 
     </span>
     <span class='ocr_line' id='line_1_10' title="bbox 300 1464 2634 1555; baseline -0.002 -19"><span class='ocrx_word' id='word_1_79' title='bbox 300 1474 582 1555; x_wconf 85' lang='lat' dir='ltr'><strong>preterea</strong></span> <span class='ocrx_word' id='word_1_80' title='bbox 623 1468 809 1535; x_wconf 91' lang='lat' dir='ltr'><strong>multi</strong></span> <span class='ocrx_word' id='word_1_81' title='bbox 838 1472 904 1535; x_wconf 90' lang='lat' dir='ltr'><strong>et</strong></span> <span class='ocrx_word' id='word_1_82' title='bbox 929 1466 1313 1555; x_wconf 88' lang='lat' dir='ltr'><strong>prebendam</strong></span> <span class='ocrx_word' id='word_1_83' title='bbox 1343 1467 1613 1531; x_wconf 84' lang='lat' dir='ltr'><strong>fratrum</strong></span> <span class='ocrx_word' id='word_1_84' title='bbox 1643 1466 1955 1553; x_wconf 90' lang='lat' dir='ltr'><strong>dissipant</strong></span> <span class='ocrx_word' id='word_1_85' title='bbox 1986 1470 2050 1532; x_wconf 91' lang='lat' dir='ltr'><strong>et</strong></span> <span class='ocrx_word' id='word_1_86' title='bbox 2077 1464 2361 1530; x_wconf 90' lang='lat' dir='ltr'><strong>homines</strong></span> <span class='ocrx_word' id='word_1_87' title='bbox 2390 1471 2634 1532; x_wconf 84' lang='lat' dir='ltr'><strong>vestros</strong></span> 
     </span>
     <span class='ocr_line' id='line_1_11' title="bbox 300 1581 2634 1670; baseline -0.003 -18"><span class='ocrx_word' id='word_1_88' title='bbox 300 1583 604 1669; x_wconf 77' lang='lat' dir='ltr'><strong>lacerant,</strong></span> <span class='ocrx_word' id='word_1_89' title='bbox 663 1585 742 1651; x_wconf 92' lang='lat' dir='ltr'><strong>de</strong></span> <span class='ocrx_word' id='word_1_90' title='bbox 787 1583 1012 1669; x_wconf 82' lang='lat' dir='ltr'><strong>quibus</strong></span> <span class='ocrx_word' id='word_1_91' title='bbox 1056 1582 1199 1670; x_wconf 88' lang='lat' dir='ltr'><strong>plus</strong></span> <span class='ocrx_word' id='word_1_92' title='bbox 1247 1603 1436 1668; x_wconf 91' lang='lat' dir='ltr'><strong>quam</strong></span> <span class='ocrx_word' id='word_1_93' title='bbox 1481 1583 1637 1649; x_wconf 90' lang='lat' dir='ltr'><strong>satis</strong></span> <span class='ocrx_word' id='word_1_94' title='bbox 1684 1582 1984 1666; x_wconf 89' lang='lat' dir='ltr'><strong>audietis,</strong></span> <span class='ocrx_word' id='word_1_95' title='bbox 2046 1600 2188 1648; x_wconf 91' lang='lat' dir='ltr'><strong>cum</strong></span> <span class='ocrx_word' id='word_1_96' title='bbox 2233 1581 2510 1667; x_wconf 87' lang='lat' dir='ltr'><strong>primum</strong></span> <span class='ocrx_word' id='word_1_97' title='bbox 2552 1581 2634 1647; x_wconf 91' lang='lat' dir='ltr'><strong>ad</strong></span> 
     </span>
     <span class='ocr_line' id='line_1_12' title="bbox 298 1696 2633 1787; baseline -0.001 -21"><span class='ocrx_word' id='word_1_98' title='bbox 298 1720 407 1767; x_wconf 85' lang='lat' dir='ltr'><strong>nos</strong></span> <span class='ocrx_word' id='word_1_99' title='bbox 447 1700 589 1769; x_wconf 86' lang='lat' dir='ltr'><strong>Deo</strong></span> <span class='ocrx_word' id='word_1_100' title='bbox 646 1700 930 1787; x_wconf 89' lang='lat' dir='ltr'><strong>propicio</strong></span> <span class='ocrx_word' id='word_1_101' title='bbox 985 1699 1300 1766; x_wconf 82' lang='lat' dir='ltr'><strong>redieritis</strong></span> <span class='ocrx_word' id='word_1_102' title='bbox 1313 1698 1356 1764; x_wconf 64' lang='lat'><strong>⁶.</strong></span> <span class='ocrx_word' id='word_1_103' title='bbox 1514 1697 1638 1764; x_wconf 90' lang='lat' dir='ltr'><strong>Pro</strong></span> <span class='ocrx_word' id='word_1_104' title='bbox 1697 1698 1794 1764; x_wconf 90' lang='lat' dir='ltr'><strong>his</strong></span> <span class='ocrx_word' id='word_1_105' title='bbox 1841 1703 1906 1763; x_wconf 90' lang='lat' dir='ltr'><strong>et</strong></span> <span class='ocrx_word' id='word_1_106' title='bbox 1948 1697 2306 1763; x_wconf 89' lang='lat' dir='ltr'><strong>huiusmodi</strong></span> <span class='ocrx_word' id='word_1_107' title='bbox 2348 1696 2633 1784; x_wconf 89' lang='lat' dir='ltr'><strong>pluribus</strong></span> 
     </span>
     <span class='ocr_line' id='line_1_13' title="bbox 299 1813 2709 1903; baseline -0.002 -19"><span class='ocrx_word' id='word_1_108' title='bbox 299 1817 530 1902; x_wconf 77' lang='lat' dir='ltr'><strong>causis,</strong></span> <span class='ocrx_word' id='word_1_109' title='bbox 589 1836 750 1903; x_wconf 87' lang='lat' dir='ltr'><strong>quas</strong></span> <span class='ocrx_word' id='word_1_110' title='bbox 806 1820 871 1882; x_wconf 90' lang='lat' dir='ltr'><strong>et</strong></span> <span class='ocrx_word' id='word_1_111' title='bbox 920 1816 1202 1902; x_wconf 88' lang='lat' dir='ltr'><strong>patimur</strong></span> <span class='ocrx_word' id='word_1_112' title='bbox 1258 1821 1321 1881; x_wconf 92' lang='lat' dir='ltr'><strong>et</strong></span> <span class='ocrx_word' id='word_1_113' title='bbox 1372 1835 1671 1901; x_wconf 87' lang='lat' dir='ltr'><strong>passuros</strong></span> <span class='ocrx_word' id='word_1_114' title='bbox 1727 1835 1843 1881; x_wconf 90' lang='lat' dir='ltr'><strong>nos</strong></span> <span class='ocrx_word' id='word_1_115' title='bbox 1886 1814 2328 1898; x_wconf 85' lang='lat' dir='ltr'><strong>formidamus,</strong></span> <span class='ocrx_word' id='word_1_116' title='bbox 2383 1813 2632 1898; x_wconf 87' lang='lat' dir='ltr'><strong>fratres,</strong></span> <span class='ocrx_word' id='word_1_117' title='bbox 2705 1864 2709 1868; x_wconf 84' lang='lat'>.</span> 
     </span>
     <span class='ocr_line' id='line_1_14' title="bbox 299 1909 2635 2017; baseline -0.001 -18"><span class='ocrx_word' id='word_1_118' title='bbox 299 1909 760 2017; x_wconf 73' lang='lat' dir='ltr'><strong>ministeriales,</strong></span> <span class='ocrx_word' id='word_1_119' title='bbox 808 1932 1134 2016; x_wconf 90' lang='lat' dir='ltr'><strong>omnisque</strong></span> <span class='ocrx_word' id='word_1_120' title='bbox 1149 1943 1169 1967; x_wconf 81' lang='lat'><strong>⁰</strong></span> <span class='ocrx_word' id='word_1_121' title='bbox 1206 1931 1532 1997; x_wconf 89' lang='lat' dir='ltr'><strong>hominum</strong></span> <span class='ocrx_word' id='word_1_122' title='bbox 1577 1937 1641 1997; x_wconf 93' lang='lat' dir='ltr'><strong>et</strong></span> <span class='ocrx_word' id='word_1_123' title='bbox 1683 1929 1964 1997; x_wconf 86' lang='lat' dir='ltr'><strong>fidelium</strong></span> <span class='ocrx_word' id='word_1_124' title='bbox 2011 1930 2345 1997; x_wconf 89' lang='lat' dir='ltr'><strong>aecclesiae</strong></span> <span class='ocrx_word' id='word_1_125' title='bbox 2386 1935 2635 1997; x_wconf 83' lang='lat' dir='ltr'><strong>vestrae</strong></span> 
     </span>
     <span class='ocr_line' id='line_1_15' title="bbox 299 2046 2633 2136; baseline -0.001 -22"><span class='ocrx_word' id='word_1_126' title='bbox 299 2049 759 2136; x_wconf 87' lang='lat' dir='ltr'><strong>deprecatorias</strong></span> <span class='ocrx_word' id='word_1_127' title='bbox 815 2047 1033 2114; x_wconf 82' lang='lat' dir='ltr'><strong>literas</strong></span> <span class='ocrx_word' id='word_1_128' title='bbox 1090 2047 1378 2113; x_wconf 88' lang='lat' dir='ltr'><strong>misimus</strong></span> <span class='ocrx_word' id='word_1_129' title='bbox 1436 2047 1517 2112; x_wconf 88' lang='lat' dir='ltr'><strong>ad</strong></span> <span class='ocrx_word' id='word_1_130' title='bbox 1571 2067 1683 2113; x_wconf 89' lang='lat' dir='ltr'><strong>vos</strong></span> <span class='ocrx_word' id='word_1_131' title='bbox 1696 2096 1716 2131; x_wconf 93' lang='lat'><strong>,</strong></span> <span class='ocrx_word' id='word_1_132' title='bbox 1776 2046 2108 2131; x_wconf 86' lang='lat' dir='ltr'><strong>diligenter</strong></span> <span class='ocrx_word' id='word_1_133' title='bbox 2166 2053 2229 2112; x_wconf 87' lang='lat' dir='ltr'><strong>et</strong></span> <span class='ocrx_word' id='word_1_134' title='bbox 2272 2065 2417 2112; x_wconf 89' lang='lat' dir='ltr'><strong>cum</strong></span> <span class='ocrx_word' id='word_1_135' title='bbox 2462 2048 2633 2112; x_wconf 89' lang='lat' dir='ltr'><strong>omni</strong></span> 
     </span>
     <span class='ocr_line' id='line_1_16' title="bbox 298 2162 2634 2253; baseline -0.001 -20"><span class='ocrx_word' id='word_1_136' title='bbox 298 2185 429 2251; x_wconf 50' lang='lat' dir='ltr'><strong>qua¹</strong></span> <span class='ocrx_word' id='word_1_137' title='bbox 452 2185 796 2253; x_wconf 82' lang='lat' dir='ltr'><strong>possumus</strong></span> <span class='ocrx_word' id='word_1_138' title='bbox 841 2164 1172 2232; x_wconf 88' lang='lat' dir='ltr'><strong>devotione</strong></span> <span class='ocrx_word' id='word_1_139' title='bbox 1217 2163 1644 2247; x_wconf 77' lang='lat' dir='ltr'><strong>obsecrantes,</strong></span> <span class='ocrx_word' id='word_1_140' title='bbox 1694 2163 1986 2248; x_wconf 85' lang='lat' dir='ltr'><strong>quatinus</strong></span> <span class='ocrx_word' id='word_1_141' title='bbox 2032 2162 2309 2229; x_wconf 86' lang='lat' dir='ltr'><strong>reditum</strong></span> <span class='ocrx_word' id='word_1_142' title='bbox 2350 2168 2634 2230; x_wconf 85' lang='lat' dir='ltr'><strong>vestrum</strong></span> 
     </span>
     <span class='ocr_line' id='line_1_17' title="bbox 297 2278 2632 2367; baseline -0.002 -19"><span class='ocrx_word' id='word_1_143' title='bbox 297 2282 373 2347; x_wconf 86' lang='lat' dir='ltr'><strong>ad</strong></span> <span class='ocrx_word' id='word_1_144' title='bbox 409 2301 527 2348; x_wconf 88' lang='lat' dir='ltr'><strong>nos</strong></span> <span class='ocrx_word' id='word_1_145' title='bbox 576 2281 946 2367; x_wconf 88' lang='lat' dir='ltr'><strong>quantocius</strong></span> <span class='ocrx_word' id='word_1_146' title='bbox 1007 2278 1365 2346; x_wconf 78' lang='lat' dir='ltr'><strong>acceleretis</strong></span> <span class='ocrx_word' id='word_1_147' title='bbox 1423 2284 1488 2345; x_wconf 88' lang='lat' dir='ltr'><strong>et</strong></span> <span class='ocrx_word' id='word_1_148' title='bbox 1529 2299 1860 2366; x_wconf 89' lang='lat' dir='ltr'><strong>pressuras</strong></span> <span class='ocrx_word' id='word_1_149' title='bbox 1904 2284 2153 2346; x_wconf 86' lang='lat' dir='ltr'><strong>nostras</strong></span> <span class='ocrx_word' id='word_1_150' title='bbox 2196 2285 2329 2344; x_wconf 86' lang='lat' dir='ltr'><strong>tam</strong></span> <span class='ocrx_word' id='word_1_151' title='bbox 2374 2299 2632 2365; x_wconf 90' lang='lat' dir='ltr'><strong>presen-</strong></span> 
     </span>
     <span class='ocr_line' id='line_1_18' title="bbox 296 2394 2632 2483; baseline -0.001 -18"><span class='ocrx_word' id='word_1_152' title='bbox 296 2401 384 2464; x_wconf 83' lang='lat' dir='ltr'><strong>tes</strong></span> <span class='ocrx_word' id='word_1_153' title='bbox 427 2418 624 2483; x_wconf 86' lang='lat' dir='ltr'><strong>quam</strong></span> <span class='ocrx_word' id='word_1_154' title='bbox 669 2418 774 2464; x_wconf 90' lang='lat' dir='ltr'><strong>eas</strong></span> <span class='ocrx_word' id='word_1_155' title='bbox 789 2446 808 2481; x_wconf 92' lang='lat'><strong>,</strong></span> <span class='ocrx_word' id='word_1_156' title='bbox 857 2417 1013 2482; x_wconf 90' lang='lat' dir='ltr'><strong>quas</strong></span> <span class='ocrx_word' id='word_1_157' title='bbox 1056 2396 1301 2462; x_wconf 87' lang='lat' dir='ltr'><strong>futuras</strong></span> <span class='ocrx_word' id='word_1_158' title='bbox 1344 2396 1659 2480; x_wconf 90' lang='lat' dir='ltr'><strong>timemus,</strong></span> <span class='ocrx_word' id='word_1_159' title='bbox 1708 2395 1859 2460; x_wconf 90' lang='lat' dir='ltr'><strong>dum</strong></span> <span class='ocrx_word' id='word_1_160' title='bbox 1906 2394 2109 2461; x_wconf 88' lang='lat' dir='ltr'><strong>adhuc</strong></span> <span class='ocrx_word' id='word_1_161' title='bbox 2150 2395 2437 2481; x_wconf 89' lang='lat' dir='ltr'><strong>potestis,</strong></span> <span class='ocrx_word' id='word_1_162' title='bbox 2485 2395 2632 2462; x_wconf 87' lang='lat' dir='ltr'><strong>sub·</strong></span> 
     </span>
     <span class='ocr_line' id='line_1_19' title="bbox 292 2510 2633 2596; baseline -0.001 -16"><span class='ocrx_word' id='word_1_163' title='bbox 292 2512 493 2580; x_wconf 82' lang='lat' dir='ltr'><strong>levare</strong></span> <span class='ocrx_word' id='word_1_164' title='bbox 547 2514 882 2580; x_wconf 82' lang='lat' dir='ltr'><strong>festinetis.</strong></span> <span class='ocrx_word' id='word_1_165' title='bbox 960 2511 1185 2579; x_wconf 83' lang='lat' dir='ltr'><strong>Comes</strong></span> <span class='ocrx_word' id='word_1_166' title='bbox 1242 2531 1488 2596; x_wconf 90' lang='lat' dir='ltr'><strong>quoque</strong></span> <span class='ocrx_word' id='word_1_167' title='bbox 1543 2510 1967 2579; x_wconf 89' lang='lat' dir='ltr'><strong>Herimannus</strong></span> <span class='ocrx_word' id='word_1_168' title='bbox 2025 2512 2298 2578; x_wconf 89' lang='lat' dir='ltr'><strong>reditum</strong></span> <span class='ocrx_word' id='word_1_169' title='bbox 2351 2516 2633 2578; x_wconf 87' lang='lat' dir='ltr'><strong>vestrum</strong></span> 
     </span>
     <span class='ocr_line' id='line_1_20' title="bbox 296 2626 2631 2715; baseline -0.001 -17"><span class='ocrx_word' id='word_1_170' title='bbox 296 2626 667 2698; x_wconf 72' lang='lat' dir='ltr'><strong>omnimodis</strong></span> <span class='ocrx_word' id='word_1_171' title='bbox 736 2630 1082 2713; x_wconf 83' lang='lat' dir='ltr'><strong>desiderat,</strong></span> <span class='ocrx_word' id='word_1_172' title='bbox 1150 2627 1542 2713; x_wconf 85' lang='lat' dir='ltr'><strong>multumque</strong></span> <span class='ocrx_word' id='word_1_173' title='bbox 1608 2633 1741 2695; x_wconf 90' lang='lat' dir='ltr'><strong>tam</strong></span> <span class='ocrx_word' id='word_1_174' title='bbox 1808 2629 1986 2696; x_wconf 87' lang='lat' dir='ltr'><strong>vobis</strong></span> <span class='ocrx_word' id='word_1_175' title='bbox 2046 2650 2236 2715; x_wconf 90' lang='lat' dir='ltr'><strong>quam</strong></span> <span class='ocrx_word' id='word_1_176' title='bbox 2293 2629 2631 2701; x_wconf 85' lang='lat' dir='ltr'><strong>aecclesiae</strong></span> 
     </span>
     <span class='ocr_line' id='line_1_21' title="bbox 295 2744 2631 2830; baseline 0 -19"><span class='ocrx_word' id='word_1_177' title='bbox 295 2752 532 2814; x_wconf 81' lang='lat' dir='ltr'><strong>vestrae</strong></span> <span class='ocrx_word' id='word_1_178' title='bbox 590 2744 962 2830; x_wconf 85' lang='lat' dir='ltr'><strong>offuturum,</strong></span> <span class='ocrx_word' id='word_1_179' title='bbox 1023 2745 1081 2811; x_wconf 89' lang='lat' dir='ltr'><strong>si</strong></span> <span class='ocrx_word' id='word_1_180' title='bbox 1135 2745 1260 2810; x_wconf 90' lang='lat' dir='ltr'><strong>cito</strong></span> <span class='ocrx_word' id='word_1_181' title='bbox 1312 2764 1440 2809; x_wconf 90' lang='lat' dir='ltr'><strong>non</strong></span> <span class='ocrx_word' id='word_1_182' title='bbox 1494 2744 1842 2829; x_wconf 82' lang='lat' dir='ltr'><strong>redieritis,</strong></span> <span class='ocrx_word' id='word_1_183' title='bbox 1901 2744 2191 2812; x_wconf 87' lang='lat' dir='ltr'><strong>affirmat.</strong></span> <span class='ocrx_word' id='word_1_184' title='bbox 2349 2744 2448 2813; x_wconf 91' lang='lat' dir='ltr'><strong>De</strong></span> <span class='ocrx_word' id='word_1_185' title='bbox 2492 2767 2631 2812; x_wconf 91' lang='lat' dir='ltr'><strong>mu-</strong></span> 
     </span>
     <span class='ocr_line' id='line_1_22' title="bbox 294 2859 2627 2950; baseline -0.002 -18"><span class='ocrx_word' id='word_1_186' title='bbox 294 2863 512 2932; x_wconf 82' lang='lat' dir='ltr'><strong>niendo</strong></span> <span class='ocrx_word' id='word_1_187' title='bbox 560 2867 776 2928; x_wconf 91' lang='lat' dir='ltr'><strong>monte</strong></span> <span class='ocrx_word' id='word_1_188' title='bbox 820 2866 1032 2929; x_wconf 82' lang='lat' dir='ltr'><strong>vestro</strong></span> <span class='ocrx_word' id='word_1_189' title='bbox 1061 2859 1496 2927; x_wconf 89' lang='lat' dir='ltr'><strong>Brunesberch</strong></span> <span class='ocrx_word' id='word_1_190' title='bbox 1539 2881 1668 2926; x_wconf 90' lang='lat' dir='ltr'><strong>non</strong></span> <span class='ocrx_word' id='word_1_191' title='bbox 1711 2862 1954 2929; x_wconf 87' lang='lat' dir='ltr'><strong>modice</strong></span> <span class='ocrx_word' id='word_1_192' title='bbox 1997 2863 2268 2950; x_wconf 89' lang='lat' dir='ltr'><strong>populus</strong></span> <span class='ocrx_word' id='word_1_193' title='bbox 2310 2862 2627 2929; x_wconf 84' lang='lat' dir='ltr'><strong>formidat.</strong></span> 
     </span>
    </p>
   </div>
   <div class='ocr_carea' id='block_1_3' title="bbox 1243 3003 1670 3015">
    <p class='ocr_par' dir='ltr' id='par_1_3' title="bbox 1243 3003 1670 3015">
     <span class='ocr_line' id='line_1_23' title="bbox 1243 3003 1670 3015; baseline 0 0"><span class='ocrx_word' id='word_1_194' title='bbox 1243 3003 1670 3015; x_wconf 95' lang='lat' dir='ltr'><strong> </strong></span> 
     </span>
    </p>
   </div>
   <div class='ocr_carea' id='block_1_4' title="bbox 295 3117 2809 4368">
    <p class='ocr_par' dir='ltr' id='par_1_4' title="bbox 299 3117 2642 3435">
     <span class='ocr_line' id='line_1_24' title="bbox 299 3117 2642 3208; baseline -0.002 -19"><span class='ocrx_word' id='word_1_195' title='bbox 299 3117 410 3189; x_wconf 88' lang='grc'><strong>94.</strong></span> <span class='ocrx_word' id='word_1_196' title='bbox 454 3122 776 3188; x_wconf 72' lang='lat' dir='ltr'><strong>wibaldus</strong></span> <span class='ocrx_word' id='word_1_197' title='bbox 824 3121 1285 3187; x_wconf 74' lang='lat' dir='ltr'><strong>Gorbeiensibus</strong></span> <span class='ocrx_word' id='word_1_198' title='bbox 1326 3121 1683 3208; x_wconf 68' lang='lat' dir='ltr'><strong>respondet,</strong></span> <span class='ocrx_word' id='word_1_199' title='bbox 1739 3144 1866 3186; x_wconf 73' lang='lat' dir='ltr'><strong>esse</strong></span> <span class='ocrx_word' id='word_1_200' title='bbox 1910 3143 2021 3186; x_wconf 81' lang='lat' dir='ltr'><strong>cur</strong></span> <span class='ocrx_word' id='word_1_201' title='bbox 2065 3122 2244 3187; x_wconf 78' lang='lat' dir='ltr'><strong>rebus</strong></span> <span class='ocrx_word' id='word_1_202' title='bbox 2297 3119 2642 3186; x_wconf 75' lang='lat' dir='ltr'><strong>Stabulen-&#39;</strong></span> 
     </span>
     <span class='ocr_line' id='line_1_25' title="bbox 458 3236 2627 3324; baseline -0.001 -20"><span class='ocrx_word' id='word_1_203' title='bbox 458 3239 632 3304; x_wconf 70' lang='lat' dir='ltr'><strong>sibus</strong></span> <span class='ocrx_word' id='word_1_204' title='bbox 664 3260 965 3324; x_wconf 76' lang='lat' dir='ltr'><strong>praesens</strong></span> <span class='ocrx_word' id='word_1_205' title='bbox 1011 3236 1176 3301; x_wconf 70' lang='lat' dir='ltr'><strong>assit.</strong></span> <span class='ocrx_word' id='word_1_206' title='bbox 1247 3237 1445 3302; x_wconf 77' lang='lat' dir='ltr'><strong>Addit</strong></span> <span class='ocrx_word' id='word_1_207' title='bbox 1487 3238 1564 3301; x_wconf 84' lang='lat' dir='ltr'><strong>de</strong></span> <span class='ocrx_word' id='word_1_208' title='bbox 1608 3238 1888 3303; x_wconf 74' lang='lat' dir='ltr'><strong>coenobii</strong></span> <span class='ocrx_word' id='word_1_209' title='bbox 1933 3238 2308 3303; x_wconf 67' lang='lat' dir='ltr'><strong>Gorbeiensis</strong></span> <span class='ocrx_word' id='word_1_210' title='bbox 2352 3238 2627 3322; x_wconf 75' lang='lat' dir='ltr'><strong>neyotiis.</strong></span> 
     </span>
     <span class='ocr_line' id='line_1_26' title="bbox 2350 3350 2628 3435; baseline 0 -18"><span class='ocrx_word' id='word_1_211' title='bbox 2350 3350 2458 3433; x_wconf 90' lang='lat' dir='ltr'><strong>(M.</strong></span> <span class='ocrx_word' id='word_1_212' title='bbox 2497 3352 2628 3435; x_wconf 84' lang='grc'><strong>78.)</strong></span> 
     </span>
    </p>

    <p class='ocr_par' dir='ltr' id='par_1_5' title="bbox 295 3465 2809 4368">
     <span class='ocr_line' id='line_1_27' title="bbox 461 3465 2809 3551; baseline 0 -17"><span class='ocrx_word' id='word_1_213' title='bbox 461 3466 689 3534; x_wconf 85' lang='lat' dir='ltr'><strong>Frater</strong></span> <span class='ocrx_word' id='word_1_214' title='bbox 731 3465 1059 3534; x_wconf 85' lang='lat' dir='ltr'><strong>Wibaldus</strong></span> <span class='ocrx_word' id='word_1_215' title='bbox 1117 3466 1240 3533; x_wconf 90' lang='lat' dir='ltr'><strong>Dei</strong></span> <span class='ocrx_word' id='word_1_216' title='bbox 1301 3466 1508 3551; x_wconf 87' lang='lat' dir='ltr'><strong>gratia</strong></span> <span class='ocrx_word' id='word_1_217' title='bbox 1563 3465 1959 3533; x_wconf 86' lang='lat' dir='ltr'><strong>Gorbeiensis</strong></span> <span class='ocrx_word' id='word_1_218' title='bbox 2017 3466 2353 3534; x_wconf 87' lang='lat' dir='ltr'><strong>aecclesiae</strong></span> <span class='ocrx_word' id='word_1_219' title='bbox 2410 3488 2627 3535; x_wconf 84' lang='lat' dir='ltr'><strong>servus</strong></span> <span class='ocrx_word' id='word_1_220' title='bbox 2668 3480 2809 3536; x_wconf 82' lang='lat'>1148</span> 
     </span>
     <span class='ocr_line' id='line_1_28' title="bbox 295 3581 2626 3671; baseline 0 -21"><span class='ocrx_word' id='word_1_221' title='bbox 295 3583 535 3651; x_wconf 84' lang='lat' dir='ltr'><strong>dilectis</strong></span> <span class='ocrx_word' id='word_1_222' title='bbox 578 3584 646 3650; x_wconf 91' lang='lat' dir='ltr'><strong>in</strong></span> <span class='ocrx_word' id='word_1_223' title='bbox 692 3583 942 3650; x_wconf 88' lang='lat' dir='ltr'><strong>Christo</strong></span> <span class='ocrx_word' id='word_1_224' title='bbox 986 3582 1134 3649; x_wconf 90' lang='lat' dir='ltr'><strong>filiis</strong></span> <span class='ocrx_word' id='word_1_225' title='bbox 1193 3587 1257 3648; x_wconf 90' lang='lat' dir='ltr'><strong>et</strong></span> <span class='ocrx_word' id='word_1_226' title='bbox 1308 3581 1610 3649; x_wconf 87' lang='lat' dir='ltr'><strong>fratribus</strong></span> <span class='ocrx_word' id='word_1_227' title='bbox 1669 3583 1833 3667; x_wconf 90' lang='lat' dir='ltr'><strong>suis,</strong></span> <span class='ocrx_word' id='word_1_228' title='bbox 1880 3582 1954 3649; x_wconf 91' lang='lat' dir='ltr'><strong>E.</strong></span> <span class='ocrx_word' id='word_1_229' title='bbox 2004 3583 2352 3650; x_wconf 84' lang='lat' dir='ltr'><strong>venerabili</strong></span> <span class='ocrx_word' id='word_1_230' title='bbox 2406 3585 2626 3671; x_wconf 89' lang='lat' dir='ltr'><strong>priori,</strong></span> 
     </span>
     <span class='ocr_line' id='line_1_29' title="bbox 295 3698 2626 3788; baseline 0 -23"><span class='ocrx_word' id='word_1_231' title='bbox 295 3698 680 3783; x_wconf 83' lang='lat' dir='ltr'><strong>A(delberto)</strong></span> <span class='ocrx_word' id='word_1_232' title='bbox 711 3700 1033 3788; x_wconf 90' lang='lat' dir='ltr'><strong>preposito</strong></span> <span class='ocrx_word' id='word_1_233' title='bbox 1081 3704 1144 3765; x_wconf 93' lang='lat' dir='ltr'><strong>et</strong></span> <span class='ocrx_word' id='word_1_234' title='bbox 1188 3699 1412 3765; x_wconf 89' lang='lat' dir='ltr'><strong>ceteris</strong></span> <span class='ocrx_word' id='word_1_235' title='bbox 1456 3699 1756 3765; x_wconf 89' lang='lat' dir='ltr'><strong>fratribus</strong></span> <span class='ocrx_word' id='word_1_236' title='bbox 1800 3719 1918 3766; x_wconf 91' lang='lat' dir='ltr'><strong>nec</strong></span> <span class='ocrx_word' id='word_1_237' title='bbox 1952 3720 2080 3765; x_wconf 89' lang='lat' dir='ltr'><strong>non</strong></span> <span class='ocrx_word' id='word_1_238' title='bbox 2109 3700 2626 3767; x_wconf 86' lang='lat' dir='ltr'><strong>ministerialibus</strong></span> 
     </span>
     <span class='ocr_line' id='line_1_30' title="bbox 297 3814 2623 3901; baseline 0 -19"><span class='ocrx_word' id='word_1_239' title='bbox 297 3814 684 3883; x_wconf 88' lang='lat' dir='ltr'><strong>Gorbeiensis</strong></span> <span class='ocrx_word' id='word_1_240' title='bbox 730 3815 1097 3882; x_wconf 88' lang='lat' dir='ltr'><strong>monasterii</strong></span> <span class='ocrx_word' id='word_1_241' title='bbox 1110 3865 1129 3899; x_wconf 98' lang='lat'><strong>,</strong></span> <span class='ocrx_word' id='word_1_242' title='bbox 1178 3814 1410 3901; x_wconf 88' lang='lat' dir='ltr'><strong>spiritu</strong></span> <span class='ocrx_word' id='word_1_243' title='bbox 1453 3815 1699 3882; x_wconf 88' lang='lat' dir='ltr'><strong>consilii</strong></span> <span class='ocrx_word' id='word_1_244' title='bbox 1746 3820 1809 3883; x_wconf 91' lang='lat' dir='ltr'><strong>et</strong></span> <span class='ocrx_word' id='word_1_245' title='bbox 1850 3815 2239 3883; x_wconf 88' lang='lat' dir='ltr'><strong>fortitudinis</strong></span> <span class='ocrx_word' id='word_1_246' title='bbox 2287 3816 2623 3883; x_wconf 90' lang='lat' dir='ltr'><strong>abundare.</strong></span> 
     </span>
     <span class='ocr_line' id='line_1_31' title="bbox 464 3930 2627 4017; baseline 0 -18"><span class='ocrx_word' id='word_1_247' title='bbox 464 3932 644 4011; x_wconf 86' lang='lat' dir='ltr'><strong>Quod</strong></span> <span class='ocrx_word' id='word_1_248' title='bbox 701 3930 1004 3999; x_wconf 87' lang='lat' dir='ltr'><strong>aeeclesia</strong></span> <span class='ocrx_word' id='word_1_249' title='bbox 1059 3931 1453 3999; x_wconf 85' lang='lat' dir='ltr'><strong>Gorbeiensis</strong></span> <span class='ocrx_word' id='word_1_250' title='bbox 1467 3982 1486 4015; x_wconf 91' lang='lat'><strong>,</strong></span> <span class='ocrx_word' id='word_1_251' title='bbox 1547 3952 1737 4017; x_wconf 90' lang='lat' dir='ltr'><strong>quam</strong></span> <span class='ocrx_word' id='word_1_252' title='bbox 1789 3933 2126 4016; x_wconf 82' lang='lat' dir='ltr'><strong>regendam</strong></span> <span class='ocrx_word' id='word_1_253' title='bbox 2180 3932 2316 3999; x_wconf 92' lang='lat' dir='ltr'><strong>Deo</strong></span> <span class='ocrx_word' id='word_1_254' title='bbox 2375 3938 2627 3999; x_wconf 89' lang='lat' dir='ltr'><strong>auctore</strong></span> 
     </span>
     <span class='ocr_line' id='line_1_32' title="bbox 296 4048 2624 4135; baseline -0 -20"><span class='ocrx_word' id='word_1_255' title='bbox 296 4049 697 4135; x_wconf 81' lang='lat' dir='ltr'><strong>suscepimus,</strong></span> <span class='ocrx_word' id='word_1_256' title='bbox 744 4048 890 4114; x_wconf 90' lang='lat' dir='ltr'><strong>ullis</strong></span> <span class='ocrx_word' id='word_1_257' title='bbox 936 4048 1006 4113; x_wconf 89' lang='lat' dir='ltr'><strong>in</strong></span> <span class='ocrx_word' id='word_1_258' title='bbox 1050 4048 1337 4115; x_wconf 88' lang='lat' dir='ltr'><strong>absentia</strong></span> <span class='ocrx_word' id='word_1_259' title='bbox 1379 4052 1598 4114; x_wconf 86' lang='lat' dir='ltr'><strong>nostra</strong></span> <span class='ocrx_word' id='word_1_260' title='bbox 1642 4067 1934 4115; x_wconf 91' lang='lat' dir='ltr'><strong>curarum</strong></span> <span class='ocrx_word' id='word_1_261' title='bbox 1981 4048 2112 4116; x_wconf 85' lang='lat' dir='ltr'><strong>sive</strong></span> <span class='ocrx_word' id='word_1_262' title='bbox 2158 4048 2444 4116; x_wconf 89' lang='lat' dir='ltr'><strong>laborum</strong></span> <span class='ocrx_word' id='word_1_263' title='bbox 2480 4049 2624 4115; x_wconf 86' lang='lat' dir='ltr'><strong>fati-</strong></span> 
     </span>
     <span class='ocr_line' id='line_1_33' title="bbox 296 4164 2622 4252; baseline -0 -21"><span class='ocrx_word' id='word_1_264' title='bbox 296 4168 474 4245; x_wconf 77' lang='lat' dir='ltr'><strong>gatur</strong></span> <span class='ocrx_word' id='word_1_265' title='bbox 526 4164 830 4231; x_wconf 90' lang='lat' dir='ltr'><strong>molestiis</strong></span> <span class='ocrx_word' id='word_1_266' title='bbox 845 4213 864 4249; x_wconf 89' lang='lat'><strong>,</strong></span> <span class='ocrx_word' id='word_1_267' title='bbox 934 4169 1183 4230; x_wconf 90' lang='lat' dir='ltr'><strong>tantum</strong></span> <span class='ocrx_word' id='word_1_268' title='bbox 1240 4164 1553 4248; x_wconf 89' lang='lat' dir='ltr'><strong>dolemus,</strong></span> <span class='ocrx_word' id='word_1_269' title='bbox 1611 4170 1917 4250; x_wconf 89' lang='lat' dir='ltr'><strong>quantum</strong></span> <span class='ocrx_word' id='word_1_270' title='bbox 1971 4165 2177 4252; x_wconf 88' lang='lat' dir='ltr'><strong>ipsam</strong></span> <span class='ocrx_word' id='word_1_271' title='bbox 2238 4165 2622 4248; x_wconf 87' lang='lat' dir='ltr'><strong>aecclesiam,</strong></span> 
     </span>
     <span class='ocr_line' id='line_1_34' title="bbox 298 4279 2624 4368; baseline 0 -22"><span class='ocrx_word' id='word_1_272' title='bbox 298 4299 450 4363; x_wconf 88' lang='lat' dir='ltr'><strong>quae</strong></span> <span class='ocrx_word' id='word_1_273' title='bbox 500 4285 757 4348; x_wconf 87' lang='lat' dir='ltr'><strong>nostrae</strong></span> <span class='ocrx_word' id='word_1_274' title='bbox 810 4281 1113 4368; x_wconf 87' lang='lat' dir='ltr'><strong>parvitati</strong></span> <span class='ocrx_word' id='word_1_275' title='bbox 1166 4282 1407 4347; x_wconf 89' lang='lat' dir='ltr'><strong>credita</strong></span> <span class='ocrx_word' id='word_1_276' title='bbox 1458 4286 1585 4366; x_wconf 91' lang='lat' dir='ltr'><strong>est,</strong></span> <span class='ocrx_word' id='word_1_277' title='bbox 1641 4279 1763 4348; x_wconf 91' lang='lat' dir='ltr'><strong>Dei</strong></span> <span class='ocrx_word' id='word_1_278' title='bbox 1808 4301 1921 4367; x_wconf 91' lang='lat' dir='ltr'><strong>pre</strong></span> <span class='ocrx_word' id='word_1_279' title='bbox 1966 4280 2160 4347; x_wconf 88' lang='lat' dir='ltr'><strong>oculis</strong></span> <span class='ocrx_word' id='word_1_280' title='bbox 2205 4282 2432 4348; x_wconf 92' lang='lat' dir='ltr'><strong>timore</strong></span> <span class='ocrx_word' id='word_1_281' title='bbox 2476 4301 2624 4368; x_wconf 88' lang='lat' dir='ltr'><strong>pro·</strong></span> 
     </span>
    </p>
   </div>
   <div class='ocr_carea' id='block_1_5' title="bbox 298 4395 2623 4569">
    <p class='ocr_par' dir='ltr' id='par_1_6' title="bbox 298 4395 2623 4569">
     <span class='ocr_line' id='line_1_35' title="bbox 298 4395 2623 4484; baseline 0 -22"><span class='ocrx_word' id='word_1_282' title='bbox 298 4395 516 4481; x_wconf 85' lang='lat' dir='ltr'><strong>posito,</strong></span> <span class='ocrx_word' id='word_1_283' title='bbox 564 4396 903 4481; x_wconf 84' lang='lat' dir='ltr'><strong>diligimus.</strong></span> <span class='ocrx_word' id='word_1_284' title='bbox 971 4397 1059 4464; x_wconf 91' lang='lat' dir='ltr'><strong>Et</strong></span> <span class='ocrx_word' id='word_1_285' title='bbox 1101 4417 1214 4463; x_wconf 84' lang='lat' dir='ltr'><strong>vos</strong></span> <span class='ocrx_word' id='word_1_286' title='bbox 1259 4397 1531 4483; x_wconf 89' lang='lat' dir='ltr'><strong>quidem,</strong></span> <span class='ocrx_word' id='word_1_287' title='bbox 1578 4417 1923 4484; x_wconf 87' lang='lat' dir='ltr'><strong>paucarum</strong></span> <span class='ocrx_word' id='word_1_288' title='bbox 1964 4417 2176 4464; x_wconf 91' lang='lat' dir='ltr'><strong>rerum</strong></span> <span class='ocrx_word' id='word_1_289' title='bbox 2207 4397 2623 4465; x_wconf 86' lang='lat' dir='ltr'><strong>amaritudine</strong></span> 
     </span>
     <span class='ocr_line' id='line_1_36' title="bbox 434 4520 2554 4569; baseline 0.001 -3"><span class='ocrx_word' id='word_1_290' title='bbox 434 4533 476 4566; x_wconf 79' lang='lat' dir='ltr'><strong>a.</strong></span> <span class='ocrx_word' id='word_1_291' title='bbox 514 4520 758 4569; x_wconf 56' lang='lat' dir='ltr'><strong>indefecta</strong></span> <span class='ocrx_word' id='word_1_292' title='bbox 789 4539 829 4567; x_wconf 85' lang='lat' dir='ltr'><strong>c.</strong></span> <span class='ocrx_word' id='word_1_293' title='bbox 953 4522 998 4568; x_wconf 90' lang='lat' dir='ltr'><strong>b.</strong></span> <span class='ocrx_word' id='word_1_294' title='bbox 1042 4520 1231 4568; x_wconf 73' lang='lat' dir='ltr'><strong>redistis</strong></span> <span class='ocrx_word' id='word_1_295' title='bbox 1262 4540 1302 4567; x_wconf 80' lang='lat' dir='ltr'><strong>c.</strong></span> <span class='ocrx_word' id='word_1_296' title='bbox 1425 4535 1465 4569; x_wconf 87' lang='lat' dir='ltr'><strong>c.</strong></span> <span class='ocrx_word' id='word_1_297' title='bbox 1506 4521 1748 4569; x_wconf 81' lang='lat' dir='ltr'><strong>multitudo</strong></span> <span class='ocrx_word' id='word_1_298' title='bbox 1778 4523 1852 4569; x_wconf 72' lang='lat' dir='ltr'><strong>vel</strong></span> <span class='ocrx_word' id='word_1_299' title='bbox 1883 4522 2080 4568; x_wconf 78' lang='lat' dir='ltr'><strong>societas</strong></span> <span class='ocrx_word' id='word_1_300' title='bbox 2109 4521 2334 4568; x_wconf 63' lang='lat' dir='ltr'><strong>addim</strong></span> <span class='ocrx_word' id='word_1_301' title='bbox 2363 4523 2554 4569; x_wconf 67' lang='lat' dir='ltr'><strong>videtur.</strong></span> 
     </span>
    </p>
   </div>
  </div>
 </body>
</html>
