3319 5242
672 427 800 492 618

669 660 984 717 Deliberare
1020 659 1264 728 cogimur
1290 698 1653 713 .....
1728 594 1836 713 {⁸388-

669 751 754 805 De
789 754 978 803 nostra
1010 750 1368 819 prosperitate
1467 789 1479 801 .
1555 787 1567 800 .
1644 788 1655 800 .
1733 749 1835 802 119

669 840 791 894 Deo
825 839 1066 907 propicio
1102 852 1189 892 res
1293 875 1655 889 .....

671 927 755 981 De
793 941 1018 995 quorum
1057 925 1346 981 devotione
1381 966 1392 978 .
1468 964 1480 977 .
1557 964 1567 976 .
1648 965 1659 977 .

672 1015 756 1070 De
792 1031 1019 1084 quorum
1056 1030 1193 1082 pura
1227 1013 1518 1069 devotione
1558 1053 1569 1065 .
1646 1053 1657 1065 .
1732 1014 1836 1068 537

671 1105 756 1158 De
791 1108 953 1171 statu,
989 1103 1155 1157 immo
1207 1141 1658 1155 ......
1731 1103 1839 1156 439

671 1193 756 1247 De
792 1196 939 1246 statu
974 1197 1193 1245 nostrae
1228 1191 1603 1261 prosperitatis
1648 1231 1661 1243 .
1734 1191 1838 1245 579

672 1280 1034 1335 Devotionem
1070 1295 1136 1333 ac
1171 1280 1531 1334 reverentiam
1562 1321 1572 1331 .
1649 1320 1662 1331 .
1734 1280 1839 1334 569

671 1369 1032 1424 Devotionem
1069 1368 1233 1437 illam,
1270 1383 1433 1438 quam
1474 1408 1485 1420 .
1561 1408 1571 1419 .
1647 1407 1661 1421 .
1735 1369 1840 1423 585

672 1458 882 1527 Dignas
917 1462 1102 1526 grates
1138 1457 1354 1526 agimus
1386 1498 1396 1507 .
1475 1496 1487 1509 .
1560 1496 1572 1509 .
1650 1497 1663 1508 .
1736 1458 1841 1511 598

674 1545 1020 1616 Dignationis
1055 1551 1274 1599 vestrae
1309 1544 1501 1600 litteris
1563 1583 1575 1596 .
1650 1585 1663 1597 .
1734 1545 1839 1599 441

672 1634 992 1704 Dignationi
1026 1640 1244 1688 vestrae
1281 1633 1604 1703 multiplices
1649 1673 1662 1685 .
1736 1634 1842 1687 508

672 1723 871 1778 Dilecti
904 1721 1000 1776 filii
1037 1722 1208 1776 nostri
1739 1723 1843 1776 122

673 1813 871 1867 Dilecti
907 1809 1003 1865 filii
1038 1810 1212 1864 nostri
1736 1810 1844 1865 574

674 1900 1032 1955 Dilectionem
1069 1903 1328 1967 vestram,
1366 1897 1436 1952 de
1476 1937 1489 1951 .
1564 1937 1576 1949 .
1651 1939 1664 1950 .
1736 1898 1842 1953 437

674 1988 994 2043 Dilectionis
1029 1987 1327 2057 sinceritas,
1364 2002 1526 2057 quam
1566 2026 1577 2038 .
1651 2025 1666 2040 .
1741 1986 1844 2041 143

674 2076 995 2133 Dilectionis
1029 2080 1248 2131 vestrae
1283 2075 1593 2145 presentiae
1653 2115 1666 2127 .
1739 2075 1846 2129 214

674 2165 965 2222 Dilectioni
999 2169 1216 2220 vestrae
1251 2169 1441 2219 notum
1477 2204 1490 2217 .
1564 2203 1577 2216 .
1652 2202 1667 2216 .
1738 2164 1845 2218 556

673 2256 919 2311 Dilectus
955 2252 1099 2308 filius
1133 2258 1319 2308 noster
1388 2292 1401 2306 .
1477 2292 1490 2305 .
1566 2291 1578 2304 .
1654 2292 1666 2305 .
1743 2254 1846 2308 122

673 2343 979 2413 Discordia,
1018 2357 1124 2411 que
1161 2357 1334 2411 nuper
1386 2381 1400 2394 .
1476 2381 1487 2393 .
1565 2383 1576 2393 .
1652 2380 1666 2393 .
1743 2342 1843 2395 187

673 2431 1004 2488 Discretioni
1040 2436 1170 2485 tuae
1204 2430 1458 2485 volumus
1479 2469 1492 2482 .
1568 2470 1578 2481 .
1656 2468 1669 2481 .
1739 2430 1847 2484 466

673 2522 874 2577 Divine
907 2519 1140 2574 bonitati
1175 2520 1469 2574 immensas
1567 2557 1579 2570 .
1656 2558 1668 2570 .
1741 2518 1848 2572 354

1299 1848 1662 1863 .....

676 2610 909 2666 Divinae
945 2608 1216 2678 largitatis
1264 2606 1671 2663 similitudinem
1745 2607 1849 2662 188

675 2700 845 2755 Dolor
880 2699 1074 2768 capitis
1110 2703 1168 2753 et
1215 2736 1671 2750 ......
1742 2697 1849 2750 444

676 2789 944 2844 Dominus
981 2788 1034 2840 in
1071 2787 1194 2855 lege

678 2877 945 2933 Dominus
982 2889 1137 2930 meus
1174 2873 1245 2928 ad
1280 2874 1486 2929 curiam
1569 2913 1582 2926 .

1659 2913 1671 2926 .
1744 2874 1851 2928 342

1661 3001 1673 3015 .
1746 2963 1848 3017 357

1659 3090 1673 3103 .
1745 3051 1853 3105 580

1659 3178 1673 3192 .
1745 3141 1851 3195 576

1661 3268 1673 3281 .
1746 3230 1853 3283 316

678 2966 947 3022 Dominus
982 2968 1168 3019 noster
1200 2977 1298 3017 rex
1396 3000 1410 3015 .
1484 3002 1497 3015 .
1571 3002 1583 3015 .

679 3056 930 3110 Domnus
965 3051 1316 3119 H(artwicus)
1395 3091 1407 3102 .
1482 3090 1496 3104 .
1569 3090 1584 3105 .

680 3145 929 3199 Domnus
965 3139 1294 3207 W(ibaldus)
1331 3138 1503 3195 85588
1571 3178 1584 3191 .

680 3231 1050 3298 Dubietatem,
1087 3245 1227 3299 quae
1263 3229 1335 3284 de
1396 3269 1408 3282 .
1484 3269 1497 3281 .
1574 3268 1584 3280 .

681 3322 900 3391 Duplex
934 3334 1035 3375 nos
1071 3318 1212 3373 ratio
1746 3318 1854 3373 462

681 3412 861 3479 Ecce,
898 3407 1209 3464 venerande
1244 3410 1401 3476 pater
1485 3445 1497 3458 .
1575 3446 1587 3459 .
1663 3445 1675 3458 .
1748 3406 1854 3460 503

681 3497 1189 3554 Ecclesiasticorum
1224 3493 1491 3550 bonorum
1575 3533 1587 3547 .
1665 3535 1676 3548 .
1752 3495 1852 3549 151

684 3587 934 3642 Electum
968 3599 1069 3640 vos
1106 3583 1379 3638 communi
1489 3622 1502 3635 .
1576 3623 1587 3636 .
1662 3623 1674 3636 .
1785 3583 1855 3637 96

684 3674 1025 3745 Episcopalis
1062 3670 1229 3726 officii
1264 3676 1351 3726 est
1398 3711 1409 3723 .
1487 3711 1498 3724 .
1575 3712 1586 3724 .
1662 3711 1675 3725 .
1748 3671 1855 3726 399

683 3763 987 3820 Eruditioni
1023 3767 1152 3816 tuae
1188 3759 1511 3829 aliquotiens
1576 3799 1588 3812 .
1664 3800 1677 3813 .
1749 3761 1856 3814 320

684 3854 804 3909 Ε181
841 3850 1222 3907 familiaritatis
1257 3853 1478 3905 nostrae
1574 3888 1586 3902 .
1664 3888 1675 3901 .
1748 3848 1854 3903 517

684 3944 771 3999 Ex
808 3941 1031 4012 antiquo
1069 3938 1301 3994 ecclesia
1397 3977 1409 3990 .
1489 3977 1501 3990 .
1574 3978 1587 3990 .
1663 3977 1676 3990 .
1784 3937 1853 3992 79

684 4030 1051 4087 Excellentiae
1086 4034 1305 4084 vestrae
1338 4027 1586 4082 notitiam
1662 4066 1674 4079 .
1745 4026 1854 4080 472

682 4121 772 4176 Ex
806 4118 1192 4189 conquestione
1229 4117 1413 4172 dilecti
1483 4155 1496 4168 .
1574 4154 1586 4169 .
1662 4155 1674 4168 .
1746 4115 1854 4169 485

684 4208 973 4264 Exhibitae
1010 4206 1314 4262 dilectionis
1348 4210 1565 4261 vestrae
1663 4244 1677 4257 .
1749 4204 1853 4257 223

685 4299 772 4354 Ex
807 4298 1105 4352 litterarum
1141 4301 1446 4352 vestrarum
1484 4334 1498 4348 .
1572 4332 1585 4345 .
1661 4330 1674 4345 .
1746 4293 1853 4347 390

686 4388 774 4443 Ex
807 4386 998 4441 litteris
1032 4385 1231 4441 vestris
1750 4381 1853 4435 143

687 4477 776 4532 Ex
810 4475 1067 4530 mandato
1102 4472 1285 4529 domni
1309 4510 1674 4526 .....
1747 4469 1854 4525 555

689 4563 945 4635 Expediti
978 4562 1201 4618 tandem
1236 4561 1307 4616 ab
1398 4601 1411 4613 .
1484 4599 1498 4613 .
1574 4599 1587 4613 .
1663 4600 1675 4611 .
1752 4559 1854 4613 164

1497 443 1567 488 IN
1570 443 1714 488 1¹r1A
1757 440 2234 488 EPISTOLARUM

2978 594 3074 636 με·

1910 658 2299 728 Experimento
2335 656 2693 726 cognovimus
2714 696 2727 709 .
2811 698 2824 710 .
2898 698 2909 710 .
2978 658 3078 713 425

1910 749 2153 817 Experta
2188 748 2296 801 iam
2332 747 2388 801 in
2424 745 2609 800 multis
2713 784 2726 797 .
2806 785 2822 799 .
2899 785 2912 797 .
2982 747 3080 801 573

1909 837 1998 891 Ex
2033 836 2369 905 querimonia
2403 832 2644 889 fidelium
2713 873 2728 886 .
2806 874 2820 886 .
2898 874 2912 885 .
2984 835 3084 889 604

1911 926 1996 979 Ex
2032 940 2139 993 quo
2177 924 2363 978 divina
2445 961 2914 975 ......
2984 924 3085 977 562

1910 1014 1998 1068 Ex
2033 1028 2142 1082 quo
2177 1028 2277 1066 nos
2312 1010 2556 1081 propicia
2626 1050 2638 1062 .
2716 1050 2729 1061 .
2809 1050 2823 1061 .
2902 1050 2914 1061 .
2986 1011 3086 1064 371

1912 1102 1998 1155 Ex
2033 1115 2141 1169 quo
2176 1100 2431 1155 noticiam
2536 1136 2916 1150 .....
2988 1098 3088 1152 210

1913 1188 2237 1244 Exultamus
2269 1188 2328 1242 in
2362 1186 2598 1242 Domino
2629 1226 2640 1238 .
2718 1225 2731 1237 .
2811 1226 2824 1239 .
2905 1227 2917 1238 .
2990 1186 3087 1240 149

1914 1278 2201 1346 Fecimus,
2238 1276 2386 1346 quod
2419 1275 2656 1330 iussistis
2721 1314 2736 1326 .
2814 1314 2828 1328 .
2905 1314 2918 1327 .
2992 1275 3084 1328 141

1912 1365 2086 1420 Fideli
2122 1364 2493 1420 ammonitioni
2527 1368 2585 1417 et
2628 1402 2640 1416 .
2719 1402 2731 1415 .
2811 1403 2826 1415 .
2905 1403 2919 1414 .
2991 1362 3088 1417 299

1914 1454 2116 1509 Fidelis
2151 1458 2337 1508 noster
2372 1452 2664 1522 episcopus
2720 1491 2732 1502 .
2814 1491 2825 1501 .
2905 1490 2920 1503 .
2990 1451 3086 1505 337

1914 1542 2118 1597 Fidelis
2153 1545 2355 1610 noster,
2390 1546 2608 1596 vestrae
2715 1578 2731 1592 .
2810 1578 2823 1590 .
2906 1579 2919 1591 .
2992 1539 3088 1593 336

1914 1631 2038 1685 Filii
2074 1635 2131 1685 et
2165 1628 2359 1684 fratres
2395 1628 2564 1684 vestri
2627 1666 2641 1679 .
2720 1667 2731 1677 .
2811 1666 2827 1680 .
2906 1667 2919 1679 .
2992 1627 3090 1681 272

1915 1719 2106 1773 Frater
2138 1718 2408 1773 Iohannes
2442 1715 2644 1771 domno
2720 1754 2735 1766 .
2813 1754 2829 1767 .
2907 1754 2921 1767 .
2993 1715 3090 1769 32

1915 1807 2193 1862 Fraternis
2228 1803 2733 1862 consolationibus
2993 1803 3090 1857 206

1915 1894 2263 1950 Fraternitati
2309 1898 2527 1949 vestrae
2564 1842 2925 1961 presentibus
2993 1891 3090 1946 30ss

1916 1984 2107 2045 Frater
2140 1987 2341 2050 noster,
2378 1996 2543 2051 quem
2631 2020 2644 2033 .
2722 2020 2735 2032 .
2815 2021 2827 2033 .
2909 2022 2922 2034 .
2991 1981 3089 2034 461

1917 2073 2136 2126 Fratres
2172 2069 2517 2126 Corbeiensis
2551 2070 2877 2124 monasterii
2907 2108 2921 2121 .
2993 2068 3089 2123 258

1917 2162 2136 2215 Fratres
2172 2159 2242 2214 de
2278 2159 2606 2214 monasterio
2633 2199 2647 2212 .
2722 2198 2735 2232 7
2815 2198 2828 2210 .
2907 2197 2922 2209 .
2993 2156 3090 2211 530

1918 2250 2137 2304 Fratres
2172 2248 2343 2303 nostri
2377 2253 2437 2303 et
2469 2245 2567 2302 filii
2632 2287 2644 2299 .
2719 2288 2731 2299 .
2812 2288 2826 2300 .
2905 2286 2918 2299 .
2995 2246 3092 2300 134

1918 2338 2139 2393 Fratres
2173 2337 2363 2406 nostri,
2399 2336 2531 2391 dum
2631 2376 2645 2388 .
2722 2376 2734 2387 .
2813 2376 2826 2387 .
2906 2377 2920 2388 .
2993 2336 3090 2390 291

1920 2427 2138 2481 Fratres
2175 2425 2394 2495 quidam
2431 2425 2501 2480 de
2536 2425 2874 2479 monasterio
2908 2465 2921 2477 .
2993 2424 3090 2478 531

1919 2516 2255 2584 Frequenter
2290 2514 2665 2569 excellentiam
2722 2553 2734 2564 .
2815 2553 2827 2564 .
2909 2552 2924 2564 .
2993 2512 3092 2567 3oe

1922 2603 2214 2661 Genitoris
2248 2604 2330 2660 tui
2365 2602 2714 2659 devotionem
2816 2644 2828 2654 .
2908 2642 2922 2654 .
2997 2602 3092 2656 121

1922 2693 2093 2749 Grata
2126 2692 2286 2748 nobis
2318 2692 2480 2748 valde
2544 2731 2922 2744 .....
2997 2691 3093 2745 199

1923 2782 2118 2838 Grates
2155 2781 2369 2837 debitas
2404 2780 2713 2836 celsitudini
2818 2820 2830 2831 .
2909 2820 2922 2832 .
2993 2779 3095 2834 464

1924 2871 2114 2927 Gratia
2146 2870 2498 2940 benignitatis
2532 2875 2752 2925 vestrae
2818 2909 2830 2920 .
2909 2908 2922 2920 .
2996 2867 3094 2923 600

1925 2958 2232 3015 Gratiarum
2269 2959 2511 3013 actiones
2545 2963 2675 3012 tuae
2724 2996 2737 3009 .
2816 2998 2829 3010 .
2909 2996 2923 3009 .
3000 2956 3094 3011 182

1925 3047 2142 3104 Gratias
2178 3047 2409 3116 agimus,
2445 3046 2786 3101 dilectissimi
2817 3085 2830 3097 .
2910 3085 2922 3097 .
2999 3045 3094 3098 100

1925 3136 2141 3193 Gratias
2176 3135 2297 3190 Deo
2333 3140 2392 3189 et
2425 3134 2644 3189 domino
2721 3173 2736 3187 .
2817 3173 2829 3186 .
2908 3174 2922 3186 .
2996 3133 3095 3187 346

1927 3225 2145 3282 Gratias
2180 3228 2399 3280 nostrae
2435 3222 2842 3278 mansuetudini
2911 3262 2925 3275 .
2995 3221 3098 3276 424

1928 3313 2146 3370 Gratias
2181 3310 2465 3367 referimus
2500 3312 2854 3367 sollicitudini
2909 3353 2923 3363 .
2998 3310 3097 3366 325

1927 3401 2144 3458 Gratias
2179 3399 2463 3456 referimus
2497 3407 2717 3456 vestrae
2820 3440 2832 3451 .
2911 3440 2925 3453 .
2998 3399 3098 3453 303

1928 3490 2276 3546 Gratulamur
2309 3489 2598 3559 plurimum
2633 3494 2832 3544 et..
3000 3487 3099 3542 288

1927 3580 2156 3636 Gratum
2200 3578 2359 3634 110518
2403 3583 2491 3633 081
2536 3583 2595 3632 01
2635 3582 2929 3648 acceptum
2999 3576 3098 3632 489

1928 3668 2155 3724 Gratum
2192 3666 2351 3722 nobis
2385 3672 2488 3737 est,
2525 3667 2657 3736 quia
2730 3707 2742 3718 .
2820 3705 2833 3717 .
2912 3704 2926 3718 .
3036 3665 3099 3719 98

1928 3756 2156 3813 Gratum
2192 3755 2349 3811 nobis
2387 3755 2549 3811 valde
2572 3761 2662 3810 est
2681 3760 2742 3810 et
2763 3754 2931 3809 dulce
3001 3752 3103 3809 384

1927 3846 2156 3902 Gratum
2190 3843 2349 3901 nobis
2383 3844 2546 3900 valde
2580 3850 2669 3899 081
2703 3849 2761 3898 01
2795 3843 2855 3898 in
2914 3881 2929 3896 .
3001 3841 3103 3897 358

1927 3936 2156 3992 Gratum
2192 3933 2351 3991 nobis
2397 3933 2561 3989 valde
2607 3938 2720 4001 est,
2773 3930 2931 4001 quod
3003 3931 3104 3985 Q

1927 4023 2201 4080 Gravibus
2237 4023 2381 4078 curis
2415 4028 2475 4077 et
2508 4020 2713 4077 crebris
2824 4060 2836 4073 .
2915 4060 2930 4072 .
3005 4019 3103 4074 138

1927 4113 2181 4170 Habetis
2217 4128 2370 4167 reum
2407 4109 2761 4166 confitentem
2822 4148 2836 4162 .
2911 4147 2925 4161 .
3003 4108 3099 4162 141

1926 4204 2205 4258 Hactenus
2240 4202 2298 4255 in
2334 4214 2467 4268 agro
2555 4237 2929 4250 .....
3036 4196 3102 4250 95

1926 4289 2290 4346 Hasteriensis
2327 4286 2539 4343 cenobii
2641 4326 2652 4337 .
2730 4327 2741 4337 .
2824 4327 2838 4339 .
2915 4326 2929 4338 .
3000 4285 3103 4340 420

1925 4379 2214 4435 Humilitas
2252 4375 2692 4432 excellentissimi
2733 4415 2744 4427 .
2820 4414 2834 4427 .
2911 4413 2925 4426 .
2997 4376 3098 4428 511

1924 4467 2284 4537 Imperialem
2321 4465 2665 4521 maiestatem
2701 4464 2867 4519 decet
2907 4504 2922 4516 .
2998 4463 3104 4517 550

1925 4556 2243 4626 inperialem
2280 4554 2620 4610 maiestatem
2656 4552 2822 4608 decet
2912 4594 2926 4604 .
2999 4551 3101 4606 594
