3319 5242
710 430 840 497 246
1471 446 1772 492 ΜΒΑωῙ
1813 443 2145 492 ΕΡῙΒΤοω
2192 443 2297 490 150.

464 595 673 715 '1242
711 590 918 676 inquit
948 594 1398 657 communicato
1430 589 1693 654 consilio
1737 591 2021 675 episcopi
2046 587 2615 653 Patlterbnrnensis
2634 582 2650 613 ¹
2681 600 2741 652 et
2769 587 3063 667 aliorum,

582 702 594 714 ’
713 712 827 794 qui
859 719 1178 794 presentes
1225 708 1508 786 aderant,
1548 729 1679 792 pro
1724 706 2064 770 inutilitate
2096 727 2414 791 personae
2448 718 2503 771 et
2547 708 2877 792 symoniae
2920 727 3066 768 con-

693 825 980 910 fessione
1026 836 1084 889 et
1125 824 1545 888 inobedientia
1576 836 1634 887 et
1661 825 1918 886 caeteris
1952 844 2090 886 eum
2120 823 2200 886 de
2229 822 2484 887 abbatia
2526 836 2585 887 et
2612 824 2691 887 de
2719 823 3068 886 sacerdotio

713 943 1142 1027 deposuimus,
1199 940 1535 1004 monachos
1580 939 1661 1003 ab
1711 938 2094 1017 obedientia,
2152 950 2211 1002 et
2257 960 2495 1017 omnes,
2546 940 2663 1023 qui
2703 941 3074 1003 iuraverant

712 1058 837 1122 sibi
862 1057 1251 1139 fidelitatem,
1302 1061 1344 1120 ά
1389 1056 1592 1120 debito
1637 1058 1980 1119 iuramenti
2006 1055 2406 1119 absolventes.
2481 1052 2748 1134 Quodsi,
2786 1057 2946 1118 visis
2978 1053 3077 1117 vel

714 1176 950 1238 auditas
995 1173 1092 1237 Itis
1139 1172 1392 1251 litteris,
1455 1175 1524 1235 in
1570 1172 1826 1236 abbatia
1872 1174 2202 1236 consistere
2236 1172 2649 1257 pertinaciter
2690 1171 2971 1237 voluerit
3018 1182 3079 1235 et

714 1291 1074 1355 aecclesiam
1119 1292 1190 1352 in
1226 1290 1521 1373 personis
1566 1288 1669 1351 vel*
1708 1288 1886 1352 bonis
1934 1291 2065 1351 suis
2084 1311 2210 1373 per
2237 1309 2304 1352 se
2331 1288 2430 1352 vel
2445 1309 2571 1373 per
2599 1286 2896 1373 alt'quam
2926 1285 3077 1351 sulb-

712 1409 970 1470 nussam
1002 1427 1348 1491 personam
1379 1404 1581 1467 ledere
1607 1404 1859 1469 molit-us
1886 1404 2098 1488 suerit
2143 1408 2184 1468 ά
2218 1406 2522 1490 proxima
2560 1403 2889 1468 donabo-'ca
2922 1402 3080 1489 pal-

715 1545 961 1587 marum
970 1516 1014 1601 ²,
1064 1542 1204 1584 eum
1251 1523 1870 1584 excommunicamus.
1941 1518 2189 1585 Viderit
2234 1518 2312 1584 de
2357 1517 2753 1613 absolutione
2792 1537 2943 1602 sua,
2986 1516 3085 1584 vi·

714 1638 881 1704 derit
926 1637 1004 1702 de
1047 1634 1453 1702 restitucione
1509 1634 1917 1700 sacerdotalis
1962 1632 2171 1701 officii.
2264 1634 2438 1700 Haec
2495 1635 2563 1699 in
2620 1652 2767 1701 eum
2820 1632 3087 1720 prolata

716 1754 784 1819 in
841 1752 1072 1818 iudicio
1132 1756 1195 1817 et
1253 1752 1493 1837 scripta
1549 1751 1666 1818 sub
1713 1750 1920 1834 sigillo
1966 1751 2238 1817 fuerunt.
2335 1750 2446 1818 Set
2499 1751 2738 1834 videte,
2798 1749 3087 1835 qualiter

717 1870 954 1935 tociens
1000 1873 1132 1933 tam
1182 1866 1401 1933 acerbe
1448 1868 1829 1933 ammonitus
1876 1868 2230 1954 resipuerit.

541 1996 680 2080 1148
896 1983 1087 2049 Venit
1129 1984 1199 2048 in
1242 2003 1458 2050 mense
1488 1983 1667 2049 Iunio
1699 1978 1966 2050 Giseke⁸
1998 1984 2066 2048 in
2096 1983 2353 2049 domum
2399 1983 2633 2049 sororis
2678 2002 2841 2049 suae
2882 1984 3090 2050 abba-

542 2071 672 2116 ¹¹¹¹²¹⁰
719 2101 910 2168 tissae
921 2096 961 2184 ⁴,
1011 2120 1171 2186 quae
1226 2119 1343 2166 nec
1397 2119 1648 2166 sacrum
1705 2100 1967 2184 virginis
2020 2099 2306 2167 velamen
2365 2119 2480 2186 per
2534 2100 3093 2167 consecrationem

718 2217 997 2304 episcopi
1043 2216 1322 2304 suscepit
1365 2237 1480 2283 nec
1525 2216 2027 2284 benedictionem
2072 2217 2154 2283 ad
2196 2215 2488 2283 abbatiae
2517 2216 2799 2299 regimen
2834 2216 2877 2281 a
2926 2237 3093 2303 pon-

716 2332 883 2401 tifice
941 2334 1215 2420 accepit,
1277 2353 1421 2399 cnm
1478 2338 1692 2399 tamen
1747 2334 1878 2399 iam
1936 2339 2125 2399 antea
2180 2333 2338 2399 duas
2396 2331 2717 2415 abbatiae,
2775 2331 3099 2400 videlicet

717 2447 1181 2533 Eskenewege⁸
1243 2453 1307 2515 et
1363 2448 1730 2533 Kaminate‚
1789 2470 1904 2535 per
1965 2448 2332 2515 violentiam
2393 2448 2794 2535 occupaverit
2863 2454 3099 2534 preter

719 2567 893 2634 illam
907 2562 952 2651 ⁶,
1001 2586 1190 2654 quam
1235 2564 1421 2632 modo
1466 2569 1659 2632 tenet.
1729 2565 1816 2633 Et
1858 2564 2080 2633 habuit
2123 2564 2455 2632 consilium
2500 2584 2645 2632 cum
2687 2563 3098 2634 ministeria—

719 2684 884 2751 libus
931 2684 1167 2750 nostris
1212 2702 1474 2749 numero
1522 2687 1811 2768 quatuor,
1859 2683 1968 2769 qui
2007 2682 2125 2749 soli
2156 2682 2233 2748 de
2278 2682 2568 2749 omnibus
2611 2681 2790 2748 laicis
2842 2683 2934 2748 ad
2987 2684 3100 2751 de-

719 2800 1098 2887 positionem
1155 2800 1355 2886 ipsius
1412 2798 1691 2864 maxime
1734 2803 1884 2864 sunt
1928 2799 2162 2880 adnisi3
2218 2797 2658 2865 reconciliatus
2716 2803 2816 2864 est
2878 2800 2983 2865 eis
3031 2801 3103 2866 in
3193 2877 3203 2892 ο

720 2916 932 2983 osculo
978 2917 1175 3003 pacis,
1220 2916 1467 2982 utinam
1510 2918 1774 3002 propter
1819 2934 1983 2999 eum,
2031 2915 2140 3000 qui
2180 2920 2278 2980 est
2306 2915 2564 2981 karitas.
2638 2914 2747 2981 Set
2775 2914 3102 2983 inventus

720 3038 818 3101 est
863 3033 1043 3100 dolus
1089 3033 1157 3099 in
1203 3053 1311 3099 ore
1354 3032 1661 3119 ipsorum,
1709 3031 2006 3116 quoniam
2037 3051 2255 3097 eorum
2286 3031 2543 3117 quidam
2588 3051 2700 3118 spe
2743 3031 3100 3101 cuiusdam
3210 3111 3216 3116 ,

720 3150 926 3237 turpis
974 3149 1326 3216 commertii
1372 3154 1437 3215 et
1478 3149 1691 3234 ipsum
1735 3148 1986 3213 vocavit
2030 3152 2094 3214 et
2136 3147 2273 3234 ipse
2313 3147 2462 3214 illuc
2492 3148 2684 3215 venit.
2751 3145 2967 3215 Cuius
3000 3151 3100 3216 rei

722 3267 1028 3334 relatione
1059 3285 1176 3332 nec
1199 3270 1442 3331 vestras
1474 3285 1658 3331 aures
1690 3264 2121 3330 sanctissimas
2152 3264 2332 3330 decet
2360 3264 2611 3348 gravari
2640 3283 2757 3330 nec
2783 3273 3103 3334 nostram

724 3382 1182 3471 professionem
1223 3400 1342 3447 nec
1382 3380 1600 3446 stilum
1630 3380 2077 3462 contaminari3
2123 3381 2400 3447 radicem
2433 3380 2851 3447 conveniendi
2884 3388 2960 3448 et
2994 3404 3101 3450 ar-

725 3500 942 3565 borem
987 3497 1235 3565 consilii
1279 3517 1394 3562 nos
1439 3497 1518 3563 de
1561 3497 1871 3564 fructibus
1910 3496 2099 3583 plane
2128 3497 2552 3580 cog-novimus.
2687 3495 3102 3567 Recedentes

727 3616 894 3682 enim
943 3613 1021 3681 ab
1067 3613 1285 3680 eodem
1329 3612 1663 3698 colloquio,
1711 3618 2054 3701 coeperunt
2094 3611 2402 3700 paulatim
2449 3618 2513 3680 et
2546 3612 2785 3679 occulte
2815 3634 2950 3699 per
2984 3638 3103 3683 ex-

724 3738 966 3798 tremae
1010 3729 1387 3796 conditionis
1430 3736 1494 3797 et
1522 3731 1812 3796 fortunae
1841 3749 2145 3816 personas
2175 3729 2244 3795 in
2272 3729 2496 3813 vulgus
2527 3749 2857 3816 spargere:
2913 3733 3104 3817 quod

726 3866 1120 3934 nequaquam
1167 3866 1445 3913 essemus
1491 3846 1661 3913 ultra
1703 3846 2001 3927 redituri3
2050 3846 2373 3912 dominum
2413 3845 2615 3928 illum,
2661 3845 2763 3912 cui
2792 3852 3103 3916 reconci-

725 3964 863 4031 liati
911 3968 1124 4047 erant,
1172 3962 1489 4030 abbatiam
1535 3964 1669 4030 sive
1713 3964 1853 4029 iure
1896 3963 2030 4029 sive
2073 3962 2309 4029 iniuria
2350 3967 2766 4049 recepturum.
2862 3963 3105 4051 Atque

727 4081 981 4148 interim
1025 4079 1364 4147 maledicta
1407 4086 1471 4146 et
1515 4079 1914 4147 incredibilia
1955 4079 2191 4167 probra
2235 4079 2312 4145 de
2348 4098 2620 4164 persona
2648 4082 2712 4144 et
2739 4096 3103 4148 conversa-

727 4199 897 4266 tione
941 4202 1161 4264 nostra
1203 4197 1271 4262 in
1300 4196 1606 4284 populum
1639 4195 2040 4283 spargebant.
2111 4194 2500 4262 Procedebat
2528 4214 2743 4262 eorum
2776 4196 3101 4282 audacia3

872 4402 923 4455 1.
961 4398 1286 4456 Bernhardi.
1390 4399 1445 4454 2.
1483 4398 1624 4454 1146
1657 4399 1819 4454 Mart.
1843 4399 1934 4454 24.
2039 4400 2095 4454 3.
2129 4397 2202 4454 V.
2225 4413 2394 4468 supra
2426 4412 2483 4466 p.
2507 4397 2616 4452 223
2651 4413 2707 4452 n.
2733 4397 2784 4452 6.
2895 4398 2961 4454 4.
3005 4401 3103 4456 In·

728 4489 936 4546 dithae.
1042 4491 1094 4545 ὅ.
1132 4488 1454 4558 Εοοὴπθςο,
1495 4504 1532 4542 a
1566 4487 1793 4544 Gassela
1826 4488 1972 4543 inter
2005 4488 2276 4544 orientem
2310 4491 2370 4543 et
2404 4479 2706 4542 meridiem.
2813 4485 2869 4541 6.
2907 4487 3103 4545 Geso-

727 4580 972 4636 kensem.
