3319 5242
532 590 673 646 1154

508 664 604 712 Dec
606 665 699 711 ‚29

553 2923 693 2979 1155

737 424 872 492 570
1414 398 1712 492 wmAnnr
1755 441 2129 491 nprsronm
2168 441 2415 489 4341435

734 591 981 669 tunum,
1025 603 1171 651 cum
1213 585 1440 651 maiori
1482 582 1716 651 fiducia
1758 585 1987 652 debeas
2030 583 2390 671 implorare.
2549 585 2655 652 Ad
2700 584 2859 652 huc
2898 604 3072 652 vene-

733 700 1000 768 rabilem
1064 701 1324 767 fratrem
1381 706 1666 767 nostrum
1727 699 2077 784 C(encium)
2134 699 2546 769 Portuensem
2602 701 2970 788 episcopum
3019 707 3078 768 et

735 815 995 883 dilectos
1060 813 1223 883 filios
1280 822 1531 884 nostros
1584 815 2074 899 B(ernhardum)
2129 817 2304 883 tituli
2364 818 2566 885 sancti
2622 816 2969 885 Clementis
3022 823 3083 884 et

736 931 1200 1015 O(ctavianum)
1256 932 1428 998 tituli
1482 937 1739 1000 sanctae
1783 932 2052 1000 Ceciliae
2103 933 2486 1019 presbiteros
2531 933 2922 1018 cardinales,
2981 933 3084 1019 qui

737 1049 906 1135 apud
960 1052 1376 1116 memoratum
1420 1048 1864 1132 F(ridericum)
1920 1048 2233 1116 illustrem
2276 1049 2704 1117 Romanorum
2746 1070 2966 1134 regem
3008 1070 3084 1117 ex

734 1164 1032 1231 mandato
1087 1171 1303 1231 nostro
1358 1164 1673 1250 legatione
1729 1165 2103 1250 funguntur,
2161 1165 2240 1232 de
2293 1165 2530 1232 honore
2585 1172 2653 1233 et
2703 1166 3086 1233 exaltatione

733 1279 1053 1347 Romanae
1098 1280 1438 1349 aecclesiae
1484 1287 1548 1348 et
1592 1282 1672 1349 de
1716 1281 1919 1348 salute
1962 1282 2140 1365 reg-ni
2186 1300 2329 1348 cum
2360 1301 2456 1365 eo,
2503 1287 2762 1350 auctore
2789 1281 3085 1366 Domino,

734 1397 1087 1481 tractaturi,
1133 1397 1496 1464 discretioni
1539 1403 1688 1464 tuae
1730 1398 2030 1464 attentius
2060 1398 2604 1481 commendamus3
2649 1403 2977 1482 rogantes,
3019 1403 3087 1463 ut

735 1533 841 1581 eos
886 1519 1210 1599 tamquam
1256 1517 1506 1573 nosmet
1548 1514 1721 1573 insos
1765 1514 2026 1573 honeste
2070 1516 2385 1573 recinam·
2431 1533 2506 1573 nn
2548 1515 2755 1573 modin
2795 1514 3082 1573 omnibus

733 1629 988 1697 studeas
1032 1630 1049 1695 l

733 1746 900 1813 dere.
968 1744 1038 1812 Si

731 1862 899 1928 veris
958 1869 1023 1929 et

731 1979 876 2065 ipsa
919 1998 1049 2063 quo·

729 2094 799 2160 in
842 2094 970 2160 tuis
1014 2094 1542 2181 postulationibus
1587 2096 1854 2163 celerius
1898 2099 1962 2161 et
1988 2094 2236 2161 facilius
2254 2097 2585 2164 exaudire.
2647 2096 2823 2164 Data
2848 2097 3073 2164 Romae

729 2211 900 2298 apud
943 2209 1244 2278 Sanctum
1286 2209 1547 2278 Petrum
1590 2215 1635 2278 4
1676 2211 1815 2278 Kal.
1858 2210 2017 2278 Ian:³

731 2529 910 2602 435.
951 2535 1273 2600 Adrianus
1316 2533 1424 2599 IV
1460 2555 1646 2623 papa
1689 2533 2065 2600 Bemkardo
2127 2536 2414 2623 episcopo
2468 2535 2975 2602 Puderbornemi
3024 2546 3076 2599 et

956 2650 1056 2716 Gi.
1092 2651 1302 2717 abbati
1331 2650 1771 2717 Liesbomensi
1798 2651 2076 2733 mandat,
2122 2662 2191 2716 ut
2220 2652 2564 2718 litterarum
2593 2650 2822 2717 harum
2865 2652 3075 2717 latoris

951 2789 1208 2832 causam
1249 2767 1600 2853 disceptent.
2750 2765 2862 2846 (M.
2899 2767 3072 2849 437.)

907 2908 1229 2975 Adrianus
1289 2907 1621 2994 episcopus
1677 2926 1898 2974 servus
1955 2926 2281 2974 servorum
2328 2906 2452 2974 Dei
2506 2907 2854 2975 venerabili
2896 2910 3075 2976 fratri

551 2999 644 3046 ¹⁸¹¹·
666 3000 696 3045 ⁸
728 3023 1148 3108 B(ernhardo)
1206 3022 1742 3091 Patherburnensi
1796 3023 2093 3111 episcopo
2151 3027 2216 3090 et
2269 3022 2497 3090 dilecto
2552 3021 2683 3090 filio
2738 3023 2841 3091 Gi.
2902 3024 3074 3094 Liee-

729 3142 1029 3210 bornensi
1073 3139 1290 3207 abbati
1335 3138 1605 3206 salutem
1650 3144 1716 3205 et
1758 3139 2168 3227 apostolicam
2212 3139 2732 3207 benedictionem.

909 3256 1161 3323 Latoris
1191 3255 1582 3342 presentium
1612 3254 1696 3322 ad
1728 3255 1895 3322 sedis
1927 3255 2309 3343 apostolicae
2338 3255 2738 3323 clementiam
2765 3259 3073 3326 venientis

728 3373 1243 3460 conquestionem
1289 3372 1678 3459 accepimus,
1735 3371 1904 3457 quod
1948 3372 2221 3458 quadam
2266 3373 2597 3458 aeeclesia,
2653 3394 2848 3459 quam
2894 3396 3072 3442 enno-

728 3490 871 3571 nice
916 3487 1310 3575 possidebat,
1370 3508 1410 3554 a
1454 3488 1723 3573 quodam
1770 3488 1857 3555 sit
1911 3489 2261 3575 presbitero
2306 3494 2528 3557 contra
2569 3489 2888 3557 iusticiam
2934 3511 3072 3578 spo-

727 3604 940 3671 liatus.
1008 3604 1105 3671 Ne
1147 3604 1343 3688 igitur
1387 3624 1503 3690 pro
1549 3604 1798 3671 defectu
1839 3604 2127 3672 iusticias
2169 3625 2413 3693 pauper
2445 3606 2568 3673 iste
2596 3611 2861 3690 cogatur
2890 3608 3073 3674 susti-

727 3741 880 3789 nere
922 3721 1256 3805 iacturam,
1301 3739 1418 3806 per
1462 3720 1783 3806 presentia
1821 3721 1999 3787 vobis
2043 3721 2285 3808 scripta
2325 3722 2722 3806 mandamus,
2765 3730 3073 3809 quatenus

727 3842 1062 3922 utramque
1105 3841 1355 3923 partem
1398 3840 1608 3903 vestro
1652 3835 1902 3903 faciatis
1946 3837 2310 3923 conspectui
2340 3838 2726 3925 presentari3
2772 3844 2842 3905 et
2883 3841 3073 3906 ratio-

725 3954 912 4022 nibus
956 3953 1237 4040 partimn
1281 3952 1614 4036 diligenter
1661 3953 1892 4019 auditis
1938 3959 2003 4020 et
2046 3953 2345 4038 cognitis,
2392 3973 2647 4021 causam
2689 3954 2901 4042 ipsam
2948 3977 3072 4023 me·

725 4070 943 4138 diante
986 4068 1240 4135 iusticia
1283 4069 1616 4136 canoniced
1659 4070 2031 4137 terminetis.
2100 4069 2271 4137 Data
2313 4069 2511 4138 Rome
2554 4071 2727 4157 apud
2772 4070 3071 4139 Sanctum

724 4184 987 4253 Petrum
1031 4188 1074 4253 3
1119 4185 1281 4253 Non.
1313 4185 1608 4252 Ianuarii.

869 4483 912 4517 a.
951 4469 1103 4530 recipe
1135 4470 1240 4517 cod.
1361 4469 1408 4516 b.
1440 4471 1488 4518 et
1519 4467 1705 4517 adasai.
1827 4482 1867 4516 c.
1887 4470 1995 4518 ‘lufi-
2026 4487 2066 4517 ο.
2189 4469 2235 4517 d.
2268 4471 2485 4518 canonica
2513 4470 2618 4519 cod.
