3319 5242
670 467 804 534 466
1331 467 1629 518 wmALm
1673 459 2048 511 semmua
2090 453 2185 500 334
2200 474 2251 484 -
2265 449 2372 496 sss.

498 633 635 689 1151
673 622 905 693 ctensis
961 615 1283 686 electionis
1339 606 1773 685 terminatum
1833 606 1898 669 et
1940 597 2155 666 videat
2200 589 2505 660 aecclesia
2546 585 2796 666 vestra,
2851 577 3023 646 cuius

501 722 541 757 θ’
556 707 641 755 ω’
673 762 787 811 vos
832 723 1170 806 consilium¹
1207 730 1388 817 sequi
1432 724 1752 805 condecet,
1798 716 2070 805 qualiter
2110 713 2182 778 in
2208 709 2367 776 urbe
2394 709 2613 773 vestra
2636 700 2811 767 idem
2840 693 3031 777 legati

676 859 746 925 in
787 857 906 922 hoc
942 872 1151 920 rerum
1182 853 1352 916 statu
1382 839 1810 928 suscipiantur
1855 839 1920 902 et
1948 831 2030 898 ad
2060 826 2326 896 eandem
2350 822 2533 889 litem
2563 812 3030 892 decidendam,

678 974 843 1042 sicut
886 971 1065 1038 decet
1107 966 1458 1034 Romanam
1502 962 1567 1025 et
1603 953 2041 1022 Coloniensem
2089 940 2457 1011 aecclesiam
2503 940 2568 1003 et
2595 936 2855 1000 vestrae
2896 947 3035 1014 per-

680 1110 870 1158 sonae
923 1086 1226 1154 honorem
1239 1131 1259 1166 ,
1314 1079 1670 1145 teneantur.
1853 1067 2039 1134 Circa
2090 1061 2327 1129 festum
2380 1052 2552 1122 beati
2607 1041 3036 1115 Bartholomei

682 1204 952 1295 apostoli
967 1198 985 1230 ¹
1027 1219 1246 1270 versus
1294 1192 1639 1262 Saxoniam
1697 1206 1812 1253 nos
1860 1177 2313 1250 retransituros
2357 1185 2713 1257 speramusae
2803 1161 2894 1228 Et
2936 1158 3038 1224 ubi

681 1329 833 1392 tunc
876 1324 1125 1387 vestrae
1178 1308 1547 1381 discretioni
1600 1301 1944 1392 placuerit,
2001 1293 2181 1362 vobis
2237 1285 2509 1373 colloqui
2565 1287 2632 1349 et
2681 1274 3041 1347 subservire

683 1438 895 1528 parati
938 1436 1193 1503 erimus.

696 1756 875 1830 335.
918 1755 1241 1825 Conradus
1270 1749 1382 1817 ΠΙ
1410 1768 1525 1812 rex
1560 1740 1913 1810 Wibaldum
1955 1738 2024 1802 in
2056 1735 2220 1799 diem
2249 1728 2336 1794 15
2366 1748 2448 1789 m.
2474 1718 2860 1809 Septembris
2890 1713 3047 1780 Her·

919 1872 1173 1960 bipolim
1218 1875 1410 1933 vocae.
2726 1829 2837 1914 (M.
2872 1826 3049 1908 316.)

495 2034 633 2119 1151
879 2008 1258 2096 C(onradus)
1288 2004 1412 2074 Dei
1456 2001 1665 2088 gratia
1693 1996 2123 2063 Romanorum
2165 2007 2281 2055 rex
2309 1978 2653 2066 W(ibaldo)
2685 1968 3052 2043 Corbeiensi

456 2109 584 2169 ⁸⁰¹³*
604 2122 668 2154 ¹¹²⁶
701 2132 916 2202 abbati
959 2129 1233 2214 gratiam
1275 2142 1459 2190 suam
1502 2123 1567 2185 et
1611 2134 1797 2182 omne
1841 2112 2095 2178 bonum.

879 2241 1264 2315 Discretioni
1309 2244 1457 2305 tuae
1500 2232 1792 2301 volumus
1856 2247 1994 2295 esse
2041 2218 2392 2307 cognitum,
2449 2211 2618 2298 quod
2673 2211 2900 2275 octava
2952 2202 3053 2269 die

701 2370 849 2455 post
891 2363 1252 2451 proximam
1301 2353 1703 2421 nativitatem
1747 2346 2003 2412 sanctae
2045 2329 2319 2405 Mariae²
2364 2326 2653 2398 nonnulli
2693 2321 3054 2411 principum

703 2486 921 2550 nostro
968 2499 1036 2545 se
1081 2470 1448 2560 conspectui
1491 2462 1948 2554 presentabunt
1992 2454 2159 2543 apud
2200 2446 2619 2534 Herbipolim,
2663 2442 2744 2508 de
2786 2435 3057 2522 negotiis

709 2597 1009 2669 ecclesiae
1054 2597 1119 2660 et
1159 2588 1345 2674 regni
1387 2589 1452 2653 et
1496 2583 1575 2650 de
1618 2584 1838 2648 nostra
1882 2571 2285 2661 expeditione
2334 2563 2661 2632 nobiscum
2701 2551 3054 2624 tractaturi.

709 2716 786 2782 In
830 2713 1057 2800 quibus
1104 2713 1169 2776 et
1211 2711 1340 2772 tua·
1368 2721 1527 2789 opus
1571 2698 1874 2765 habemus
1919 2688 2269 2777 presentia,
2325 2685 2547 2768 utpote
2602 2695 2749 2743 cum
2801 2690 2925 2758 quo
2965 2669 3061 2734 fa-

712 2830 1025 2898 miliarius
1082 2830 1147 2893 et
1198 2820 1448 2910 plenius
1506 2813 1757 2898 singula
1810 2806 2197 2876 intendimus
2251 2800 2660 2887 pertractare.
2753 2788 2874 2855 Per
2919 2805 3061 2872 pre-

716 2946 922 3015 sentia
965 2943 1161 3026 igitur
1190 2938 1429 3023 scripta
1458 2926 1870 2999 sollicitudini
1907 2929 2055 2991 tuae
2089 2917 2483 2997 mandamus,
2529 2908 2848 2996 quatinus,
2894 2899 3065 2968 omni

717 3062 1019 3130 dilatione
1065 3062 1129 3125 et
1185 3052 1510 3120 occasione
1565 3043 1955 3133 postposita,
2009 3038 2077 3103 in
2136 3032 2405 3101 termino
2460 3046 2655 3113 supra
2695 3023 3062 3097 memorato,

718 3178 967 3247 modico
1014 3172 1318 3242 comitatu
1361 3167 1714 3245 contentus,
1759 3162 1977 3225 nostro
2021 3159 2086 3220 te
2130 3145 2497 3235 conspectui
2540 3142 2956 3229 representes.

732 3499 773 3571 3
786 3497 908 3570 36.
950 3496 1311 3562 Her-ibertus
1353 3491 1518 3577 reyis
1562 3482 1921 3572 capellanus
1951 3475 2245 3542 Heinrico
2278 3468 2489 3559 priori
2520 3460 2871 3532 Corbeiemi
2896 3480 3067 3524 man·

952 3615 1078 3693 dat,
1123 3621 1193 3676 ut
1234 3608 1399 3694 reqis
1441 3605 1675 3670 litteras
1718 3595 2001 3663 Wibaldo
2046 3590 2221 3656 nulla
2265 3608 2443 3652 mora
2487 3584 2705 3647 naillac.
2760 3573 2871 3659 (M.
2897 3570 3065 3650 317.)

529 3775 665 3861 1151
908 3754 1158 3822 Domno
1191 3747 1489 3816 Heinrico
1519 3736 1869 3811 venerabili
1895 3731 2099 3822 vpriori
2128 3724 2525 3797 Corbeiensis
2566 3718 2870 3789 ecclesiae
2896 3713 3071 3784 Heri·

487 3850 615 3910 ΒΨ
633 3862 695 3895 ¹¹¹‘
733 3873 949 3942 bertus
996 3858 1393 3955 capellanus·
1441 3858 1771 3929 servitium
1816 3871 2018 3923 suum.

916 3981 1340 4053 Sollicitudini
1383 3982 1631 4044 vestrae
1679 3972 1879 4040 artius
1923 3966 2253 4049 iniungere
2295 3975 2623 4048 presumo,
2687 3958 2762 4019 ut
2804 3941 3074 4018 litteras‘

736 4104 952 4172 domni
1006 4100 1176 4184 regis
1232 4097 1464 4163 domno
1522 4090 1738 4159 abbati
1793 4088 1930 4154 sine
1987 4101 2170 4150 mora
2224 4071 2673 4146 transmittatis
2686 4118 2707 4154 ,
2767 4066 2920 4154 quia
2971 4079 3073 4151 pro

737 4217 1021 4306 magnisb
1068 4221 1134 4285 et
1178 4214 1372 4282 etiam
1416 4208 1686 4298 privatis
1729 4202 2000 4289 negotiis
2048 4198 2129 4265 ad
2173 4195 2417 4262 curiam
2459 4192 2741 4258 vocatur.

887 4535 931 4569 a.
970 4517 1271 4567 decidandm
1302 4533 1343 4562 ο.
1467 4512 1512 4559 b.
1551 4507 1750 4571 publicis
1779 4480 2006 4567 actea„
2034 4501 2224 4549 viam.

887 4619 940 4672 1.
974 4614 1122 4686 Aug.
1149 4611 1239 4668 24.
1383 4610 1437 4665 2.
1473 4605 1625 4676 Sept.
1653 4603 1742 4661 15.
1889 4599 1943 4655 3.
1981 4592 2221 4657 conradi
2255 4589 2419 4663 regie
2562 4584 2618 4657 4.
2653 4598 2743 4655 ep.
2768 4580 2897 4639 335.
