3319 5242
645 445 688 513 2
1464 457 1896 508 Tmsm‘rto
1941 456 1997 505 s,
2026 457 2169 505 vm

643 603 1070 693 Papebroclzio
1152 626 1222 668 eo
1286 601 1551 692 facilius
1604 603 1919 690 placuisse
1983 601 2298 680 videntur,
2368 620 2507 663 cum
2578 595 2823 661 saeculo
2890 590 3003 659 XI

648 720 971 786 Ger-ardus
1026 720 1218 785 abbas
1269 720 1629 783 monasterii
1676 717 2195 783 Silvae-maioris
2247 716 2315 779 in
2372 737 2447 778 ea
2504 735 2693 800 quam
2746 712 2993 798 scripsit

641 838 769 901 vita
814 834 1168 900 Adathardi
1219 835 1458 899 abbatis
1504 834 1882 900 Corbeiensis
1900 826 1916 857 ¹
1961 831 2271 920 quendam
2321 829 2510 895 libelli
2551 828 2747 892 nostri
2789 826 2992 891 locum

642 942 1161 1037 improbavi-sset',
1210 951 1390 1038 qnia,
1448 949 1560 1014 illa
1605 950 1904 1014 divisione
1933 947 2150 1036 sacta,
2206 969 2333 1011 non
2379 946 2576 1009 omnis
2620 943 2838 1007 relatio
2883 940 2997 1005 sed

645 1068 852 1132 antica
906 1077 1142 1132 tantum
1188 1067 1319 1131 eius
1350 1088 1513 1153 pars
1555 1066 1621 1130 in
1668 1065 1815 1129 vitio
1863 1074 2028 1129 esset.
2108 1063 2193 1128 At
2235 1073 2363 1127 tota
2405 1061 2518 1126 illa
2565 1058 2840 1125 Geras-di
2884 1058 2990 1122 ob·

642 1184 911 1270 iuryatio
957 1204 1083 1246 non
1126 1182 1290 1247 iusta
1332 1181 1576 1246 videtur
1622 1203 1767 1245 esse.

820 1298 1177 1386 Leyebatur
1232 1296 1386 1362 haec
1438 1296 1699 1361 historia
1752 1296 1821 1359 in
1873 1294 2112 1360 duobus
2155 1293 2465 1358 codicibus
2507 1283 2691 1372 mss.⁸,
2750 1292 2994 1377 inteqra

642 1416 710 1479 in
754 1416 962 1480 codice
995 1413 1548 1493 Gladbacensi,
1597 1422 1880 1477 coartata
1911 1412 1979 1475 in
2011 1409 2488 1491 Bodecensi‚·
2535 1429 2799 1496 quorum
2825 1416 2993 1471 uter-

644 1553 763 1618 que
808 1553 930 1618 quo
979 1531 1203 1595 abierit
1241 1530 1405 1594 latet.

824 1646 1185 1712 Editionem
1240 1645 1598 1732 principem
1655 1654 1806 1730 post
1861 1640 2224 1707 Widulcindi
2275 1640 2534 1705 annales
2592 1660 2759 1703 anno
2816 1634 2991 1703 1621

645 1763 884 1829 curavit
934 1785 1084 1827 usus
1138 1762 1348 1827 codice
1407 1772 1518 1825 aut
1561 1759 1910 1825 Bodecensi
1969 1767 2079 1822 aut
2130 1755 2313 1820 huius
2354 1755 2545 1821 simili
2587 1754 2995 1835 Meibomius5

645 1880 819 1944 cuius
846 1877 1071 1966 forma
1115 1879 1377 1964 repetita
1423 1886 1510 1941 est
1554 1898 1719 1941 anno
1765 1872 1944 1940 1636
1984 1897 2026 1939 a
2058 1871 2314 1938 Chesnio
2343 1873 2412 1937 in
2440 1869 2757 1935 Historiae
2784 1867 2995 1934 Fran-

645 2017 859 2060 corum
906 1992 1029 2059 SS.
1073 1993 1155 2059 Π.
1197 1991 1595 2073 &za—350,
1646 2001 1704 2055 et
1744 2013 1909 2055 anno
1955 1987 2135 2054 1688
2179 2010 2220 2051 a
2266 1986 2597 2051 Meibomio
2642 1986 2886 2050 iuniore
2929 1985 2997 2047 in

644 2111 794 2176 Rer.
834 2109 1041 2176 Germ.
1090 2110 1158 2175 T.
1188 2109 1237 2174 Ι.
1274 2131 1347 2194 p.
1378 2106 1756 2174 763—768.
1837 2104 2088 2170 Deinde
2131 2102 2414 2183 affabilia,
2463 2102 2725 2187 adeptus
2769 2099 2998 2164 codicis

648 2224 1094 2291 Gladbacensis
1139 2223 1484 2309 exemplum
1531 2224 1610 2289 ab
1652 2220 1885 2309 Adolfo
1922 2218 2230 2286 Overham
2261 2216 2531 2305 sactum,
2583 2227 2640 2281 et
2681 2216 2998 2285 meliorem

646 2351 704 2406 et
735 2342 1086 2428 pleniorem
1130 2349 1380 2419 textum,
1431 2339 1651 2403 omisso
1699 2348 1905 2401 tamen
1932 2335 2220 2422 proloyo,
2257 2334 2594 2419 proposuit
2622 2354 2786 2396 anno
2818 2328 2997 2395 1677

644 2459 711 2521 in
755 2459 892 2521 Act.
927 2455 1049 2521 SS.
1083 2455 1216 2519 ord.
1248 2454 1406 2519 Ben.
1438 2476 1596 2519 saec.
1627 2452 1743 2519 IV.
1792 2453 1858 2516 T.
1889 2451 1940 2517 I.
1972 2448 2357 2531 523—5375
2405 2470 2566 2535 quae
2611 2447 2858 2535 quidem
2896 2469 2996 2511 re-

647 2564 863 2650 censio,
895 2572 1289 2659 potissimmn
1345 2593 1386 2635 a
1429 2569 1682 2636 Pertzio
1738 2577 2038 2634 renovata
2092 2575 2179 2631 est
2222 2586 2386 2630 anno
2433 2563 2609 2629 1829
2656 2565 2725 2628 in
2767 2562 2995 2629 Monu-

644 2700 825 2753 ment.
875 2688 1252 2754 Germaniae
1308 2687 1441 2752 hist.
1478 2685 1599 2752 SS.
1631 2685 1715 2751 Π.
1746 2685 1881 2751 576
1903 2681 2143 2748 -585.
2202 2671 2370 2745 'Sed
2400 2679 2745 2768 perfectior
2787 2679 3001 2744 ceteris

646 2805 830 2869 editio
876 2806 1006 2870 iam
1050 2806 1117 2869 in
1149 2806 1282 2868 Act.
1318 2803 1440 2869 SS.
1470 2802 1642 2868 Iunii
1675 2802 1742 2867 T.
1774 2799 1860 2867 II.
1892 2796 2341 2865 1029—1037
2370 2807 2610 2883 parata
2659 2805 2796 2860 erat
2833 2815 2998 2858 anno

647 2919 826 2987 1698
872 2944 912 2985 a
956 2921 1229 2986 Daniele
1272 2918 1703 3006 Papebrochio
1716 2966 1736 2999 ,
1798 2917 1899 2982 cui
1951 2924 2128 2980 erant
2172 2914 2407 2978 auxilio
2455 2923 2512 2977 et
2559 2910 3002 2977 Gladbaoensis

649 3047 706 3102 et
750 3037 1130 3102 Bodecensis
1186 3037 1414 3102 codicis
1469 3035 1782 3121 exempla,
1845 3032 2107 3098 alterum
2152 3030 2232 3095 ab
2277 3028 2541 3113 Aeyidio
2592 3025 2847 3093 Gelenio
2894 3046 3000 3090 ac·

649 3163 910 3239 ceptum,
959 3153 1222 3219 alterum
1268 3176 1309 3217 a
1352 3151 1629 3217 Iohanne
1678 3147 2040 3214 Gamansio.

826 3267 904 3333 In
961 3268 1081 3334 hac
1135 3271 1327 3357 ἐρίων
1378 3268 1710 3331 novissima
1770 3260 2143 3327 adornanda
2189 3259 2483 3340 editione,
2544 3281 2684 3323 cum
2729 3258 3005 3322 deessent

653 3384 892 3449 codices
936 3408 1100 3467 mss„
1146 3384 1420 3448 ‘maxime
1466 3380 1725 3446 adhibui

797 3499 859 3565 1.
905 3500 1336 3587 plenissimam
1366 3497 1696 3563 editionem
1723 3491 2342 3582 Papebroelzianam5
2375 3513 2491 3556 nec
2519 3500 2723 3556 tamen
2753 3490 3002 3555 omnino

919 3616 1165 3702 neylexi
1208 3624 1318 3680 aut

798 3732 862 3798 2.
923 3732 1456 3810 Μαόἰῐίοηεηεεπι,
1505 3738 1615 3793 aut

799 3851 862 3916 3.
920 3848 1427 3915 Meibomianam.

837 3983 1124 4049 Berolini
1165 3980 1211 4047 8
1256 3978 1404 4046 Idus
1448 3977 1645 4045 Iulias
1691 4000 1748 4042 a.
1782 3975 1975 4044 1863.

800 4202 851 4257 1.
897 4201 987 4256 ed.
1021 4199 1170 4255 Acta
1213 4198 1311 4256 88.
1358 4198 1477 4255 Ian.
1513 4198 1580 4254 T.
1606 4197 1652 4253 1.
1693 4196 2022 4264 111—113‚
2075 4192 2338 4249 Mabillon
2384 4190 2533 4246 Aeta
2578 4187 2676 4246 88.
2712 4187 2830 4245 ord.
2865 4188 3007 4244 Bon.

653 4308 796 4348 saec.
823 4291 922 4347 lv.
957 4290 1022 4346 T.
1051 4290 1094 4344 Ι.
1131 4306 1189 4359 p.
1214 4288 1335 4344 345.
1482 4289 1536 4343 2.
1572 4286 1631 4342 in
1662 4284 1894 4356 prologo
1925 4283 2107 4340 verbis
2141 4282 2254 4338 his:
2292 4280 2481 4352 „illius
2505 4279 2602 4349 qui
2632 4293 2743 4334 non
2779 4275 3009 4333 authen-

654 4383 765 4437 tice
810 4380 986 4437 sensit
1019 4379 1090 4434 de
1138 4377 1244 4434 hac
1289 4376 1522 4434 historia
1569 4375 1656 4445 (S.
1696 4373 2035 4442 Adalhardi)
2090 4372 2148 4427 in
2203 4370 2383 4435 sancti
2425 4368 2545 4424 Viti
2591 4366 2950 4422 translatione
2961 4365 3008 4422 “.

654 4470 1027 4529 Nihilominus
1064 4468 1122 4523 in
1159 4467 1342 4539 capite
1378 4467 1450 4522 44
1485 4464 1764 4522 Gerardus
1799 4479 1870 4520 ex
1903 4460 2264 4518 translatione
2299 4462 2489 4515 nostra
2522 4455 2793 4528 quaedam
2827 4454 3009 4512 affert.

656 4561 708 4615 3.
745 4559 816 4615 de
853 4558 1141 4616 codicibus
1177 4555 1251 4612 of.
1288 4556 1437 4612 Acta
1471 4554 1566 4611 88.
1607 4554 1748 4609 Iuni.
1786 4554 1852 4609 T.
1880 4552 1946 4608 11.
1986 4567 2043 4622 p.
2070 4551 2229 4606 1017.
