3319 5242
727 463 861 528 580
1393 481 1692 527 vvaLm
1737 479 2112 527 nprs'ronm
2153 479 2262 526 448.
2299 479 2408 526 449.

526 628 662 681 1156
727 621 1000 705 gaudere
1042 640 1173 687 non
1216 620 1608 705 dubitantes,
1665 621 2083 688 eruditionem
2128 626 2306 689 tuam
2351 622 2513 688 scire
2545 620 2870 705 volumus,
2914 620 3070 705 quod

499 704 693 808 offlam
726 756 875 821 nos,
933 737 1296 823 compositis
1342 737 1411 803 in
1453 736 1822 821 Burgundia
1865 736 2194 822 magnifice
2237 739 2473 806 nostris
2517 738 2829 822 negotiis,
2882 737 3072 823 ipsius

726 854 978 920 favente
1024 852 1377 938 clementia,
1425 854 1533 940 qui
1580 853 1692 920 dat
1732 852 2002 921 salutem
2047 854 2301 939 regibus
2321 849 2356 939 ¹,
2401 873 2709 942 prospero
2743 853 2971 919 itinere
3002 852 3075 918 ad

502 984 694 1032 Dec.25
729 974 943 1055 partes
985 969 1144 1036 Reni
1201 991 1417 1036 sumus
1472 971 1713 1037 reversi
1767 975 1832 1038 et
1875 970 2088 1038 natale
2131 969 2389 1037 Domini
2435 970 2606 1059 apud
2652 969 2907 1056 Spiram
2951 968 3075 1052 glo-

728 1085 894 1152 11080
938 1085 1410 1153 celebravimus.

907 1202 1164 1269 Curiam
1221 1223 1467 1288 quoque
1523 1202 1593 1268 in
1645 1201 2084 1290 purificatione
2133 1207 2388 1270 sanctae
2433 1200 2674 1268 Mariae
2688 1197 2711 1232 ²
2755 1222 2877 1289 pro
2923 1201 3075 1267 bono

727 1319 904 1404 pacis
948 1316 1257 1385 firmando
1305 1317 1473 1405 apud
1514 1317 1770 1385 Ulmam
1811 1319 2090 1385 habituri
2131 1339 2364 1385 sumus.
2428 1317 2565 1397 Qua
2591 1316 2775 1384 finita
2820 1318 3079 1405 aptatis-

731 1455 850 1520 que
893 1434 1065 1500 illius
1112 1439 1318 1503 terrae
1363 1435 1654 1519 negotii&
1702 1433 1783 1500 ad
1828 1434 2158 1502 inferiores
2186 1433 2346 1501 Reni
2382 1439 2594 1520 partes
2627 1434 2929 1501 accedere
2959 1440 3078 1501 sta-

712 1551 985 1635 tuimus,
1033 1556 1105 1617 ut
1149 1571 1383 1618 cornua
1427 1551 1765 1638 superbiae
1799 1572 2036 1635 eorum,
2085 1551 2193 1637 qui
2222 1571 2447 1617 manus
2479 1571 2626 1617 suas
2655 1551 2725 1616 in
2755 1551 3078 1618 serenissi-

728 1688 905 1733 mum
949 1667 1288 1754 imperium
1332 1672 1621 1734 nostrum
1667 1667 2007 1734 extendere
2054 1667 2191 1733 ausi
2226 1671 2394 1751 sunt,
2442 1666 2510 1732 in
2538 1666 2798 1733 brachio
2830 1667 3078 1733 virtutis

729 1789 981 1850 nostrae
1025 1784 1119 1849 ita
1160 1783 1535 1868 recidamus,
1582 1788 1655 1850 ut
1699 1782 1816 1850 filii
1860 1790 1925 1851 et
1963 1788 2225 1870 nepotes
2255 1803 2473 1850 eorum
2504 1782 2798 1869 exemplo
2831 1790 3076 1870 patrum

731 1900 997 1966 correcti
1039 1900 1288 1967 discant
1330 1900 1596 1987 imperio
1644 1921 1713 1967 se
1757 1920 1885 1966 non
1921 1920 2259 1986 opponere,
2307 1899 2420 1966 sed
2464 1899 2599 1966 eius
2628 1900 2952 1966 mandatis
2979 1900 3075 1965 de-

728 2015 861 2082 bito
906 2015 1141 2083 honore
1188 2022 1252 2084 et
1295 2017 1649 2084 reverentia
1695 2016 2037 2083 subiacere.
2098 2015 2206 2081 Ad
2251 2015 2418 2100 quod
2458 2013 2747 2082 celeriter
2776 2035 3078 2103 peragen-

730 2131 882 2199 dum
926 2137 990 2199 te
1033 2138 1333 2218 tanquam
1378 2131 1837 2220 precordialem
1879 2136 2164 2198 nostrum
2209 2131 2572 2198 invitamus.

907 2247 1079 2327 Quae
1130 2251 1201 2316 in
1243 2248 1474 2317 litteris
1518 2242 1682 2315 tuis³
1730 2267 1769 2313 a
1811 2251 2031 2314 nostra
2074 2248 2412 2315 serenitate
2458 2247 2912 2335 expostulasti,
2967 2266 3076 2333 pro

729 2365 1055 2432 commodo
1102 2386 1327 2433 causae
1372 2370 1519 2431 tuae
1563 2362 1703 2431 fieri
1747 2364 2079 2449 iussimus,
2132 2365 2259 2451 ipsi
2303 2362 2438 2430 Deo
2485 2368 2744 2430 auctore
2787 2364 3076 2430 iniuriam

728 2485 904 2547 tuam
951 2481 1163 2549 debita
1208 2482 1545 2550 severitate
1591 2501 1705 2548 suo
1750 2480 1887 2548 loco
1935 2485 2000 2548 et
2041 2486 2327 2568 tempore
2372 2478 2592 2547 ulcisci
2636 2479 2982 2567 cupientes.

731 2809 910 2882 449.
952 2813 1281 2902 Etelyerus
1331 2813 1553 2903 refert,
1611 2838 1772 2903 quae
1817 2816 2180 2880 detrimenta
2228 2814 2478 2879 ecclesia
2528 2814 2595 2880 S.
2639 2811 3081 2900 Maryarechae

954 2933 1197 3018 ceperit.

556 3081 694 3135 1156
907 3063 1193 3130 Domnus
1225 3062 1632 3147 H(artwicus)
1670 3058 2211 3151 archiepiscopus⁴
2241 3063 2320 3129 ab
2349 3061 2712 3129 hominibus
2745 3061 3079 3129 aecclesiae

556 3153 693 3206 1157
732 3185 947 3246 sancte
991 3179 1346 3264 Margarete
1398 3184 1524 3248 100
1555 3201 1801 3247 marcas
1847 3179 2249 3248 denariorum
2295 3179 2540 3265 accepit
2584 3200 2659 3245 ea
2702 3179 3079 3261 conditione,

732 3302 804 3362 ut
833 3297 931 3362 sui
961 3297 1357 3364 centuriones
1403 3304 1467 3364 et
1494 3297 1908 3364 villicationes
1939 3296 2337 3384 provisorum
2378 3300 2581 3362 terras
2613 3296 3079 3382 possessionum

733 3412 1077 3479 secundum
1106 3413 1494 3480 voluntatem
1540 3435 1758 3481 eorum
1788 3418 2175 3499 exponerent
2204 3417 2269 3479 et
2297 3416 2676 3498 potestatem
2707 3410 3080 3499 disponendi

732 3533 797 3594 et
840 3528 1152 3595 vendendi
1202 3529 1522 3597 haberent.
1615 3529 1980 3597 Provisores
2025 3548 2174 3596 vero
2221 3527 2560 3603 aecclesiae
2603 3527 2724 3595 hac
2768 3528 2850 3596 de
2896 3547 3081 3596 causa

734 3644 813 3710 ab
870 3646 1040 3710 omni
1093 3647 1350 3712 usuaria
1392 3647 1669 3713 utilitate
1715 3645 2051 3713 aecclesiae
2096 3644 2474 3731 sequestrati
2520 3650 2684 3711 sunt.
2780 3644 2879 3712 Ob
2929 3645 3078 3711 hanc

731 3761 944 3847 itaque
1003 3782 1256 3828 causam
1312 3762 1628 3847 homines,
1692 3763 1801 3848 qui
1856 3761 2145 3828 colebant
2198 3766 2401 3828 terras
2462 3760 2834 3845 aecclesiae,
2890 3761 3076 3828 libere

732 3878 1013 3945 vendunt
1066 3879 1436 3965 cuicumque
1482 3877 1798 3945 voluerint
1854 3878 2106 3945 easdem
2161 3883 2363 3945 terras
2423 3878 2657 3963 absque
2713 3877 2979 3943 consilio
3021 3880 3078 3942 et

734 3994 969 4081 absque
998 4000 1289 4082 respectu
1319 3995 1514 4061 villici
1543 3993 1643 4062 vel
1674 3995 2020 4082 provisoris
2052 3994 2408 4061 aecclesiae.
2468 3993 2897 4060 Constitutum
2929 3997 3073 4074 erat,

731 4116 805 4176 ut
832 4110 1080 4178 villicus
1127 4111 1467 4179 aecclesiae
1513 4111 1778 4195 singulis
1825 4111 2006 4178 annis
2054 4110 2233 4177 daret
2278 4111 2358 4177 ad
2397 4110 2782 4198 prebendam
2814 4111 3075 4176 fratrum

734 4246 923 4292 unam
968 4247 1209 4295 mesam
1253 4228 1416 4296 fabe.
1480 4227 1661 4294 Hanc
1692 4227 1861 4294 idem
1892 4226 2139 4294 villicus
2171 4226 2249 4293 de
2278 4227 2535 4314 proprio
2565 4247 2684 4313 per
2715 4233 2856 4294 octo
2888 4245 3074 4293 annos

732 4343 1040 4429 restituit,
1099 4345 1249 4429 quia
1300 4345 1430 4412 iam
1483 4364 1599 4431 per
1654 4349 1795 4411 octo
1841 4363 2038 4410 annos
2086 4364 2166 4410 ex
2208 4348 2391 4431 parte
2436 4342 2654 4409 domni
2698 4344 2978 4430 episcopi
3019 4339 3073 4407 ei

875 4502 924 4555 1.
971 4501 1061 4555 Pe.
1101 4501 1230 4571 143,
1270 4503 1355 4556 10.
1570 4503 1622 4556 2.
1674 4503 1810 4557 1157
1858 4500 2017 4558 Febr.
2042 4503 2093 4557 2.
2263 4579 2267 4584 υ
2308 4501 2359 4556 3.
2407 4515 2492 4570 ep.
2516 4500 2625 4556 446
2678 4516 2849 4572 supra
2881 4517 2934 4572 p.
2958 4498 3070 4556 577.

731 4590 787 4645 4.
820 4590 1152 4646 Bremensis.
