3319 5242
875 467 1172 516 wreAnm
1214 465 1588 515 mrsu-onan
1631 466 1911 513 110-112.
2431 448 2556 513 187

242 608 410 680 110.
453 610 780 676 Heinrious
808 612 1237 676 Romanorum
1279 633 1394 676 rex
1436 609 1717 676 wibaldo
1755 612 1980 693 scribit,
2027 633 2090 676 se
2110 622 2372 698 propter
2403 608 2560 676 Sue-

454 750 667 792 oomm
713 727 1087 792 discordiam
1115 727 1563 814 Nurenberyae
1605 749 1732 792 non
1775 749 2149 792 munsterum.
2219 725 2448 806 Monet,
2494 735 2564 790 ut

452 844 554 909 die
607 843 647 908 1
706 842 875 930 Sept.
930 842 1376 930 Wint'sberyam
1434 844 1523 908 ad
1575 866 1641 908 se
1693 845 1914 909 veniat.
2007 844 2203 909 Addit
2255 843 2332 906 de
2385 842 2562 907 ouria

449 957 977 1046 Franoofhrtensi.
2282 955 2391 1039 (Μ.
2424 955 2558 1038 93.)

1432 1111 1630 1157 iorum
1657 1112 1770 1158 rex
1793 1089 2133 1174 Wfibaldo)
2167 1090 2378 1157 abbati
2407 1090 2559 1158 Cor·
2594 1080 2733 1155 1148

1432 1208 1684 1274 ectionis
1731 1229 1880 1275 suae
1922 1207 2393 1295 plenitudinem.
2608 1176 2723 1233 Aug.

1432 1324 1609 1391 uevia
1665 1325 1923 1391 suborta
1974 1329 2098 1409 est,
2156 1345 2194 1390 a
2236 1325 2558 1412 proposito

1432 1440 1682 1528 mpellit.
1753 1439 1913 1507 Cum
1958 1441 2125 1508 enim
2154 1441 2556 1507 Nurenberch

1469 1559 1928 1645 componendos
1974 1558 2277 1624 tumultus
2325 1557 2558 1624 Suevo-

1432 1695 1454 1740 e
1486 1673 1883 1741 dilectionem
1913 1680 2089 1741 tuam
2120 1695 2307 1761 quam
2335 1675 2558 1742 intime

1432 1811 1489 1855 m
1522 1789 1928 1858 Nurenberch
1973 1792 2090 1859 tibi
2137 1790 2501 1878 prefiximus
2520 1787 2556 1876 ¹,

1432 1928 1445 1971 ι
1501 1908 1802 1990 graveria
1895 1907 2072 1986 Quod
2130 1909 2185 1974 si
2239 1907 2376 1974 fieri
2430 1927 2556 1974 non

1454 2024 1696 2090 curiam
1723 2022 2196 2091 Frankenevort
2222 2018 2558 2091 indictam²

222 2138 551 2206 nobiscum
595 2140 889 2207 celebres,
968 2141 1193 2207 Cetera
1235 2141 1510 2207 nuntius,

232 2352 316 2421 11
336 2352 402 2421 1.
447 2354 785 2421 Fuldenses
827 2356 1109 2422 Wibaldo
1168 2357 1568 2444 respondent,
1626 2380 1692 2421 se
1749 2357 1850 2421 die
1893 2358 1961 2421 in
2007 2358 2134 2422 eius
2178 2358 2390 2422 litteris
2432 2367 2558 2422 sta-

444 2481 572 2536 tuto
619 2473 708 2536 ad
750 2495 887 2536 eum
934 2494 1282 2537 accessuros
1326 2496 1469 2537 esse.
2280 2469 2387 2552 (Μ.
2423 2471 2556 2554 94.)

400 2601 740 2687 W(ibaldo)
800 2604 1143 2673 venerabili
1191 2605 1584 2673 Corbeiensis
1641 2604 1977 2674 aecclesiae
2035 2605 2246 2673 abbati
2300 2604 2557 2692 congre-'-
2597 2612 2736 2670 1148

221 2721 391 2805 gatio
435 2719 768 2788 Fuldensis
815 2721 1109 2789 devotum
1154 2743 1380 2789 munus
1428 2724 1730 2790 orationis
1776 2727 1839 2790 et
1884 2722 2251 2790 dilectionis,

398 2835 577 2904 Licet
621 2838 793 2905 mille
838 2840 1151 2927 pressuris
1201 2844 1264 2906 et
1305 2840 1718 2906 incommodis
1762 2840 1831 2906 in
1877 2839 2137 2905 articulo
2181 2840 2366 2906 huius
2398 2845 2556 2906 tem-

221 2954 396 3040 poris
441 2954 637 3020 simus
684 2958 1103 3042 conquassati,
1148 2957 1502 3024 litterarum
1547 2962 1760 3022 tamen
1805 2961 2155 3023 vestrarum
2199 2957 2557 3024 visitatione

222 3069 562 3157 plurimum
609 3092 825 3139 sumus
872 3073 1210 3156 consolati3
1267 3073 1433 3139 unde
1480 3093 1557 3139 ex
1601 3073 1848 3158 integro
1894 3073 2098 3139 cordis
2146 3072 2369 3139 affectu
2413 3094 2556 3157 gra-

221 3186 344 3253 tias
392 3188 636 3273 agimus
681 3190 877 3256 vobis.
948 3190 1256 3277 Tempore
1297 3190 1464 3257 enim
1504 3189 1735 3257 litteris
1766 3190 1990 3256 vestris
2018 3190 2201 3257 nobis
2231 3189 2556 3274 designato

222 3302 444 3370 libenti
489 3305 700 3371 animo
745 3306 922 3374 vobis
969 3325 1294 3373 occurrere
1344 3327 1558 3373 sumus
1603 3306 1843 3393 parati3
1892 3311 1955 3373 et
1992 3328 2029 3373 a
2057 3306 2191 3372 Deo
2222 3306 2397 3373 vobis
2427 3311 2556 3373 tra-

224 3419 360 3485 dita
400 3421 755 3508 prudentia,
806 3422 1135 3490 consilium
1183 3428 1247 3490 et
1278 3423 1584 3489 auxilium
1618 3424 1952 3509 querendo,
1997 3423 2177 3490 nobis
2225 3424 2556 3491 subvenire

227 3555 352 3602 non
382 3536 821 3622 dedignemini.
890 3540 1020 3607 Nos
1052 3540 1283 3608 etenim
1315 3560 1556 3626 queque
1587 3546 1855 3628 paterna
1882 3540 1959 3607 de
1989 3540 2318 3607 sanctitate
2349 3546 2559 3607 vestra

227 3673 564 3739 speramus.

240 3863 402 3934 112.
446 3870 853 3936 Bernhardus
898 3873 1218 3959 episcopus
1265 3872 1789 3938 Paderbomensis
1829 3870 2178 3937 Wibaldum
2222 3882 2432 3958 royac,
2487 3883 2559 3937 ut

444 3987 766 4052 Corbeiam
808 3990 1053 4053 rediens
1099 3989 1275 4075 apud
1313 4010 1378 4051 se
1424 3988 1790 4054 devertatur.
2277 3985 2385 4068 (Μ.
2420 3985 2553 4068 95.)

398 4116 849 4203 B(ernhardus)
898 4120 1111 4186 divina
1153 4120 1548 4207 providentia
1585 4119 2224 4187 Patherburnensium
2268 4121 2554 4208 provisor
2593 4129 2731 4186 1148

232 4232 472 4302 humilis
541 4235 768 4304 dilecto
835 4237 904 4303 in
959 4235 1207 4303 Christo
1273 4237 1456 4304 fratri
1502 4236 1840 4319 W(ibaldo)
1901 4235 2261 4303 Corbeiensi
2319 4236 2549 4321 abbati,

234 4350 475 4437 orando,
523 4353 849 4419 serviendo
897 4353 1190 4439 quicquid
1238 4354 1541 4438 devotius,
1589 4353 1887 4440 quicquid
1929 4357 2139 4439 potest
2183 4351 2444 4419 fidelius,

369 4489 417 4546 1.
461 4491 498 4546 i.
524 4506 572 4547 e.
608 4491 699 4548 die
737 4494 766 4548 1
805 4492 957 4564 Sept.
993 4492 1108 4548 vid.
1145 4508 1233 4563 ep.
1261 4494 1363 4549 106
1400 4510 1567 4564 supra
1602 4510 1657 4564 p.
1687 4494 1805 4550 183.
1950 4494 2004 4549 2.
2052 4492 2110 4547 in
2146 4491 2291 4549 diem
2326 4494 2362 4548 8
2397 4491 2551 4563 Sept.

237 4574 359 4634 vide
389 4579 607 4637 ibidem.
