<?xml version="1.0" encoding="UTF-8"?>
<!DOCTYPE html PUBLIC "-//W3C//DTD XHTML 1.0 Transitional//EN"
    "http://www.w3.org/TR/xhtml1/DTD/xhtml1-transitional.dtd">
<html xmlns="http://www.w3.org/1999/xhtml" xml:lang="en" lang="en">
 <head>
  <title>
</title>
<meta http-equiv="Content-Type" content="text/html;charset=utf-8" />
  <meta name='ocr-system' content='tesseract 3.04.00' />
  <meta name='ocr-capabilities' content='ocr_page ocr_carea ocr_par ocr_line ocrx_word'/>
</head>
<body>
  <div class='ocr_page' id='page_1' title='image "./monumentacorbei00corvgoog_0592.png"; bbox 0 0 3319 5242; ppageno 0'>
   <div class='ocr_carea' id='block_1_1' title="bbox 681 346 2357 412">
    <p class='ocr_par' dir='ltr' id='par_1_1' title="bbox 681 346 2357 412">
     <span class='ocr_line' id='line_1_1' title="bbox 681 346 2357 412; baseline -0.005 0"><span class='ocrx_word' id='word_1_1' title='bbox 681 346 813 412; x_wconf 79' lang='lat'>582</span> <span class='ocrx_word' id='word_1_2' title='bbox 1351 362 1651 410; x_wconf 72' lang='lat' dir='ltr'>wmALm</span> <span class='ocrx_word' id='word_1_3' title='bbox 1693 360 2070 410; x_wconf 69' lang='lat' dir='ltr'>nmsronffl</span> <span class='ocrx_word' id='word_1_4' title='bbox 2109 358 2219 406; x_wconf 78' lang='lat'>449.</span> <span class='ocrx_word' id='word_1_5' title='bbox 2251 360 2357 405; x_wconf 82' lang='lat'>450.</span> 
     </span>
    </p>
   </div>
   <div class='ocr_carea' id='block_1_2' title="bbox 504 501 3025 1290">
    <p class='ocr_par' dir='ltr' id='par_1_2' title="bbox 504 501 3022 573">
     <span class='ocr_line' id='line_1_2' title="bbox 504 501 3022 573; baseline 0.001 -6"><span class='ocrx_word' id='word_1_6' title='bbox 504 512 644 567; x_wconf 84' lang='lat'>1156</span> <span class='ocrx_word' id='word_1_7' title='bbox 678 510 840 573; x_wconf 87' lang='lat' dir='ltr'>rent.</span> <span class='ocrx_word' id='word_1_8' title='bbox 919 503 1285 572; x_wconf 87' lang='lat' dir='ltr'>Provisores</span> <span class='ocrx_word' id='word_1_9' title='bbox 1332 525 1481 570; x_wconf 89' lang='lat' dir='ltr'>vero</span> <span class='ocrx_word' id='word_1_10' title='bbox 1530 502 1868 570; x_wconf 77' lang='lat' dir='ltr'>aecclesiae</span> <span class='ocrx_word' id='word_1_11' title='bbox 1911 503 2032 570; x_wconf 89' lang='lat' dir='ltr'>hac</span> <span class='ocrx_word' id='word_1_12' title='bbox 2076 501 2154 569; x_wconf 88' lang='lat' dir='ltr'>de</span> <span class='ocrx_word' id='word_1_13' title='bbox 2199 521 2391 568; x_wconf 87' lang='lat' dir='ltr'>causa</span> <span class='ocrx_word' id='word_1_14' title='bbox 2436 502 2514 570; x_wconf 92' lang='lat' dir='ltr'>ab</span> <span class='ocrx_word' id='word_1_15' title='bbox 2561 503 2738 569; x_wconf 90' lang='lat' dir='ltr'>omni</span> <span class='ocrx_word' id='word_1_16' title='bbox 2781 503 3022 569; x_wconf 81' lang='lat' dir='ltr'>usuaria</span> 
     </span>
    </p>

    <p class='ocr_par' dir='ltr' id='par_1_3' title="bbox 506 584 3025 1290">
     <span class='ocr_line' id='line_1_3' title="bbox 506 584 3023 706; baseline -0.001 -17"><span class='ocrx_word' id='word_1_17' title='bbox 506 584 642 640; x_wconf 80' lang='lat'>1157</span> <span class='ocrx_word' id='word_1_18' title='bbox 681 621 955 689; x_wconf 86' lang='lat' dir='ltr'>utilitate</span> <span class='ocrx_word' id='word_1_19' title='bbox 1001 621 1338 688; x_wconf 78' lang='lat' dir='ltr'>aecclesiae</span> <span class='ocrx_word' id='word_1_20' title='bbox 1384 621 1762 706; x_wconf 87' lang='lat' dir='ltr'>sequestrati</span> <span class='ocrx_word' id='word_1_21' title='bbox 1808 624 1972 685; x_wconf 91' lang='lat' dir='ltr'>sunt.</span> <span class='ocrx_word' id='word_1_22' title='bbox 2032 617 2249 702; x_wconf 79' lang='lat' dir='ltr'>Liberi</span> <span class='ocrx_word' id='word_1_23' title='bbox 2293 618 2578 686; x_wconf 89' lang='lat' dir='ltr'>homines</span> <span class='ocrx_word' id='word_1_24' title='bbox 2618 620 2699 686; x_wconf 91' lang='lat' dir='ltr'>de</span> <span class='ocrx_word' id='word_1_25' title='bbox 2730 620 3023 704; x_wconf 83' lang='lat' dir='ltr'>Kadingis</span> 
     </span>
     <span class='ocr_line' id='line_1_4' title="bbox 681 735 3025 825; baseline -0 -21"><span class='ocrx_word' id='word_1_26' title='bbox 681 739 991 822; x_wconf 85' lang='lat' dir='ltr'>fatentur,</span> <span class='ocrx_word' id='word_1_27' title='bbox 1048 739 1187 804; x_wconf 92' lang='lat' dir='ltr'>iure</span> <span class='ocrx_word' id='word_1_28' title='bbox 1241 739 1559 825; x_wconf 90' lang='lat' dir='ltr'>pertinere</span> <span class='ocrx_word' id='word_1_29' title='bbox 1604 737 2026 803; x_wconf 88' lang='lat' dir='ltr'>centuriatum</span> <span class='ocrx_word' id='word_1_30' title='bbox 2071 735 2147 802; x_wconf 98' lang='lat' dir='ltr'>de</span> <span class='ocrx_word' id='word_1_31' title='bbox 2192 740 2366 802; x_wconf 87' lang='lat' dir='ltr'>terra</span> <span class='ocrx_word' id='word_1_32' title='bbox 2407 736 2522 803; x_wconf 88' lang='lat' dir='ltr'>illa</span> <span class='ocrx_word' id='word_1_33' title='bbox 2565 740 2824 803; x_wconf 84' lang='lat' dir='ltr'>sanctae</span> <span class='ocrx_word' id='word_1_34' title='bbox 2866 736 3025 803; x_wconf 84' lang='lat' dir='ltr'>Mar·</span> 
     </span>
     <span class='ocr_line' id='line_1_5' title="bbox 683 851 3024 941; baseline -0.002 -19"><span class='ocrx_word' id='word_1_35' title='bbox 683 859 955 939; x_wconf 86' lang='lat' dir='ltr'>garetae,</span> <span class='ocrx_word' id='word_1_36' title='bbox 1003 855 1283 941; x_wconf 82' lang='lat' dir='ltr'>exceptis</span> <span class='ocrx_word' id='word_1_37' title='bbox 1326 855 1447 938; x_wconf 85' lang='lat' dir='ltr'>his,</span> <span class='ocrx_word' id='word_1_38' title='bbox 1495 874 1656 940; x_wconf 87' lang='lat' dir='ltr'>quae</span> <span class='ocrx_word' id='word_1_39' title='bbox 1688 851 1886 934; x_wconf 79' lang='lat' dir='ltr'>vobiS,</span> <span class='ocrx_word' id='word_1_40' title='bbox 1935 851 2209 935; x_wconf 83' lang='lat' dir='ltr'>domine,</span> <span class='ocrx_word' id='word_1_41' title='bbox 2255 852 2538 938; x_wconf 85' lang='lat' dir='ltr'>exposui.</span> <span class='ocrx_word' id='word_1_42' title='bbox 2609 851 2825 918; x_wconf 88' lang='lat' dir='ltr'>Nichil</span> <span class='ocrx_word' id='word_1_43' title='bbox 2868 852 3024 918; x_wconf 88' lang='lat' dir='ltr'>aliud</span> 
     </span>
     <span class='ocr_line' id='line_1_6' title="bbox 683 969 3023 1055; baseline -0.001 -19"><span class='ocrx_word' id='word_1_44' title='bbox 683 971 752 1037; x_wconf 93' lang='lat' dir='ltr'>in</span> <span class='ocrx_word' id='word_1_45' title='bbox 780 970 1164 1037; x_wconf 84' lang='lat' dir='ltr'>villicatione</span> <span class='ocrx_word' id='word_1_46' title='bbox 1198 990 1344 1037; x_wconf 88' lang='lat' dir='ltr'>mea</span> <span class='ocrx_word' id='word_1_47' title='bbox 1370 970 1623 1053; x_wconf 87' lang='lat' dir='ltr'>retinui,</span> <span class='ocrx_word' id='word_1_48' title='bbox 1670 969 1796 1035; x_wconf 91' lang='lat' dir='ltr'>nisi</span> <span class='ocrx_word' id='word_1_49' title='bbox 1825 972 2074 1034; x_wconf 79' lang='lat' dir='ltr'>tantum</span> <span class='ocrx_word' id='word_1_50' title='bbox 2111 970 2191 1033; x_wconf 83' lang='lat'>12</span> <span class='ocrx_word' id='word_1_51' title='bbox 2223 988 2559 1035; x_wconf 84' lang='lat' dir='ltr'>mansuum</span> <span class='ocrx_word' id='word_1_52' title='bbox 2587 969 3023 1055; x_wconf 85' lang='lat' dir='ltr'>provisionem.</span> 
     </span>
     <span class='ocr_line' id='line_1_7' title="bbox 684 1083 3024 1174; baseline -0.001 -21"><span class='ocrx_word' id='word_1_53' title='bbox 684 1087 916 1154; x_wconf 90' lang='lat' dir='ltr'>Thiezo</span> <span class='ocrx_word' id='word_1_54' title='bbox 962 1108 1156 1174; x_wconf 86' lang='lat' dir='ltr'>supra</span> <span class='ocrx_word' id='word_1_55' title='bbox 1200 1087 1404 1153; x_wconf 91' lang='lat' dir='ltr'>dictus</span> <span class='ocrx_word' id='word_1_56' title='bbox 1449 1089 1495 1151; x_wconf 89' lang='lat'>4</span> <span class='ocrx_word' id='word_1_57' title='bbox 1524 1086 1842 1171; x_wconf 90' lang='lat' dir='ltr'>mancipia</span> <span class='ocrx_word' id='word_1_58' title='bbox 1886 1083 2096 1167; x_wconf 86' lang='lat' dir='ltr'>habet,</span> <span class='ocrx_word' id='word_1_59' title='bbox 2145 1084 2252 1170; x_wconf 91' lang='lat' dir='ltr'>qui</span> <span class='ocrx_word' id='word_1_60' title='bbox 2298 1085 2436 1151; x_wconf 91' lang='lat' dir='ltr'>iure</span> <span class='ocrx_word' id='word_1_61' title='bbox 2480 1084 2559 1151; x_wconf 88' lang='lat' dir='ltr'>ad</span> <span class='ocrx_word' id='word_1_62' title='bbox 2589 1084 3024 1152; x_wconf 82' lang='lat' dir='ltr'>villicationem</span> 
     </span>
     <span class='ocr_line' id='line_1_8' title="bbox 683 1200 2314 1290; baseline -0.002 -20"><span class='ocrx_word' id='word_1_63' title='bbox 683 1223 892 1270; x_wconf 87' lang='lat' dir='ltr'>meam</span> <span class='ocrx_word' id='word_1_64' title='bbox 935 1204 1276 1290; x_wconf 81' lang='lat' dir='ltr'>pertinent.</span> <span class='ocrx_word' id='word_1_65' title='bbox 1366 1202 1504 1287; x_wconf 86' lang='lat' dir='ltr'>Ego</span> <span class='ocrx_word' id='word_1_66' title='bbox 1548 1201 1883 1286; x_wconf 86' lang='lat' dir='ltr'>Etelgerus</span> <span class='ocrx_word' id='word_1_67' title='bbox 1928 1200 2107 1268; x_wconf 87' lang='lat' dir='ltr'>vobis</span> <span class='ocrx_word' id='word_1_68' title='bbox 2153 1201 2314 1267; x_wconf 89' lang='lat' dir='ltr'>dico.</span> 
     </span>
    </p>
   </div>
   <div class='ocr_carea' id='block_1_3' title="bbox 1644 1337 2070 1348">
    <p class='ocr_par' dir='ltr' id='par_1_4' title="bbox 1644 1337 2070 1348">
     <span class='ocr_line' id='line_1_9' title="bbox 1644 1337 2070 1348; baseline 0 3894"><span class='ocrx_word' id='word_1_69' title='bbox 1644 1337 2070 1348; x_wconf 95' lang='lat' dir='ltr'> </span> 
     </span>
    </p>
   </div>
   <div class='ocr_carea' id='block_1_4' title="bbox 474 1415 3045 4314">
    <p class='ocr_par' dir='ltr' id='par_1_5' title="bbox 684 1415 3023 1504">
     <span class='ocr_line' id='line_1_10' title="bbox 684 1415 3023 1504; baseline -0.002 -19"><span class='ocrx_word' id='word_1_70' title='bbox 684 1415 866 1487; x_wconf 84' lang='lat'>450.</span> <span class='ocrx_word' id='word_1_71' title='bbox 901 1417 1338 1483; x_wconf 74' lang='lat' dir='ltr'>Wichmannus</span> <span class='ocrx_word' id='word_1_72' title='bbox 1384 1417 1882 1504; x_wconf 64' lang='lat' dir='ltr'>archiepiscopus</span> <span class='ocrx_word' id='word_1_73' title='bbox 1910 1416 2464 1502; x_wconf 74' lang='lat' dir='ltr'>Maydeburyensis</span> <span class='ocrx_word' id='word_1_74' title='bbox 2494 1416 2782 1482; x_wconf 80' lang='lat' dir='ltr'>Wibaldo</span> <span class='ocrx_word' id='word_1_75' title='bbox 2810 1418 3023 1495; x_wconf 70' lang='lat' dir='ltr'>scribit,</span> 
     </span>
    </p>

    <p class='ocr_par' dir='ltr' id='par_1_6' title="bbox 792 1531 3027 1621">
     <span class='ocr_line' id='line_1_11' title="bbox 792 1531 3027 1621; baseline -0.001 -23"><span class='ocrx_word' id='word_1_76' title='bbox 792 1586 819 1605; x_wconf 68' lang='grc'>.,</span> <span class='ocrx_word' id='word_1_77' title='bbox 905 1533 1237 1621; x_wconf 72' lang='lat' dir='ltr'>Philippus</span> <span class='ocrx_word' id='word_1_78' title='bbox 1268 1557 1362 1620; x_wconf 88' lang='lat' dir='ltr'>ep.</span> <span class='ocrx_word' id='word_1_79' title='bbox 1390 1532 1879 1619; x_wconf 73' lang='lat' dir='ltr'>Omabruqensis</span> <span class='ocrx_word' id='word_1_80' title='bbox 1910 1531 2066 1619; x_wconf 78' lang='lat' dir='ltr'>quid</span> <span class='ocrx_word' id='word_1_81' title='bbox 2091 1533 2209 1599; x_wconf 76' lang='lat' dir='ltr'>sibi</span> <span class='ocrx_word' id='word_1_82' title='bbox 2235 1532 2658 1618; x_wconf 57' lang='lat' dir='ltr'>respondet-135</span> <span class='ocrx_word' id='word_1_83' title='bbox 2699 1555 2887 1619; x_wconf 72' lang='lat' dir='ltr'>seque</span> <span class='ocrx_word' id='word_1_84' title='bbox 2915 1532 3027 1596; x_wconf 71' lang='lat' dir='ltr'>ool-</span> 
     </span>
    </p>

    <p class='ocr_par' dir='ltr' id='par_1_7' title="bbox 906 1645 3029 1737">
     <span class='ocr_line' id='line_1_12' title="bbox 906 1645 3029 1737; baseline -0.001 -24"><span class='ocrx_word' id='word_1_85' title='bbox 906 1651 1181 1737; x_wconf 76' lang='lat' dir='ltr'>loquium</span> <span class='ocrx_word' id='word_1_86' title='bbox 1211 1649 1717 1735; x_wconf 75' lang='lat' dir='ltr'>Merseburyeme</span> <span class='ocrx_word' id='word_1_87' title='bbox 1747 1649 1849 1713; x_wconf 81' lang='lat' dir='ltr'>die</span> <span class='ocrx_word' id='word_1_88' title='bbox 1876 1658 2100 1713; x_wconf 75' lang='lat' dir='ltr'>statuto</span> <span class='ocrx_word' id='word_1_89' title='bbox 2131 1647 2487 1713; x_wconf 72' lang='lat' dir='ltr'>habiturum</span> <span class='ocrx_word' id='word_1_90' title='bbox 2520 1672 2665 1712; x_wconf 77' lang='lat' dir='ltr'>esse.</span> <span class='ocrx_word' id='word_1_91' title='bbox 2737 1645 3029 1725; x_wconf 71' lang='lat' dir='ltr'>(M416.)</span> 
     </span>
    </p>

    <p class='ocr_par' dir='ltr' id='par_1_8' title="bbox 491 1779 3029 1865">
     <span class='ocr_line' id='line_1_13' title="bbox 491 1779 3029 1865; baseline -0.004 -10"><span class='ocrx_word' id='word_1_92' title='bbox 491 1800 630 1855; x_wconf 83' lang='lat'>1157</span> <span class='ocrx_word' id='word_1_93' title='bbox 862 1780 1364 1863; x_wconf 87' lang='lat' dir='ltr'>W(ichmannus)</span> <span class='ocrx_word' id='word_1_94' title='bbox 1410 1779 1533 1847; x_wconf 91' lang='lat' dir='ltr'>Dei</span> <span class='ocrx_word' id='word_1_95' title='bbox 1577 1781 1786 1864; x_wconf 84' lang='lat' dir='ltr'>gratia</span> <span class='ocrx_word' id='word_1_96' title='bbox 1828 1780 1914 1863; x_wconf 91' lang='lat' dir='ltr'>id,</span> <span class='ocrx_word' id='word_1_97' title='bbox 1969 1779 2136 1865; x_wconf 92' lang='lat' dir='ltr'>quod</span> <span class='ocrx_word' id='word_1_98' title='bbox 2182 1784 2280 1846; x_wconf 89' lang='lat' dir='ltr'>est</span> <span class='ocrx_word' id='word_1_99' title='bbox 2321 1779 2389 1845; x_wconf 91' lang='lat' dir='ltr'>in</span> <span class='ocrx_word' id='word_1_100' title='bbox 2437 1779 2746 1847; x_wconf 86' lang='lat' dir='ltr'>aecclesia</span> <span class='ocrx_word' id='word_1_101' title='bbox 2787 1779 3029 1864; x_wconf 84' lang='lat' dir='ltr'>Magde·</span> 
     </span>
    </p>

    <p class='ocr_par' dir='ltr' id='par_1_9' title="bbox 474 1873 3030 2098">
     <span class='ocr_line' id='line_1_14' title="bbox 474 1873 3030 1983; baseline -0.002 -16"><span class='ocrx_word' id='word_1_102' title='bbox 474 1873 568 1921; x_wconf 76' lang='lat'><strong>¹⁸¹¹·</strong></span> <span class='ocrx_word' id='word_1_103' title='bbox 588 1875 654 1921; x_wconf 66' lang='lat'>³¹³·</span> <span class='ocrx_word' id='word_1_104' title='bbox 686 1899 1005 1983; x_wconf 82' lang='lat' dir='ltr'>burgensi,</span> <span class='ocrx_word' id='word_1_105' title='bbox 1040 1897 1267 1965; x_wconf 75' lang='lat' dir='ltr'>diiecto</span> <span class='ocrx_word' id='word_1_106' title='bbox 1299 1898 1367 1963; x_wconf 77' lang='lat' dir='ltr'>in</span> <span class='ocrx_word' id='word_1_107' title='bbox 1398 1895 1649 1963; x_wconf 76' lang='lat' dir='ltr'>christo</span> <span class='ocrx_word' id='word_1_108' title='bbox 1679 1896 1864 1962; x_wconf 77' lang='lat' dir='ltr'>fratri</span> <span class='ocrx_word' id='word_1_109' title='bbox 1892 1895 2234 1979; x_wconf 73' lang='lat' dir='ltr'>wfibaldo)</span> <span class='ocrx_word' id='word_1_110' title='bbox 2266 1896 2613 1963; x_wconf 74' lang='lat' dir='ltr'>venerabili</span> <span class='ocrx_word' id='word_1_111' title='bbox 2644 1895 3030 1963; x_wconf 75' lang='lat' dir='ltr'>Corbeiensi·</span> 
     </span>
     <span class='ocr_line' id='line_1_15' title="bbox 691 2011 2755 2098; baseline -0.001 -17"><span class='ocrx_word' id='word_1_112' title='bbox 691 2015 904 2083; x_wconf 84' lang='lat' dir='ltr'>abbati</span> <span class='ocrx_word' id='word_1_113' title='bbox 949 2014 1251 2081; x_wconf 89' lang='lat' dir='ltr'>orationis</span> <span class='ocrx_word' id='word_1_114' title='bbox 1299 2018 1486 2098; x_wconf 86' lang='lat' dir='ltr'>atque</span> <span class='ocrx_word' id='word_1_115' title='bbox 1533 2013 1784 2079; x_wconf 86' lang='lat' dir='ltr'>servicii</span> <span class='ocrx_word' id='word_1_116' title='bbox 1830 2011 2235 2079; x_wconf 85' lang='lat' dir='ltr'>affectuosam</span> <span class='ocrx_word' id='word_1_117' title='bbox 2281 2012 2755 2079; x_wconf 86' lang='lat' dir='ltr'>exhibitionem.</span> 
     </span>
    </p>

    <p class='ocr_par' dir='ltr' id='par_1_10' title="bbox 686 2129 3045 4314">
     <span class='ocr_line' id='line_1_16' title="bbox 870 2129 3028 2218; baseline -0 -21"><span class='ocrx_word' id='word_1_118' title='bbox 870 2130 1075 2218; x_wconf 89' lang='lat' dir='ltr'>Super</span> <span class='ocrx_word' id='word_1_119' title='bbox 1109 2130 1358 2214; x_wconf 85' lang='lat' dir='ltr'>negotio</span> <span class='ocrx_word' id='word_1_120' title='bbox 1389 2134 1599 2196; x_wconf 88' lang='lat' dir='ltr'>vestro</span> <span class='ocrx_word' id='word_1_121' title='bbox 1630 2129 1783 2215; x_wconf 90' lang='lat' dir='ltr'>quid</span> <span class='ocrx_word' id='word_1_122' title='bbox 1813 2129 1994 2196; x_wconf 91' lang='lat' dir='ltr'>nobis</span> <span class='ocrx_word' id='word_1_123' title='bbox 2026 2130 2064 2196; x_wconf 77' lang='lat' dir='ltr'>a</span> <span class='ocrx_word' id='word_1_124' title='bbox 2095 2129 2323 2196; x_wconf 93' lang='lat' dir='ltr'>domno</span> <span class='ocrx_word' id='word_1_125' title='bbox 2351 2148 2524 2216; x_wconf 87' lang='lat' dir='ltr'>papa</span> <span class='ocrx_word' id='word_1_126' title='bbox 2552 2129 2638 2195; x_wconf 91' lang='lat' dir='ltr'>sit</span> <span class='ocrx_word' id='word_1_127' title='bbox 2665 2130 3028 2212; x_wconf 89' lang='lat' dir='ltr'>iniunctum,</span> 
     </span>
     <span class='ocr_line' id='line_1_17' title="bbox 688 2241 3032 2331; baseline -0.002 -16"><span class='ocrx_word' id='word_1_128' title='bbox 688 2249 918 2316; x_wconf 92' lang='lat' dir='ltr'>domno</span> <span class='ocrx_word' id='word_1_129' title='bbox 942 2246 1451 2331; x_wconf 83' lang='lat' dir='ltr'>Osenbruggensi</span> <span class='ocrx_word' id='word_1_130' title='bbox 1474 2244 1968 2329; x_wconf 81' lang='lat' dir='ltr'>significavimus</span> <span class='ocrx_word' id='word_1_131' title='bbox 1987 2241 2021 2311; x_wconf 87' lang='lat'>¹.</span> <span class='ocrx_word' id='word_1_132' title='bbox 2065 2244 2306 2312; x_wconf 89' lang='lat' dir='ltr'>Locum</span> <span class='ocrx_word' id='word_1_133' title='bbox 2329 2246 2387 2312; x_wconf 92' lang='lat' dir='ltr'>ei</span> <span class='ocrx_word' id='word_1_134' title='bbox 2408 2245 2477 2311; x_wconf 92' lang='lat' dir='ltr'>in</span> <span class='ocrx_word' id='word_1_135' title='bbox 2499 2243 2852 2330; x_wconf 82' lang='lat' dir='ltr'>Mersburg,</span> <span class='ocrx_word' id='word_1_136' title='bbox 2878 2247 3032 2313; x_wconf 89' lang='lat' dir='ltr'>diem</span> 
     </span>
     <span class='ocr_line' id='line_1_18' title="bbox 691 2360 3034 2452; baseline -0.001 -21"><span class='ocrx_word' id='word_1_137' title='bbox 691 2384 937 2452; x_wconf 86' lang='lat' dir='ltr'>quoque</span> <span class='ocrx_word' id='word_1_138' title='bbox 990 2364 1071 2429; x_wconf 88' lang='lat'>10</span> <span class='ocrx_word' id='word_1_139' title='bbox 1101 2362 1416 2429; x_wconf 86' lang='lat' dir='ltr'>Kalendas</span> <span class='ocrx_word' id='word_1_140' title='bbox 1461 2360 1794 2428; x_wconf 89' lang='lat' dir='ltr'>Februarii</span> <span class='ocrx_word' id='word_1_141' title='bbox 1839 2361 2292 2429; x_wconf 81' lang='lat' dir='ltr'>denotavimus.</span> <span class='ocrx_word' id='word_1_142' title='bbox 2369 2361 2629 2427; x_wconf 91' lang='lat' dir='ltr'>Nullum</span> <span class='ocrx_word' id='word_1_143' title='bbox 2673 2382 2828 2428; x_wconf 89' lang='lat' dir='ltr'>vero</span> <span class='ocrx_word' id='word_1_144' title='bbox 2875 2362 3034 2428; x_wconf 83' lang='lat' dir='ltr'>aliud</span> 
     </span>
     <span class='ocr_line' id='line_1_19' title="bbox 688 2477 3035 2568; baseline -0.002 -21"><span class='ocrx_word' id='word_1_145' title='bbox 688 2499 1063 2568; x_wconf 83' lang='lat' dir='ltr'>responsum</span> <span class='ocrx_word' id='word_1_146' title='bbox 1109 2480 1188 2545; x_wconf 90' lang='lat' dir='ltr'>ab</span> <span class='ocrx_word' id='word_1_147' title='bbox 1232 2480 1372 2565; x_wconf 89' lang='lat' dir='ltr'>ipso</span> <span class='ocrx_word' id='word_1_148' title='bbox 1419 2477 1622 2544; x_wconf 87' lang='lat' dir='ltr'>adhuc</span> <span class='ocrx_word' id='word_1_149' title='bbox 1668 2478 2046 2564; x_wconf 90' lang='lat' dir='ltr'>accepimus,</span> <span class='ocrx_word' id='word_1_150' title='bbox 2091 2482 2306 2564; x_wconf 87' lang='lat' dir='ltr'>preter</span> <span class='ocrx_word' id='word_1_151' title='bbox 2339 2477 2527 2564; x_wconf 92' lang='lat' dir='ltr'>quod,</span> <span class='ocrx_word' id='word_1_152' title='bbox 2573 2478 2799 2545; x_wconf 88' lang='lat' dir='ltr'>nuntio</span> <span class='ocrx_word' id='word_1_153' title='bbox 2828 2484 3035 2545; x_wconf 69' lang='lat' dir='ltr'>norm-o</span> 
     </span>
     <span class='ocr_line' id='line_1_20' title="bbox 691 2593 3038 2683; baseline -0.001 -18"><span class='ocrx_word' id='word_1_154' title='bbox 691 2601 1033 2665; x_wconf 87' lang='lat' dir='ltr'>attestante</span> <span class='ocrx_word' id='word_1_155' title='bbox 1047 2646 1065 2681; x_wconf 90' lang='lat'>,</span> <span class='ocrx_word' id='word_1_156' title='bbox 1119 2594 1357 2662; x_wconf 88' lang='lat' dir='ltr'>aicbat:</span> <span class='ocrx_word' id='word_1_157' title='bbox 1405 2614 1472 2662; x_wconf 90' lang='lat' dir='ltr'>se</span> <span class='ocrx_word' id='word_1_158' title='bbox 1514 2595 1727 2682; x_wconf 90' lang='lat' dir='ltr'>potius</span> <span class='ocrx_word' id='word_1_159' title='bbox 1773 2593 1934 2661; x_wconf 88' lang='lat' dir='ltr'>velle</span> <span class='ocrx_word' id='word_1_160' title='bbox 1981 2595 2411 2683; x_wconf 90' lang='lat' dir='ltr'>episcopatum</span> <span class='ocrx_word' id='word_1_161' title='bbox 2456 2594 2810 2679; x_wconf 87' lang='lat' dir='ltr'>dimittere,</span> <span class='ocrx_word' id='word_1_162' title='bbox 2857 2615 3038 2682; x_wconf 82' lang='lat' dir='ltr'>quam</span> 
     </span>
     <span class='ocr_line' id='line_1_21' title="bbox 691 2710 3038 2798; baseline -0.001 -16"><span class='ocrx_word' id='word_1_163' title='bbox 691 2714 968 2782; x_wconf 85' lang='lat' dir='ltr'>decimas</span> <span class='ocrx_word' id='word_1_164' title='bbox 998 2712 1161 2796; x_wconf 84' lang='lat' dir='ltr'>illas,</span> <span class='ocrx_word' id='word_1_165' title='bbox 1194 2732 1350 2798; x_wconf 87' lang='lat' dir='ltr'>quas</span> <span class='ocrx_word' id='word_1_166' title='bbox 1384 2711 1688 2778; x_wconf 88' lang='lat' dir='ltr'>aecclesia</span> <span class='ocrx_word' id='word_1_167' title='bbox 1717 2731 1834 2777; x_wconf 88' lang='lat' dir='ltr'>sua</span> <span class='ocrx_word' id='word_1_168' title='bbox 1862 2712 2195 2795; x_wconf 82' lang='lat' dir='ltr'>sexaginta</span> <span class='ocrx_word' id='word_1_169' title='bbox 2223 2716 2289 2778; x_wconf 91' lang='lat' dir='ltr'>et</span> <span class='ocrx_word' id='word_1_170' title='bbox 2318 2710 2587 2797; x_wconf 89' lang='lat' dir='ltr'>amplius</span> <span class='ocrx_word' id='word_1_171' title='bbox 2620 2713 2805 2779; x_wconf 87' lang='lat' dir='ltr'>annis</span> <span class='ocrx_word' id='word_1_172' title='bbox 2837 2714 3038 2798; x_wconf 84' lang='lat' dir='ltr'>quiete</span> 
     </span>
     <span class='ocr_line' id='line_1_22' title="bbox 686 2827 3038 2919; baseline -0.001 -20"><span class='ocrx_word' id='word_1_173' title='bbox 686 2830 1007 2919; x_wconf 87' lang='lat' dir='ltr'>possedit,</span> <span class='ocrx_word' id='word_1_174' title='bbox 1060 2829 1160 2896; x_wconf 89' lang='lat' dir='ltr'>sui</span> <span class='ocrx_word' id='word_1_175' title='bbox 1206 2829 1603 2916; x_wconf 87' lang='lat' dir='ltr'>episcopatus</span> <span class='ocrx_word' id='word_1_176' title='bbox 1634 2833 1936 2914; x_wconf 57' lang='lat' dir='ltr'>‘tempore</span> <span class='ocrx_word' id='word_1_177' title='bbox 1978 2828 2261 2914; x_wconf 88' lang='lat' dir='ltr'>perdere.</span> <span class='ocrx_word' id='word_1_178' title='bbox 2351 2827 2475 2894; x_wconf 89' lang='lat' dir='ltr'>Per</span> <span class='ocrx_word' id='word_1_179' title='bbox 2519 2827 2788 2895; x_wconf 91' lang='lat' dir='ltr'>eundem</span> <span class='ocrx_word' id='word_1_180' title='bbox 2835 2834 3038 2896; x_wconf 85' lang='lat' dir='ltr'>tamen</span> 
     </span>
     <span class='ocr_line' id='line_1_23' title="bbox 693 2944 3040 3031; baseline -0.001 -16"><span class='ocrx_word' id='word_1_181' title='bbox 693 2948 989 3015; x_wconf 89' lang='lat' dir='ltr'>nuntium</span> <span class='ocrx_word' id='word_1_182' title='bbox 1017 2945 1225 3013; x_wconf 88' lang='lat' dir='ltr'>verbis</span> <span class='ocrx_word' id='word_1_183' title='bbox 1273 2951 1337 3012; x_wconf 91' lang='lat' dir='ltr'>et</span> <span class='ocrx_word' id='word_1_184' title='bbox 1379 2965 1507 3011; x_wconf 94' lang='lat' dir='ltr'>non</span> <span class='ocrx_word' id='word_1_185' title='bbox 1539 2945 1775 3031; x_wconf 89' lang='lat' dir='ltr'>scripto</span> <span class='ocrx_word' id='word_1_186' title='bbox 1812 2944 2171 3011; x_wconf 86' lang='lat' dir='ltr'>mandavit:</span> <span class='ocrx_word' id='word_1_187' title='bbox 2219 2964 2287 3010; x_wconf 91' lang='lat' dir='ltr'>se</span> <span class='ocrx_word' id='word_1_188' title='bbox 2316 2944 2501 3012; x_wconf 90' lang='lat' dir='ltr'>nobis</span> <span class='ocrx_word' id='word_1_189' title='bbox 2535 2964 2809 3031; x_wconf 89' lang='lat' dir='ltr'>omnem,</span> <span class='ocrx_word' id='word_1_190' title='bbox 2859 2966 3040 3031; x_wconf 81' lang='lat' dir='ltr'>quam</span> 
     </span>
     <span class='ocr_line' id='line_1_24' title="bbox 696 3059 3042 3148; baseline -0.001 -16"><span class='ocrx_word' id='word_1_191' title='bbox 696 3065 944 3148; x_wconf 89' lang='lat' dir='ltr'>deceat,</span> <span class='ocrx_word' id='word_1_192' title='bbox 1000 3062 1422 3129; x_wconf 87' lang='lat' dir='ltr'>reverentiam</span> <span class='ocrx_word' id='word_1_193' title='bbox 1476 3061 1748 3129; x_wconf 86' lang='lat' dir='ltr'>libenter</span> <span class='ocrx_word' id='word_1_194' title='bbox 1805 3060 2134 3142; x_wconf 83' lang='lat' dir='ltr'>exhibere3</span> <span class='ocrx_word' id='word_1_195' title='bbox 2193 3077 2385 3146; x_wconf 87' lang='lat' dir='ltr'>super</span> <span class='ocrx_word' id='word_1_196' title='bbox 2434 3059 2553 3127; x_wconf 87' lang='lat' dir='ltr'>hoc</span> <span class='ocrx_word' id='word_1_197' title='bbox 2597 3067 2810 3128; x_wconf 87' lang='lat' dir='ltr'>autem</span> <span class='ocrx_word' id='word_1_198' title='bbox 2858 3063 3042 3129; x_wconf 86' lang='lat' dir='ltr'>verbo</span> 
     </span>
     <span class='ocr_line' id='line_1_25' title="bbox 696 3175 3042 3263; baseline -0.001 -15"><span class='ocrx_word' id='word_1_199' title='bbox 696 3181 891 3248; x_wconf 87' lang='lat' dir='ltr'>totius</span> <span class='ocrx_word' id='word_1_200' title='bbox 939 3178 1278 3247; x_wconf 86' lang='lat' dir='ltr'>aecclesiae</span> <span class='ocrx_word' id='word_1_201' title='bbox 1323 3198 1475 3244; x_wconf 90' lang='lat' dir='ltr'>suae</span> <span class='ocrx_word' id='word_1_202' title='bbox 1518 3183 1652 3245; x_wconf 84' lang='lat' dir='ltr'>tam</span> <span class='ocrx_word' id='word_1_203' title='bbox 1698 3177 1853 3244; x_wconf 89' lang='lat' dir='ltr'>cleri</span> <span class='ocrx_word' id='word_1_204' title='bbox 1898 3197 2088 3263; x_wconf 89' lang='lat' dir='ltr'>quam</span> <span class='ocrx_word' id='word_1_205' title='bbox 2130 3175 2351 3263; x_wconf 90' lang='lat' dir='ltr'>populi</span> <span class='ocrx_word' id='word_1_206' title='bbox 2395 3176 2728 3243; x_wconf 89' lang='lat' dir='ltr'>consilium</span> <span class='ocrx_word' id='word_1_207' title='bbox 2774 3198 2846 3245; x_wconf 91' lang='lat' dir='ltr'>se</span> <span class='ocrx_word' id='word_1_208' title='bbox 2891 3177 3042 3245; x_wconf 84' lang='lat' dir='ltr'>velle</span> 
     </span>
     <span class='ocr_line' id='line_1_26' title="bbox 697 3292 3044 3383; baseline -0 -20"><span class='ocrx_word' id='word_1_209' title='bbox 697 3297 948 3380; x_wconf 84' lang='lat' dir='ltr'>habere,</span> <span class='ocrx_word' id='word_1_210' title='bbox 993 3297 1326 3383; x_wconf 86' lang='lat' dir='ltr'>ipsumque</span> <span class='ocrx_word' id='word_1_211' title='bbox 1372 3293 1707 3361; x_wconf 88' lang='lat' dir='ltr'>consilium</span> <span class='ocrx_word' id='word_1_212' title='bbox 1732 3315 1849 3381; x_wconf 89' lang='lat' dir='ltr'>per</span> <span class='ocrx_word' id='word_1_213' title='bbox 1878 3292 2172 3360; x_wconf 89' lang='lat' dir='ltr'>honestas</span> <span class='ocrx_word' id='word_1_214' title='bbox 2204 3298 2268 3359; x_wconf 89' lang='lat' dir='ltr'>et</span> <span class='ocrx_word' id='word_1_215' title='bbox 2294 3293 2566 3359; x_wconf 88' lang='lat' dir='ltr'>maiores</span> <span class='ocrx_word' id='word_1_216' title='bbox 2591 3294 2884 3361; x_wconf 88' lang='lat' dir='ltr'>eiusdem</span> <span class='ocrx_word' id='word_1_217' title='bbox 2913 3314 3044 3362; x_wconf 81' lang='lat' dir='ltr'>aeo-</span> 
     </span>
     <span class='ocr_line' id='line_1_27' title="bbox 698 3405 3043 3499; baseline -0.001 -19"><span class='ocrx_word' id='word_1_218' title='bbox 698 3412 927 3481; x_wconf 89' lang='lat' dir='ltr'>clesiae</span> <span class='ocrx_word' id='word_1_219' title='bbox 976 3432 1279 3499; x_wconf 86' lang='lat' dir='ltr'>personas</span> <span class='ocrx_word' id='word_1_220' title='bbox 1322 3411 1505 3479; x_wconf 90' lang='lat' dir='ltr'>nobis</span> <span class='ocrx_word' id='word_1_221' title='bbox 1550 3431 1750 3496; x_wconf 87' lang='lat' dir='ltr'>usque</span> <span class='ocrx_word' id='word_1_222' title='bbox 1795 3410 1876 3477; x_wconf 89' lang='lat' dir='ltr'>ad</span> <span class='ocrx_word' id='word_1_223' title='bbox 1920 3405 2357 3497; x_wconf 83' lang='lat' dir='ltr'>epiphaniam²</span> <span class='ocrx_word' id='word_1_224' title='bbox 2403 3409 2753 3476; x_wconf 88' lang='lat' dir='ltr'>ostendere.</span> <span class='ocrx_word' id='word_1_225' title='bbox 2847 3407 3043 3494; x_wconf 84' lang='lat' dir='ltr'>Unde,</span> 
     </span>
     <span class='ocr_line' id='line_1_28' title="bbox 702 3525 3045 3613; baseline -0.001 -17"><span class='ocrx_word' id='word_1_226' title='bbox 702 3529 990 3596; x_wconf 89' lang='lat' dir='ltr'>omnibus</span> <span class='ocrx_word' id='word_1_227' title='bbox 1036 3528 1178 3595; x_wconf 88' lang='lat' dir='ltr'>aliis</span> <span class='ocrx_word' id='word_1_228' title='bbox 1224 3528 1471 3595; x_wconf 90' lang='lat' dir='ltr'>omissis</span> <span class='ocrx_word' id='word_1_229' title='bbox 1485 3578 1503 3611; x_wconf 92' lang='lat'>,</span> <span class='ocrx_word' id='word_1_230' title='bbox 1547 3546 1747 3593; x_wconf 91' lang='lat' dir='ltr'>unum</span> <span class='ocrx_word' id='word_1_231' title='bbox 1790 3525 1910 3592; x_wconf 89' lang='lat' dir='ltr'>hoc</span> <span class='ocrx_word' id='word_1_232' title='bbox 1949 3525 2367 3592; x_wconf 63' lang='lat' dir='ltr'>fraternitati*</span> <span class='ocrx_word' id='word_1_233' title='bbox 2413 3531 2664 3592; x_wconf 86' lang='lat' dir='ltr'>vestrae</span> <span class='ocrx_word' id='word_1_234' title='bbox 2706 3528 3045 3613; x_wconf 86' lang='lat' dir='ltr'>responde-</span> 
     </span>
     <span class='ocr_line' id='line_1_29' title="bbox 699 3641 3042 3731; baseline -0.001 -19"><span class='ocrx_word' id='word_1_235' title='bbox 699 3666 864 3729; x_wconf 86' lang='lat' dir='ltr'>mus,</span> <span class='ocrx_word' id='word_1_236' title='bbox 911 3645 1097 3731; x_wconf 90' lang='lat' dir='ltr'>quod,</span> <span class='ocrx_word' id='word_1_237' title='bbox 1137 3645 1308 3711; x_wconf 86' lang='lat' dir='ltr'>vitae</span> <span class='ocrx_word' id='word_1_238' title='bbox 1335 3643 1518 3710; x_wconf 89' lang='lat' dir='ltr'>nobis</span> <span class='ocrx_word' id='word_1_239' title='bbox 1548 3641 1980 3709; x_wconf 90' lang='lat' dir='ltr'>incolumitate</span> <span class='ocrx_word' id='word_1_240' title='bbox 2010 3648 2279 3728; x_wconf 84' lang='lat' dir='ltr'>servata,</span> <span class='ocrx_word' id='word_1_241' title='bbox 2319 3644 2400 3708; x_wconf 89' lang='lat'>10</span> <span class='ocrx_word' id='word_1_242' title='bbox 2428 3642 2567 3709; x_wconf 84' lang='lat' dir='ltr'>Kal.</span> <span class='ocrx_word' id='word_1_243' title='bbox 2598 3641 2935 3710; x_wconf 85' lang='lat' dir='ltr'>Februarii</span> <span class='ocrx_word' id='word_1_244' title='bbox 2963 3680 3042 3691; x_wconf 92' lang='lat'>—</span> 
     </span>
     <span class='ocr_line' id='line_1_30' title="bbox 700 3758 3042 3842; baseline -0.001 -13"><span class='ocrx_word' id='word_1_245' title='bbox 700 3763 795 3829; x_wconf 90' lang='lat' dir='ltr'>ita</span> <span class='ocrx_word' id='word_1_246' title='bbox 838 3762 1006 3828; x_wconf 90' lang='lat' dir='ltr'>enim</span> <span class='ocrx_word' id='word_1_247' title='bbox 1051 3781 1130 3829; x_wconf 84' lang='lat' dir='ltr'>ex</span> <span class='ocrx_word' id='word_1_248' title='bbox 1174 3760 1437 3828; x_wconf 89' lang='lat' dir='ltr'>consilio</span> <span class='ocrx_word' id='word_1_249' title='bbox 1483 3759 1914 3826; x_wconf 78' lang='lat' dir='ltr'>ordinavimus</span> <span class='ocrx_word' id='word_1_250' title='bbox 1961 3795 2046 3806; x_wconf 94' lang='lat'>—</span> <span class='ocrx_word' id='word_1_251' title='bbox 2092 3759 2161 3825; x_wconf 92' lang='lat' dir='ltr'>in</span> <span class='ocrx_word' id='word_1_252' title='bbox 2204 3758 2341 3825; x_wconf 92' lang='lat' dir='ltr'>loco</span> <span class='ocrx_word' id='word_1_253' title='bbox 2378 3759 2665 3826; x_wconf 88' lang='lat' dir='ltr'>condicto</span> <span class='ocrx_word' id='word_1_254' title='bbox 2695 3760 2936 3826; x_wconf 87' lang='lat' dir='ltr'>erimus</span> <span class='ocrx_word' id='word_1_255' title='bbox 2965 3767 3042 3842; x_wconf 81' lang='lat' dir='ltr'>et,</span> 
     </span>
     <span class='ocr_line' id='line_1_31' title="bbox 703 3875 3041 3961; baseline -0.002 -15"><span class='ocrx_word' id='word_1_256' title='bbox 703 3879 836 3946; x_wconf 91' lang='lat' dir='ltr'>sive</span> <span class='ocrx_word' id='word_1_257' title='bbox 876 3878 1141 3944; x_wconf 88' lang='lat' dir='ltr'>domnus</span> <span class='ocrx_word' id='word_1_258' title='bbox 1174 3876 1714 3961; x_wconf 82' lang='lat' dir='ltr'>osenbruggensis</span> <span class='ocrx_word' id='word_1_259' title='bbox 1743 3876 1956 3942; x_wconf 86' lang='lat' dir='ltr'>veniat</span> <span class='ocrx_word' id='word_1_260' title='bbox 1986 3876 2118 3942; x_wconf 88' lang='lat' dir='ltr'>sive</span> <span class='ocrx_word' id='word_1_261' title='bbox 2147 3895 2295 3960; x_wconf 89' lang='lat' dir='ltr'>non,</span> <span class='ocrx_word' id='word_1_262' title='bbox 2342 3875 2684 3942; x_wconf 88' lang='lat' dir='ltr'>secundum</span> <span class='ocrx_word' id='word_1_263' title='bbox 2712 3877 3041 3944; x_wconf 88' lang='lat' dir='ltr'>consilium</span> 
     </span>
     <span class='ocr_line' id='line_1_32' title="bbox 701 3991 3040 4081; baseline -0.001 -18"><span class='ocrx_word' id='word_1_264' title='bbox 701 3997 972 4063; x_wconf 85' lang='lat' dir='ltr'>fratrum</span> <span class='ocrx_word' id='word_1_265' title='bbox 1017 3999 1083 4062; x_wconf 85' lang='lat' dir='ltr'>et</span> <span class='ocrx_word' id='word_1_266' title='bbox 1124 3994 1636 4081; x_wconf 89' lang='lat' dir='ltr'>coepiscoporum</span> <span class='ocrx_word' id='word_1_267' title='bbox 1681 3998 2042 4059; x_wconf 86' lang='lat' dir='ltr'>nostrorum</span> <span class='ocrx_word' id='word_1_268' title='bbox 2085 3991 2297 4059; x_wconf 87' lang='lat' dir='ltr'>debita</span> <span class='ocrx_word' id='word_1_269' title='bbox 2328 3992 2598 4077; x_wconf 87' lang='lat' dir='ltr'>iusticia,</span> <span class='ocrx_word' id='word_1_270' title='bbox 2645 3999 2950 4079; x_wconf 86' lang='lat' dir='ltr'>quantum</span> <span class='ocrx_word' id='word_1_271' title='bbox 2980 3995 3040 4059; x_wconf 88' lang='lat' dir='ltr'>in</span> 
     </span>
     <span class='ocr_line' id='line_1_33' title="bbox 704 4107 3037 4196; baseline -0.001 -17"><span class='ocrx_word' id='word_1_272' title='bbox 704 4111 888 4179; x_wconf 89' lang='lat' dir='ltr'>nobis</span> <span class='ocrx_word' id='word_1_273' title='bbox 934 4111 1074 4193; x_wconf 85' lang='lat' dir='ltr'>erit,</span> <span class='ocrx_word' id='word_1_274' title='bbox 1121 4109 1501 4177; x_wconf 88' lang='lat' dir='ltr'>desiderium</span> <span class='ocrx_word' id='word_1_275' title='bbox 1532 4114 1812 4176; x_wconf 86' lang='lat' dir='ltr'>vestrum</span> <span class='ocrx_word' id='word_1_276' title='bbox 1852 4129 1982 4175; x_wconf 91' lang='lat' dir='ltr'>non</span> <span class='ocrx_word' id='word_1_277' title='bbox 2019 4107 2469 4175; x_wconf 89' lang='lat' dir='ltr'>fraudabimus.</span> <span class='ocrx_word' id='word_1_278' title='bbox 2529 4108 2914 4196; x_wconf 83' lang='lat' dir='ltr'>Exemplum</span> <span class='ocrx_word' id='word_1_279' title='bbox 2941 4110 3037 4177; x_wconf 84' lang='lat' dir='ltr'>lit-</span> 
     </span>
     <span class='ocr_line' id='line_1_34' title="bbox 705 4223 2776 4314; baseline -0.001 -18"><span class='ocrx_word' id='word_1_280' title='bbox 705 4232 1006 4314; x_wconf 87' lang='lat' dir='ltr'>terarum,</span> <span class='ocrx_word' id='word_1_281' title='bbox 1053 4226 1219 4313; x_wconf 93' lang='lat' dir='ltr'>quod</span> <span class='ocrx_word' id='word_1_282' title='bbox 1262 4226 1600 4314; x_wconf 88' lang='lat' dir='ltr'>petivistis,</span> <span class='ocrx_word' id='word_1_283' title='bbox 1644 4225 1966 4307; x_wconf 88' lang='lat' dir='ltr'>misimus;</span> <span class='ocrx_word' id='word_1_284' title='bbox 2015 4223 2188 4290; x_wconf 89' lang='lat' dir='ltr'>aliud</span> <span class='ocrx_word' id='word_1_285' title='bbox 2230 4244 2359 4290; x_wconf 92' lang='lat' dir='ltr'>non</span> <span class='ocrx_word' id='word_1_286' title='bbox 2403 4226 2776 4314; x_wconf 87' lang='lat' dir='ltr'>accepimus.</span> 
     </span>
    </p>
   </div>
   <div class='ocr_carea' id='block_1_5' title="bbox 850 4350 2192 4506">
    <p class='ocr_par' dir='ltr' id='par_1_11' title="bbox 850 4350 2192 4506">
     <span class='ocr_line' id='line_1_35' title="bbox 852 4350 1840 4399; baseline -0.004 0"><span class='ocrx_word' id='word_1_287' title='bbox 852 4367 894 4399; x_wconf 76' lang='lat' dir='ltr'>a.</span> <span class='ocrx_word' id='word_1_288' title='bbox 934 4351 1219 4399; x_wconf 79' lang='lat' dir='ltr'>corbeiensis</span> <span class='ocrx_word' id='word_1_289' title='bbox 1251 4369 1292 4398; x_wconf 78' lang='lat' dir='ltr'>c.</span> <span class='ocrx_word' id='word_1_290' title='bbox 1412 4351 1458 4397; x_wconf 90' lang='lat' dir='ltr'>b.</span> <span class='ocrx_word' id='word_1_291' title='bbox 1487 4350 1770 4398; x_wconf 75' lang='lat' dir='ltr'>fraternitate</span> <span class='ocrx_word' id='word_1_292' title='bbox 1802 4367 1840 4395; x_wconf 81' lang='lat' dir='ltr'>c.</span> 
     </span>
     <span class='ocr_line' id='line_1_36' title="bbox 850 4425 2192 4506; baseline -0.004 -19"><span class='ocrx_word' id='word_1_293' title='bbox 850 4431 902 4489; x_wconf 91' lang='lat'>1.</span> <span class='ocrx_word' id='word_1_294' title='bbox 938 4445 1023 4505; x_wconf 86' lang='lat' dir='ltr'>ep.</span> <span class='ocrx_word' id='word_1_295' title='bbox 1048 4429 1156 4485; x_wconf 82' lang='lat'>444</span> <span class='ocrx_word' id='word_1_296' title='bbox 1189 4444 1357 4504; x_wconf 85' lang='lat' dir='ltr'>supra</span> <span class='ocrx_word' id='word_1_297' title='bbox 1387 4446 1442 4506; x_wconf 88' lang='lat' dir='ltr'>p.</span> <span class='ocrx_word' id='word_1_298' title='bbox 1468 4430 1590 4485; x_wconf 79' lang='lat'>576.</span> <span class='ocrx_word' id='word_1_299' title='bbox 1734 4428 1784 4481; x_wconf 81' lang='lat'>2.</span> <span class='ocrx_word' id='word_1_300' title='bbox 1828 4425 1964 4480; x_wconf 83' lang='lat'>1157</span> <span class='ocrx_word' id='word_1_301' title='bbox 2000 4425 2114 4480; x_wconf 89' lang='lat' dir='ltr'>Ian.</span> <span class='ocrx_word' id='word_1_302' title='bbox 2141 4428 2192 4482; x_wconf 89' lang='grc'>6.</span> 
     </span>
    </p>
   </div>
   <div class='ocr_carea' id='block_1_6' title="bbox 1666 4527 2088 4544">
    <p class='ocr_par' dir='ltr' id='par_1_12' title="bbox 1666 4527 2088 4544">
     <span class='ocr_line' id='line_1_37' title="bbox 1666 4527 2088 4544; baseline 0 698"><span class='ocrx_word' id='word_1_303' title='bbox 1666 4527 2088 4544; x_wconf 95' lang='lat' dir='ltr'> </span> 
     </span>
    </p>
   </div>
  </div>
 </body>
</html>
