3319 5242
970 451 1269 500 πωπω
1309 450 1685 501 nrrsrom
1725 451 1834 501 469.
1864 451 1971 500 470.
2505 436 2633 503 601

295 591 610 661 similibus
666 592 1012 682 plurimum
1065 594 1342 662 innitens
1358 642 1377 679 ,
1436 594 1674 678 gratias
1728 595 1942 664 refero,
1988 615 2232 695 summo
2286 594 2638 680 Provisori3
2678 602 2814 658 1157

297 709 593 777 obnixius
641 709 1005 798 deprecans,
1051 713 1124 776 ut
1151 730 1263 777 vos
1306 710 1489 778 nobis
1535 716 1600 778 et
1632 713 1869 780 nostris
1899 711 2144 779 salvum
2174 717 2240 779 et
2265 712 2644 782 incolumem

297 827 436 893 sine
480 824 605 894 fine
651 826 984 911 custodiat,
1032 830 1097 894 et
1139 826 1308 912 quod
1348 846 1481 893 non
1520 847 1803 914 possum,
1848 829 2000 916 quia
2024 849 2153 896 non
2181 849 2461 917 possum,
2506 831 2644 917 ipse

296 942 627 1010 retribuat.
1566 933 1574 944 '

301 1154 483 1226 470.
523 1156 883 1223 Fridericus
920 1156 963 1222 1
1007 1157 1347 1244 imperator
1398 1154 1681 1222 Wibaldo
1738 1158 1815 1223 de
1871 1158 2024 1223 bello
2080 1158 2378 1225 Polom'co
2430 1158 2643 1248 refert,

523 1296 780 1361 eumque
821 1271 1286 1360 Wirzeburqum
1330 1283 1525 1375 vocat.
2322 1273 2433 1356 (Μ.
2464 1277 2644 1361 434.)

479 1404 888 1488 F(ridericus)
947 1405 1069 1473 Dei
1136 1404 1344 1488 gratia
1394 1404 1823 1472 Romanorum
1875 1405 2221 1493 imperator
2277 1412 2344 1476 et
2398 1429 2648 1497 semper
2684 1425 2822 1481 1157

302 1526 605 1608 augustus
663 1521 888 1590 dilecto
945 1542 1058 1589 suo
1102 1519 1439 1604 wfibaldo)
1494 1519 1858 1589 Corbeiensi
1910 1528 1977 1589 et
2020 1521 2380 1592 stabulensi
2435 1525 2648 1594 abbati
2692 1498 2820 1561 ⁸⁶⁹¹*

300 1639 574 1725 gratiam
618 1658 799 1705 suam
843 1642 909 1706 et
953 1659 1135 1706 omne
1179 1636 1432 1705 bonum.

481 1754 793 1834 Quantam
825 1756 894 1821 in
927 1753 1325 1843 expeditione
1354 1751 1672 1838 Polonica,
1720 1773 1910 1839 quam
1938 1774 2140 1842 nuper
2167 1754 2438 1839 gloriose
2465 1778 2646 1846 pere-

301 1873 531 1959 gimus,
577 1872 795 1939 divina
836 1871 1040 1959 pietas
1085 1871 1359 1956 gratiam
1396 1869 1580 1937 nobis
1611 1870 1969 1954 contulerit,
2014 1882 2326 1958 quantave
2355 1873 2557 1958 gloria
2584 1881 2649 1944 et

300 1990 542 2058 honore
570 1987 922 2056 Romanum
965 1988 1304 2075 imperium
1348 1986 1743 2071 exaltaverit,
1788 1985 2010 2054 Poloni
2043 1988 2160 2056 sub
2190 1989 2339 2075 iuga
2364 1989 2649 2060 domina-

302 2105 497 2173 tionis
531 2109 787 2172 nostrae
816 2104 1060 2172 reducti
1089 2110 1540 2192 protestantur,
1586 2108 1653 2170 et
1678 2122 1816 2187 nos,
1862 2123 1985 2189 quo
2014 2103 2264 2190 plenius
2292 2126 2649 2193 possumus,

305 2222 628 2291 dilectioni
672 2226 819 2289 tuae
864 2222 1158 2289 duximus
1203 2219 1700 2306 significandum.
2613 2218 2621 2227 ‘

484 2338 747 2406 Polonia
788 2339 1073 2424 quamvis
1122 2342 1257 2405 arte
1302 2344 1368 2405 et
1408 2341 1638 2404 natura
1683 2336 2021 2403 admodum
2065 2336 2311 2404 munita
2345 2344 2533 2423 esset,
2578 2344 2653 2407 ut

306 2460 734 2523 antecessores
789 2456 994 2522 nostri
1047 2474 1227 2538 reges
1283 2458 1348 2521 et
1397 2454 1811 2541 imperatores
1854 2453 1963 2520 vix
2007 2473 2238 2538 magna
2281 2452 2651 2524 difficultate

308 2572 389 2640 ad
433 2570 694 2639 fluvium
725 2570 995 2638 Oderam
1038 2571 1496 2659 pervenissent,
1539 2589 1656 2638 nos
1697 2574 1911 2638 tamen
1940 2571 2009 2638 in
2037 2570 2272 2639 virtute
2299 2571 2442 2656 Dei,
2489 2592 2650 2660 quae

305 2688 642 2757 visibiliter
683 2708 798 2755 nos
842 2690 1168 2774 precessit,
1213 2688 1532 2756 clausuras
1577 2687 1852 2772 illorum,
1900 2707 2054 2773 quas
2084 2688 2153 2754 in
2184 2687 2468 2772 angustis
2496 2688 2651 2757 locis
2683 2704 2798 2764 Aug.

307 2806 556 2895 precisa
612 2804 906 2872 arborum
962 2805 1270 2873 densitate
1326 2806 1606 2898 fecerant
1661 2807 1725 2870 et
1774 2823 2009 2888 magna
2050 2804 2290 2888 ingenii
2331 2803 2496 2872 mole
2542 2804 2651 2872 ob—

308 2927 704 3005 struxerant,
760 2921 1247 3008 penetravimus.
1348 2921 1437 2988 Et
1489 2921 1558 2987 in
1615 2923 1840 2987 octava
1894 2921 2342 3008 assumptionis
2398 2925 2653 2989 sanctae
2683 2936 2799 2997 Aug.
2817 2938 2878 2985 22

306 3037 548 3107 Mariae
573 3035 835 3104 fluvium
864 3037 1158 3120 oderam,
1196 3038 1304 3123 qui
1332 3042 1532 3104 totam
1562 3042 1801 3103 terram
1828 3035 2005 3103 illam
2036 3037 2220 3123 quasi
2247 3056 2427 3104 muro
2457 3036 2654 3105 vallat

308 3162 374 3223 et
416 3154 846 3242 profunditate
890 3174 1006 3221 sua
1050 3173 1264 3220 omnes
1310 3153 1588 3220 excludit
1630 3153 1861 3237 aditus,
1907 3158 2129 3220 contra
2173 3173 2352 3241 spem
2384 3152 2651 3221 Polono-

307 3293 452 3339 rum
510 3290 653 3338 cum
711 3270 881 3337 omni
937 3269 1219 3337 exercitu
1270 3273 1487 3335 nostro
1531 3270 1959 3335 transivimus.
2053 3268 2259 3335 Tanta
2301 3269 2471 3335 enim
2515 3275 2654 3337 erat

310 3388 603 3455 omnibus
646 3386 1015 3454 transeundi
1060 3385 1349 3469 aviditas,
1392 3390 1466 3451 ut
1509 3384 1618 3451 alii
1661 3385 1991 3473 profundis
2036 3384 2388 3469 gurgitibus
2433 3406 2502 3452 se
2530 3386 2651 3452 im-

307 3510 687 3589 mergerent,
734 3502 843 3569 alii
884 3523 1034 3569 vero
1078 3506 1566 3569 transnatarent.
1639 3501 1776 3581 Quo
1819 3502 1956 3568 viso
1999 3500 2223 3568 Poloni
2251 3501 2652 3570 vehementer

310 3621 632 3705 exterriti,
688 3626 753 3687 et
804 3621 933 3685 iam
987 3619 1182 3686 nichil
1231 3623 1446 3706 preter
1489 3618 1760 3686 exicium
1806 3624 1872 3686 et
1913 3618 2403 3686 destructionem
2443 3625 2652 3687 terrae

310 3742 661 3826 sperantes,
705 3736 1131 3803 munitissima
1173 3741 1384 3803 castra
1427 3734 1727 3820 Glogowa
1770 3739 1837 3803 et
1874 3733 2093 3802 Bitum
2108 3731 2126 3763 ¹
2170 3740 2234 3803 et
2278 3734 2405 3802 alia
2445 3734 2651 3822 plura,

312 3876 474 3942 quae
524 3855 700 3942 prius
747 3854 826 3921 ab
871 3854 1049 3920 hoste
1094 3857 1280 3938 capta
1321 3871 1448 3918 non
1490 3851 1773 3936 fuerant,
1826 3853 2055 3920 timore
2097 3856 2313 3919 nostro
2358 3851 2649 3919 incende·

310 3973 492 4055 runt,
539 3976 605 4037 et
644 3970 801 4057 ipsi,
848 3969 1135 4055 quamvis
1180 3968 1413 4035 auxilio
1458 3969 1810 4036 vicinarum
1851 3970 2153 4053 gentium,
2197 3967 2647 4051 Ruthenorum,

307 4087 709 4172 Parthorum,
752 4086 1154 4170 Pruscorum,
1185 4084 1698 4170 Pomeranorum,
1742 4087 2091 4153 maximum
2136 4083 2481 4151 exercitum
2522 4083 2651 4150 col-

309 4204 631 4289 legissent,
687 4204 727 4270 a
768 4203 932 4286 facie
975 4207 1193 4269 nostra
1233 4203 1569 4287 fugierunt.
1662 4202 1795 4269 Hos
1838 4221 1987 4268 vero
2029 4201 2340 4284 fugientes
2383 4200 2650 4267 insecuti

311 4341 562 4404 sumus,
625 4324 689 4386 et
742 4341 857 4409 per
909 4320 1340 4407 episcopatum
1383 4314 1767 4387 Frodezlau²
1813 4321 1877 4385 et
1922 4316 2351 4404 episcopatum
2393 4315 2650 4383 Poznan

310 4443 846 4522 transcurrentes,
913 4441 1113 4504 totam
1178 4436 1309 4504 fere
1368 4442 1603 4506 terram
1656 4435 1804 4521 igne
1862 4439 1925 4503 et
1979 4432 2189 4518 gladio
2243 4434 2649 4502 vastavimus.

456 4571 506 4625 1.
542 4568 808 4626 Beuthen.
950 4570 1002 4627 2.
1038 4569 1282 4625 Breslau.
