3319 5242
507 564 647 619 1151

478 637 605 698 Sept.
625 638 685 686 15

506 3620 643 3674 1151

723 399 855 466 478
1396 418 1697 466 wmALm
1739 415 2114 465 mus‘rom
2153 416 2263 463 844.
2299 414 2408 464 846.

721 559 1117 647 Herbipolim
1159 558 1478 626 mediante
1522 579 1741 626 mense
1787 557 2159 645 Septembre
2202 558 2442 625 factum
2487 563 2612 641 est3
2659 558 2756 624 ita
2782 557 3067 644 deinceps

718 674 970 743 firmato
1014 675 1245 743 mentis
1290 675 1638 762 proposito,
1680 680 1772 759 ut,
1819 675 1903 740 ad
1946 695 2165 741 omnes
2209 675 2394 758 regni
2437 674 2619 741 nobis
2665 695 2706 740 a
2750 673 2892 741 Deo
2936 694 3068 742 con-

718 794 882 864 cessi
924 797 1139 879 partes
1185 791 1450 865 celerius
1496 791 1863 858 accedentes
1908 795 1973 858 et
2014 811 2172 878 pace
2215 812 2333 878 per
2361 790 2484 858 Dei
2529 792 2807 875 gratiam
2850 792 3071 877 ubique

718 906 998 992 firmata,
1055 908 1146 975 sic
1201 908 1284 975 ad
1327 907 1564 975 Urbem
1624 913 1689 974 et
1744 907 1826 974 ad
1867 928 1980 974 vos
2033 906 2367 994 pervenire
2410 907 2770 992 valeamus,
2832 913 2908 976 ut
2952 915 3073 974 tam

717 1025 876 1091 bene
920 1025 1308 1092 merentibus
1352 1024 1598 1111 premia
1642 1045 1834 1110 quam
1876 1023 2215 1091 rebellibus
2261 1043 2534 1109 poenam
2576 1024 2934 1111 rependere
2974 1024 3075 1092 de-

718 1140 995 1207 beamus.
1144 1141 1250 1208 Ad
1293 1141 1480 1207 huius
1525 1140 1621 1208 rei
1666 1140 2021 1207 evidentem
2067 1139 2369 1207 noticiam
2399 1140 2603 1225 adque
2632 1141 3075 1208 certitudinem

716 1256 1070 1324 faciendam
1115 1257 1463 1324 direximus
1509 1262 1839 1343 presentes
1882 1255 2124 1340 legatos
2161 1260 2434 1340 nostros,
2481 1257 2653 1323 viros
2684 1258 2912 1344 utique
2940 1257 3076 1323 illu-

717 1378 879 1439 stres
925 1392 1000 1439 ac
1043 1372 1225 1440 nobis
1270 1374 1437 1439 inter
1482 1372 1804 1459 principes
1838 1382 2089 1440 nostros
2118 1372 2672 1457 familiarissimos,
2714 1374 3078 1448 Arnoldum

715 1488 1010 1555 videlicet
1038 1488 1430 1556 Coloniensis
1477 1489 1818 1556 aecclesiae
1860 1488 2284 1556 venerabilem
2329 1488 2901 1577 archiepiscopum,
2950 1488 3079 1559 Wi-

715 1604 972 1671 boldum
1019 1604 1455 1672 Stabulensem
1501 1610 1567 1672 et
1595 1604 2039 1672 Corbeiensem
2086 1605 2398 1689 abbatem,
2445 1604 2814 1672 Heinricum
2862 1606 3077 1673 curiae

714 1726 968 1788 nostrae
1011 1722 1351 1805 notarium,
1398 1721 1481 1788 ad
1521 1722 1939 1789 reverendum
1982 1727 2231 1808 patrem
2274 1727 2563 1788 nostrum
2596 1742 2838 1809 papam
2866 1722 3076 1807 Euge-

713 1838 891 1902 nium
946 1842 1012 1904 et
1067 1836 1148 1902 ad
1202 1837 1425 1904 urbem
1475 1838 1744 1905 Romam
1797 1858 1916 1904 nec
1969 1859 2098 1904 non
2157 1839 2241 1904 ad
2294 1843 2536 1906 ceteras
2594 1839 2783 1906 urbes
2832 1839 3073 1906 Italiae.

715 1951 884 2030 Quos
938 1954 1258 2020 venientes
1315 1953 1398 2019 ad
1450 1954 1675 2022 urbem
1724 1959 2034 2038 vestram,
2094 1975 2254 2041 quae
2312 1975 2564 2041 semper
2619 1955 2700 2022 ab
2755 1956 2954 2022 inicio
3010 1958 3075 2022 in

715 2087 870 2155 pace
928 2073 992 2135 et
1046 2069 1113 2135 in
1170 2069 1335 2137 bello
1392 2075 1565 2137 terra
1617 2071 1906 2157 marique
1950 2071 2204 2158 imperii
2246 2069 2516 2138 Romani
2561 2073 2896 2138 consuevit
2941 2093 3076 2140 esse

714 2184 1122 2270 domicilium,
1172 2184 1533 2271 honorifice,
1580 2193 1654 2253 ut
1696 2192 1910 2254 vestra
1953 2189 2237 2274 probitas
2280 2189 2628 2271 consuevit,
2675 2189 3070 2276 suscipiatis3

715 2306 938 2368 ettam
969 2301 1048 2369 de
1077 2302 1349 2370 militum
1384 2325 1576 2389 quam
1606 2304 1685 2370 de
1714 2304 1975 2370 navium
2005 2324 2288 2387 numero,
2313 2324 2471 2390 quas
2500 2304 2569 2371 in
2601 2304 3071 2391 expeditionem

715 2416 970 2485 Siciliae
1015 2419 1094 2486 ob
1137 2425 1515 2506 perpetuam
1557 2419 1759 2486 felicis
1794 2420 2319 2487 remunerationis
2355 2420 2710 2487 mercedem
2749 2421 3073 2488 exhibebi-

712 2533 819 2616 tis,
863 2555 979 2620 per
1022 2535 1278 2602 illorum
1312 2537 1613 2602 noticiam
1644 2557 1759 2603 nos
1792 2542 1997 2603 certos
2030 2535 2336 2603 efficiatis.
2486 2536 2683 2603 Porro
2728 2537 2810 2604 de
2858 2538 3071 2624 verbo,

716 2651 883 2736 quod
927 2651 1006 2717 de
1036 2651 1436 2720 inimicorum
1465 2659 1822 2720 vestrorum
1853 2655 2241 2740 sempiterna
2270 2653 2706 2720 humiliatione
2742 2654 2931 2722 nobis
2957 2676 3070 2742 per

713 2765 954 2850 legatos
984 2775 1253 2852 nostrOS,
1286 2769 1526 2836 scilicet
1555 2768 2101 2837 Constantiensem
2124 2766 2135 2796 ¹
2159 2776 2223 2836 et
2243 2766 2689 2837 Basiliensem²
2715 2772 3065 2858 episcopos

715 2888 939 2969 atque·
979 2885 1405 2951 marchionem
1449 2886 1527 2953 de
1563 2881 2049 2953 Montefarrato³
2086 2887 2509 2971 suggessistis,
2555 2906 2777 2973 preces
2823 2895 3065 2955 vestras

716 3000 1043 3067 exauditas
1075 3021 1214 3068 esse
1242 3001 1475 3067 sciatis.
1521 3000 1610 3069 Et
1640 3003 1940 3088 quicquid
1961 3023 2153 3089 super
2182 3002 2301 3070 hoc
2327 3003 2600 3090 predicti
2619 3004 2839 3071 nuncii
2869 3004 3063 3072 nostri

714 3117 892 3184 vobis
937 3115 1466 3202 confirmaverint,
1512 3138 1627 3185 nos
1672 3139 1810 3185 esse
1841 3119 2281 3185 observaturos
2327 3139 2457 3186 non
2486 3119 2818 3202 dubitetis3
2868 3120 3063 3188 scien·

715 3238 834 3320 tes,
866 3234 1035 3321 quod
1060 3234 1335 3301 inimicis
1366 3235 1596 3302 vestris
1623 3234 1872 3303 inimici
1898 3256 2116 3303 sumus
2148 3241 2214 3304 et
2240 3235 2524 3305 odientes
2550 3256 2662 3304 vos
2691 3235 3061 3323 affligemus.

720 3472 897 3544 345.
944 3476 1265 3542 conradus
1284 3476 1396 3543 ΠΙ
1408 3500 1522 3542 rex
1540 3478 1849 3547 Romanis
1877 3477 2110 3563 leqatos
2136 3500 2280 3543 mos
2308 3479 2709 3545 commendat.
2757 3476 2871 3559 (M.
2892 3480 3058 3559 322.)

895 3606 1262 3674 cuonradus
1305 3607 1429 3675 Dei
1473 3609 1682 3692 gratia
1724 3607 2151 3675 Romanorum
2197 3629 2312 3676 rex
2358 3614 2423 3676 et
2466 3629 2716 3696 semper
2762 3618 3056 3696 augustus

481 3696 626 3816 3212?
623 3754 683 3802 15
715 3723 994 3811 prefecto
1015 3722 1225 3808 Urbis,
1256 3724 1636 3808 consulibus,
1665 3724 2012 3811 capitaneis
2043 3730 2107 3790 et
2136 3725 2306 3791 omni
2337 3725 2573 3813 populo
2595 3725 2903 3813 Romano,
2935 3734 3052 3794 tam

716 3840 1064 3907 minoribus
1110 3860 1299 3926 quam
1344 3841 1709 3925 maioribuS‚
1756 3841 2030 3925 gratiam
2074 3861 2254 3907 suam
2285 3847 2348 3907 et
2376 3841 2606 3908 bonam
2650 3842 3053 3910 voluntatem.

893 3955 1048 4025 Post
1089 3957 1366 4024 reditum
1406 3961 1694 4023 nostrum
1740 3957 1779 4023 a
1811 3957 2331 4043 lerosolymitana
2373 3958 2775 4044 expeditione
2818 3959 3054 4026 litteras

717 4073 1148 4140 universitatis
1192 4078 1441 4139 vestrae
1485 4074 1846 4159 frequenter
1892 4075 2265 4160 accepimus,
2316 4074 2387 4140 in
2431 4074 2656 4159 quibus
2701 4075 3054 4142 contineba-

715 4194 842 4275 tur,
887 4196 1122 4276 quanto
1166 4188 1316 4257 fidei
1361 4209 1435 4256 ac
1473 4189 1823 4256 devotionis
1855 4189 2063 4256 studio
2092 4210 2209 4277 pro
2237 4211 2545 4277 personae
2572 4197 2831 4258 nostrae
2862 4193 3054 4277 digni·

715 4309 847 4373 tate
900 4306 1303 4393 provehenda
1356 4310 1421 4371 et
1469 4305 1723 4392 imperii
1765 4304 2035 4373 Romani
2077 4311 2250 4372 statu
2291 4307 2689 4375 reformando
2732 4308 3053 4376 indefessis

892 4475 902 4487 .
943 4441 1002 4487 ad
1033 4455 1091 4486 uo
1124 4458 1163 4485 c.
2042 4456 2051 4465 ι

861 4453 910 4580 i.
947 4454 1340 4580 Egi-mannum.
1484 4526 1538 4581 2.
1573 4522 1897 4581 Ortliebum.
2043 4527 2094 4582 3.
2134 4525 2507 4583 wilhelmum.
