3319 5242
708 385 839 452 232
1466 400 1766 448 wmALm
1809 398 2139 448 nrmrom
2185 399 2290 446 ιω.

537 550 673 607 1149
713 545 794 611 ad
824 549 1098 611 vestram
1142 543 1541 631 peticionem,
1589 562 1750 627 quae
1797 542 1966 629 apud
2008 563 2123 609 nos
2168 542 2464 609 iussionis
2508 541 2757 629 pondus
2796 541 3057 624 obtinet,

713 660 1091 748 respondere
1135 659 1468 744 vellemne,
1524 659 1652 724 nisi
1710 659 1877 744 quod
1927 663 2104 726 tanta
2151 666 2249 726 est
2289 679 2502 725 rerum
2547 659 2773 742 series,
2829 665 2906 725 ut
2948 678 3060 745 per

714 777 1084 845 brevitatem
1128 776 1508 842 narrationis
1554 776 1827 860 cog-nitio
1872 774 2158 842 veritatis
2201 795 2466 863 persepe
2511 774 2906 841 excludatur.

890 893 986 959 Ac
1016 893 1219 979 primo
1252 892 1692 958 discretionem
1722 896 2000 959 vestram
2031 892 2192 959 scire
2222 892 2530 975 volumus,
2573 892 2741 977 quod
2769 891 2843 957 in
2872 911 3067 958 causa

712 1009 926 1075 fratris
986 1008 1154 1074 illius
1212 1008 1523 1092 Heinrici,
1594 1028 1781 1092 quem
1837 1007 2243 1074 reconciliare
2298 1006 2659 1074 Corbeiensi
2718 1007 3068 1073 aecclesiae

711 1131 922 1192 vestra
960 1125 1264 1192 celsitudo
1297 1130 1578 1209 conatur,
1623 1144 1741 1190 nos
1771 1123 2231 1210 depositoribus
2261 1124 2462 1210 ipsius
2489 1144 2693 1210 neque
2724 1123 3070 1190 consilium

710 1263 912 1329 neque
968 1241 1273 1308 auxilium
1323 1240 1766 1328 impendimus.
1860 1239 2021 1319 Quin
2067 1241 2276 1329 potius
2324 1241 2390 1306 in
2435 1241 2640 1325 curia,
2698 1260 2865 1326 quae
2915 1239 3070 1307 Cor-

510 1367 647 1422 1145
710 1359 888 1426 beiae
945 1378 1108 1425 anno
1169 1359 1238 1423 in
1291 1362 1462 1423 retro
1507 1376 1726 1423 versus
1785 1362 2007 1442 quarto
2064 1357 2131 1423 in
2175 1357 2335 1423 festo
2382 1358 2584 1423 sancti
2628 1355 3074 1422 Bar-tholomei

481 1442 595 1499 ΔΨ
617 1442 679 1488 ²4
711 1475 980 1562 apostoli
1027 1494 1065 1540 a
1096 1473 1324 1539 domno
1354 1493 1501 1557 rege
1532 1471 1863 1539 Cuonrado
1895 1473 2211 1541 celebrata
2238 1479 2355 1558 est,
2399 1493 2516 1560 pro
2547 1472 2835 1559 predicto
2863 1473 3075 1539 fiatre

709 1592 990 1676 regimen
1045 1597 1195 1656 tunc
1253 1589 1531 1655 eiusdem
1588 1588 1957 1655 monasterii
2011 1593 2265 1657 tenente
2322 1589 2611 1656 stetimus
2666 1609 2795 1656 non
2857 1591 3076 1656 solum

711 1712 1073 1775 constanter
1118 1711 1215 1772 set
1252 1705 1443 1772 etiam
1475 1703 1841 1785 efficaciter3
1890 1704 2186 1790 quoniam
2215 1706 2254 1771 a
2283 1704 2617 1773 clementia
2644 1706 2866 1773 domni
2896 1706 3077 1790 regis

711 1823 913 1890 multa
967 1842 1224 1910 precum
1269 1821 1575 1888 instantia
1620 1821 2038 1905 obtinuimus,
2094 1841 2174 1887 110
2219 1821 2519 1888 adversus
2566 1842 2709 1888 eum
2751 1820 2872 1888 lite
2925 1842 3080 1889 con-

713 1943 947 2007 testata
993 1944 1424 2005 accusatorum
1471 1939 1633 2004 actio
1681 1943 1744 2005 et
1791 1938 1942 2004 ordo
1988 1936 2206 2003 iudicii
2250 1938 2633 2024 procederet.

521 2068 658 2122 1146
892 2054 1149 2134 Quando
1196 2075 1346 2122 vero
1390 2056 1459 2121 in
1503 2055 1826 2142 presentia
1871 2059 1937 2120 et
1978 2054 2441 2120 iurisdictione·
2468 2054 2673 2120 felicis
2715 2056 3084 2123 memoriae

713 2171 926 2237 domni
986 2172 1263 2239 Thomae
1323 2170 1661 2238 cardinalis
1720 2166 2109 2258 presbiteff²,
2177 2170 2556 2257 apostolicae
2622 2170 2787 2237 sedis
2848 2171 3083 2259 legati,

713 2288 791 2355 de
820 2290 1127 2375 symonia,
1174 2289 1241 2354 in
1273 2289 1632 2355 venditione
1665 2286 2003 2354 aecclesiae
2033 2287 2112 2353 de
2141 2283 2453 2354 Linwert²
2481 2291 2870 2374 perpetrata,
2924 2309 3083 2357 con-

714 2404 915 2470 victus
963 2403 1265 2471 Corbeiae
1307 2405 1373 2471 111
1422 2403 1717 2490 capitolio
1764 2409 1829 2470 et
1872 2403 2193 2470 confessus
2237 2403 2379 2488 suit,
2423 2424 2538 2470 nos
2584 2422 2800 2470 earum
2849 2426 3085 2473 rerum

714 2540 973 2607 prorsus
1003 2521 1207 2604 ignari
1241 2540 1489 2587 eramus
1520 2520 1588 2585 111
1614 2519 1977 2587 stabulensi
2007 2521 2407 2604 monasterio,
2440 2520 2607 2606 quod
2636 2540 2675 2586 a
2696 2518 3085 2589 Gorbeiensi

471 2647 602 2694 Mu*-
620 2650 676 2694 21
716 2638 910 2704 distat
937 2638 1178 2706 ‚itinere
1225 2658 1336 2704 sex
1384 2637 1644 2703 dierum.
1797 2637 2055 2716 Quando
2103 2638 2294 2704 etiam
2346 2639 2427 2703 12
2458 2636 2770 2704 Kalendas
2814 2638 3086 2725 Aprilis

716 2776 754 2820 a
796 2755 1233 2841 prenominato
1278 2754 1483 2820 iudice
1514 2775 1627 2820 suo
1662 2755 1829 2842 apud
1859 2755 2176 2820 civitatem
2207 2753 2660 2837 Patherburna,
2705 2753 2815 2820 ubi
2845 2759 3088 2825 venire

715 2871 922 2937 iussus
969 2891 1036 2937 se
1083 2870 1540 2956 absentaverat,
1585 2871 1654 2937 in
1701 2870 2031 2958 sollempni
2073 2869 2550 2954 religiosorum*
2597 2875 2913 2937 conventu
2967 2875 3086 2941 de-

715 2989 960 3075 positus
1005 2987 1147 3071 suit,
1192 3007 1307 3053 nos
1355 3008 1603 3054 eramus
1645 2986 2001 3072 StabulauS,
2049 2987 2372 3074 preparati
2418 2990 2483 3053 et
2524 2987 2823 3053 succincti
2872 3007 3089 3058 causa

714 3104 925 3188 regiae
968 3102 1301 3188 legationis
1347 3103 1613 3171 Romam
1657 3101 2000 3190 proficisci3
2061 3103 2227 3189 quod
2271 3106 2336 3169 et
2378 3102 2663 3188 fecimuS,
2716 3124 2867 3171 mox
2914 3106 3087 3176 inde

472 3232 604 3279 unt
621 3233 681 3280 24
714 3226 1034 3287 moventes
1081 3223 1122 3286 9
1162 3219 1301 3286 Kal.
1349 3219 1612 3306 Aprilis.

468 3347 598 3395 Mart.
621 3350 676 3395 21
891 3335 1233 3423 Depositus
1281 3336 1490 3421 itaque
1535 3335 1771 3403 ibidem
1814 3340 1948 3401 tam
1994 3334 2073 3402 ab
2118 3332 2323 3401 officio
2368 3334 2741 3401 sacerdotali
2787 3355 2993 3421 quam
3044 3361 3088 3408 a

717 3451 1022 3537 dignitate
1082 3451 1402 3535 abbatiae,
1460 3457 1646 3537 atque
1689 3453 1950 3538 insuper
1995 3451 2599 3535 excommunicatus,
2656 3452 2712 3517 si
2756 3472 3085 3538 personas

717 3568 818 3635 vel
873 3590 976 3635 res
1033 3568 1398 3635 monasterii
1455 3568 1582 3634 ullo
1636 3568 1822 3634 modo
1866 3573 2126 3635 vexaret
2168 3567 2269 3635 vel
2314 3567 2727 3652 disturbaret,
2785 3588 2917 3635 non
2971 3593 3084 3640 re-

718 3685 1010 3769 cognovit
1054 3704 1312 3750 manum
1342 3683 1598 3751 Domini
1645 3705 1836 3771 super
1881 3705 1949 3752 se
1993 3704 2110 3751 nec
2155 3684 2476 3771 adquievit
2518 3684 2867 3752 sententiae
2898 3686 3083 3755 iudi-

719 3801 953 3884 cantis3
1008 3806 1105 3867 set
1147 3801 1214 3866 in
1258 3800 1665 3868 rebellionem
1710 3805 1774 3867 et
1819 3807 2101 3888 apertam
2145 3800 2509 3868 violentiam
2552 3821 2911 3888 conversus,
2962 3826 3083 3873 res

721 3917 1040 4000 abbatiae,
1087 3917 1438 4004 ubicunque
1488 3918 1770 3985 locorum
1813 3919 2041 4005 potuit,
2085 3917 2276 3984 nimis
2319 3917 2730 3985 immoderate
2775 3918 3079 4007 diripuit,

465 4051 608 4098 Mart.
626 4053 679 4097 31
721 4039 785 4100 et
836 4034 900 4099 in
957 4035 1245 4121 proximo
1302 4035 1539 4121 pascha
1596 4036 1665 4100 in
1720 4036 2099 4101 monasterio
2144 4033 2441 4119 Hasunge
2494 4034 2710 4100 infulis
2772 4035 3079 4106 abbatiae

721 4154 976 4216 ornatus
1022 4150 1281 4218 incessit
1324 4155 1388 4217 et
1428 4150 1677 4238 publice
1708 4150 1990 4217 divinum
2020 4149 2293 4218 officium
2323 4150 2679 4218 celebravit.
2741 4151 3075 4230 Quasdam

720 4266 998 4351 integras
1028 4272 1234 4334 curtes
1266 4267 1554 4334 abbatiae
1583 4267 1927 4334 infeodavit
1957 4272 2020 4335 et
2048 4268 2279 4334 multos
2308 4288 2562 4334 mansos
2591 4273 2726 4335 tam
2756 4269 3073 4356 oppigne—

867 4432 907 4464 a.
945 4418 1230 4465 iurisditione
1262 4436 1302 4465 c.
1424 4417 1470 4465 b.
1510 4418 1776 4466 reliosorum
1807 4437 1847 4465 c.

865 4514 914 4568 1.
951 4513 1037 4568 tit.
1062 4511 1116 4569 S.
1143 4513 1425 4570 vestinae.
1567 4515 1620 4568 2.
1655 4513 2045 4571 Leeuwarden.
