3319 5242
876 472 1175 521 wmsnm
1217 472 1590 523 nmsrom
1636 472 1714 521 97.
1746 473 1822 520 es.
2396 452 2522 522 173

195 633 313 679 rum
357 632 580 680 rerum
623 620 963 699 cessarent,
1010 615 1306 701 quoniam
1341 615 1515 682 nulla
1545 615 1833 702 cappella
1860 615 2016 682 haec
2047 616 2086 682 a
2113 635 2232 682 sua
2257 615 2521 683 matrice
2559 619 2698 675 1148

194 730 308 796 iure
351 729 522 797 solet
564 731 837 816 exigere,
886 731 1035 817 quia
1079 731 1169 797 hii
1216 732 1324 818 qui
1358 731 1678 818 cappellas
1708 737 2216 817 construxerunt,
2261 737 2521 819 propter

193 844 408 912 laboris
441 847 903 933 compendium,
951 867 1030 913 ne
1062 847 1142 913 ad
1170 849 1497 915 matricem
1528 848 1897 915 aecclesiam
1925 848 2110 933 longe
2139 848 2518 932 laborarent,

193 982 257 1029 ex
296 964 435 1030 suis
478 964 757 1050 propriis
802 963 1047 1030 collatis
1094 963 1173 1030 ad
1220 984 1471 1031 omnem
1501 965 1991 1051 oportunitatem
2023 964 2343 1052 cappellae
2373 985 2520 1051 pro-

193 1078 389 1146 videre
437 1081 883 1166 promiserunt.
977 1078 1094 1146 Cui
1149 1081 1497 1148 sententiae
1550 1100 1694 1147 cum
1739 1080 2041 1165 magister
2083 1080 2519 1162 B(aldovinus)

190 1215 298 1261 non
342 1196 795 1281 acquiesceret,
841 1196 1131 1262 monachi
1178 1196 1391 1263 Sancti
1420 1196 1728 1282 Medardi,
1774 1197 2058 1263 videntes
2090 1200 2174 1264 'se
2218 1197 2521 1264 dilatione

190 1331 308 1379 esse
366 1312 708 1378 frustratos
761 1317 828 1378 et
866 1332 1070 1398 neque
1114 1333 1231 1399 per
1274 1314 1372 1379 ius
1419 1319 1529 1379 aut
1570 1334 1688 1400 per
1733 1313 2130 1379 concordiam
2176 1334 2293 1380 sua
2334 1333 2520 1399 posse

189 1429 455 1516 recipere
468 1479 488 1513 ,
546 1434 793 1496 vestrae
848 1428 1237 1497 celsitudinis
1293 1430 1682 1515 presentiam
1736 1429 2212 1517 appellaverunt
2268 1435 2331 1496 et
2386 1449 2521 1495 ma-

187 1546 446 1628 gistrum
474 1543 942 1628 B(aldovinum)
974 1547 1199 1613 vestris
1239 1545 1458 1612 adesse
1489 1546 1911 1613 tribunalibus
1940 1547 2008 1613 in
2054 1552 2276 1613 octava
2319 1546 2521 1612 sancti

188 1659 436 1728 Martini
455 1657 492 1747 ยน,
539 1661 719 1728 nobis
766 1667 830 1728 et
873 1661 1091 1728 multis
1138 1661 1558 1745 audientibus,
1605 1662 1990 1730 indixerunt.

193 1870 298 1945 98.
348 1877 747 1943 Corbeiemes
790 1877 1061 1943 Wibaldi
1102 1880 1368 1944 reditum
1413 1890 1764 1965 exposcunt.
2243 1874 2351 1957 (M.
2387 1876 2519 1958 81.)

347 2007 603 2075 Dilecto
648 2010 716 2075 in
753 2007 1003 2076 Christo
1062 2011 1233 2097 patri
1286 2015 1351 2077 et
1396 2010 1649 2077 domino
1696 2030 1809 2076 suo
1844 2007 2132 2077 Wibaldo
2177 2009 2523 2077 venerabili
2559 2013 2698 2069 1148

187 2121 543 2192 Corbeiensi
599 2125 814 2192 abbati
869 2126 1099 2192 fratres
1158 2124 1553 2193 Corbeiensis
1621 2125 1961 2193 aecclesiae
2014 2126 2294 2193 debitam
2349 2126 2521 2213 patri

188 2239 599 2308 obedientiam
646 2245 710 2306 et
754 2240 1044 2308 devotam
1089 2243 1444 2309 orationum
1489 2243 1879 2309 instantiam.

346 2356 882 2441 Congratulamur
937 2358 1307 2444 paternitati
1365 2364 1642 2443 vestrae,
1703 2359 1870 2445 quod
1913 2378 2288 2445 prosperum
2334 2378 2521 2425 even-

185 2477 308 2539 tum
361 2472 679 2540 habuistis
732 2473 800 2540 in
845 2475 1293 2560 componendis
1336 2475 1436 2541 his
1451 2525 1469 2559 ,
1531 2496 1693 2561 quae
1736 2476 1903 2541 inter
1945 2475 2230 2542 homines
2277 2480 2519 2542 vestros

187 2588 598 2674 dissidebant,
657 2594 794 2657 tum
847 2596 1109 2679 propter
1163 2612 1276 2659 vos
1321 2596 1457 2659 tum
1502 2596 1766 2680 propter
1807 2592 2035 2660 fratres
2079 2596 2328 2659 nostros
2377 2590 2519 2659 Sta-

184 2705 466 2774 bulenses
479 2757 500 2791 ,
557 2713 695 2773 tum
751 2708 943 2774 etiam
1000 2714 1263 2795 propter
1307 2729 1421 2776 nos
1434 2759 1452 2793 ,
1511 2710 1620 2795 qui
1663 2708 1861 2776 multo
1909 2709 2217 2776 desiderio
2263 2730 2520 2796 presen-

184 2822 328 2890 tiam
375 2829 657 2891 vestram
702 2829 1125 2911 expectamus
1196 2824 1357 2904 Quia
1395 2825 1629 2892 etenim
1659 2846 1772 2892 vos
1803 2831 1874 2892 ut
1902 2830 2148 2912 patrem
2179 2825 2519 2910 diligimuS,

185 2958 427 3027 semper
491 2945 853 3028 presentem
919 2940 1153 3008 habere
1212 2940 1514 3008 vellemus
1528 2991 1547 3025 ,
1617 2946 1715 3008 set
1769 2942 2067 3027 quoniam
2123 2942 2524 3028 providentia

185 3063 386 3123 vestra
440 3056 523 3123 ad
581 3056 924 3123 multorum
979 3057 1487 3144 procurationem
1546 3062 1791 3144 spectat
1847 3062 1911 3124 et
1952 3058 2094 3124 ideo
2142 3057 2294 3124 solis
2338 3057 2519 3123 nobis

184 3171 502 3240 intendere
548 3192 947 3259 nequaquam
991 3178 1233 3261 potest,
1283 3173 1681 3240 obsecramus
1727 3173 2175 3260 paternitatem
2217 3177 2517 3257 vestram,

184 3294 248 3353 ut
288 3288 516 3356 saitem
561 3294 708 3375 post
751 3289 983 3357 multos
1029 3291 1184 3375 dies,
1231 3291 1457 3377 quibus
1501 3291 1823 3378 presentia
1865 3294 2080 3357 vestra
2123 3309 2269 3374 egre
2314 3289 2519 3356 carui-

183 3423 346 3488 mus,
404 3405 614 3472 redire
660 3405 742 3471 ad
788 3426 902 3473 nos
947 3427 1075 3473 non
1120 3407 1442 3491 abnuatis,
1491 3408 1758 3474 scientes
1804 3406 2026 3492 procul
2071 3405 2288 3489 dubio,
2351 3405 2518 3491 quod

184 3521 496 3604 presentia
540 3526 754 3588 vestra
796 3543 926 3589 non
969 3524 1176 3590 minus
1223 3544 1415 3609 quam
1460 3523 1688 3590 fratres
1725 3523 1925 3590 nostri
1957 3521 2360 3589 Stabulenses
2388 3522 2518 3589 iam

184 3634 548 3721 indigemus.
624 3636 766 3704 Non
812 3639 904 3705 eis
950 3640 1202 3725 quidem
1247 3640 1633 3727 presentiam
1678 3645 1957 3706 vestram
2001 3639 2374 3723 invidemus,
2421 3645 2520 3706 set

183 3753 357 3819 nobis
415 3754 491 3821 de
551 3754 840 3821 absentia
892 3761 1104 3823 vestra
1152 3756 1422 3823 multum
1468 3755 1888 3824 condolemus.
1958 3755 2119 3834 Quia
2161 3756 2358 3840 igitur
2401 3755 2517 3821 ali-

186 3869 547 3952 quantulum
600 3891 714 3938 vos
759 3871 840 3938 de
884 3872 1082 3958 ceptis
1126 3873 1447 3940 laboribus
1493 3871 1859 3959 expeditum
1904 3872 2193 3939 audimus
2206 3922 2226 3955 ,
2285 3872 2515 3939 iterum

184 3989 366 4070 atque
410 3986 640 4054 iterum
683 4008 1003 4072 rogamus,
1050 3975 1365 4075 quatinus,
1411 4010 1560 4056 mox
1592 3993 1664 4054 ut
1695 3988 1862 4055 hunc
1903 3989 2202 4056 nuncium
2236 3994 2513 4056 vestrum

183 4103 540 4187 receperitis
555 4153 574 4188 ,
630 4104 708 4170 de
760 4104 971 4172 reditu
1015 4111 1225 4172 vestro
1271 4106 1354 4172 ad
1395 4126 1511 4173 nos
1558 4105 1860 4173 ordinetis
1905 4124 2024 4171 nec
2065 4104 2227 4171 filios
2272 4110 2513 4174 vestros

184 4211 441 4283 ulterius
499 4219 579 4286 de
637 4220 926 4287 absentia
981 4227 1194 4288 vestra
1252 4220 1444 4306 affligi
1490 4222 1894 4308 permittatis
1965 4220 2196 4288 Omnes
2242 4241 2401 4307 pene
2444 4220 2513 4287 in

185 4331 432 4416 regione
472 4340 686 4404 vestra
730 4336 1132 4425 prophetant,
1179 4358 1291 4405 vos
1335 4338 1503 4405 ultra
1545 4358 1674 4406 non
1717 4338 2086 4407 rediturum.

322 4577 376 4632 l.
415 4577 543 4636 Nov.
572 4580 656 4635 18.
