3319 5242
860 440 1464 493 mouoemnus
1510 440 1953 492 conamusrs
2485 421 2571 488 47

258 582 445 650 forent
480 581 610 650 illis
657 603 920 653 numero
963 590 1029 652 et
1070 584 1443 652 fortitudine
1489 583 1966 671 comparabiles,
2013 582 2093 650 ob
2138 581 2307 668 quod
2348 587 2415 650 et
2439 581 2576 649 fue-
2664 585 2807 642 1146

257 704 385 765 rant
422 699 627 785 multi,
672 701 838 768 sicut
880 707 946 769 et
988 702 1139 769 sciri
1182 707 1394 789 potest
1433 721 1550 788 per
1592 700 1832 768 factum
1862 700 2143 767 omnium
2171 718 2333 785 pene
2362 698 2576 782 cogni-
2609 659 2705 708 ¹⁵⁸⁶
2729 659 2862 706 ω

257 815 398 881 ficui
439 822 818 884 consertum.

411 931 577 999 Nam
604 934 774 1000 cives
801 932 972 1018 ville,
1019 952 1180 1019 quae
1207 932 1682 1020 provinciarum
1710 931 1980 999 duarum
2009 930 2233 998 harum
2264 928 2579 998 Saxoniae

256 1065 318 1113 ac
355 1047 693 1134 Turingiae
735 1048 891 1117 fines
936 1050 1356 1134 disterminat,
1401 1049 1711 1133 Dhuwige
1754 1049 2029 1133 nomine,
2077 1068 2220 1115 cum
2249 1046 2581 1130 designata

252 1169 417 1231 nocte
457 1166 903 1250 cognovissent
942 1165 1108 1233 illos¹
1134 1165 1219 1233 ad
1261 1187 1329 1233 se
1371 1166 1589 1232 venire
1634 1164 2007 1248 decrevisse,
2054 1163 2266 1250 plures
2298 1164 2369 1229 in
2398 1163 2579 1230 auxi·-

252 1275 393 1345 lium
444 1301 635 1348 suum
679 1282 1079 1350 adsciverunt
1121 1288 1187 1351 et
1229 1282 1394 1349 clam
1438 1282 1506 1347 in
1551 1281 1882 1348 ecclesiam
1926 1284 2284 1348 statuerunt
2327 1285 2394 1347 et
2437 1299 2579 1346 eam

250 1396 706 1483 conpleverunt,
752 1405 845 1483 ut,
890 1399 1000 1466 ubi
1041 1399 1254 1466 hostes
1299 1398 1606 1482 venirent,
1653 1398 1817 1463 dono
1862 1397 2074 1463 divino
2106 1397 2380 1482 aliquem
2407 1397 2580 1483 ipso-

250 1530 377 1578 rum
418 1514 639 1581 vivum
683 1521 1000 1601 caperent,
1042 1535 1161 1602 per
1204 1535 1391 1601 quem
1435 1514 1711 1599 reliquos
1758 1514 1920 1581 scire
1946 1512 2250 1580 valerent.
2306 1512 2580 1580 Venien-

250 1627 402 1694 fibus
447 1649 601 1714 ergo
646 1629 795 1714 illis,
841 1638 940 1700 set
981 1652 1110 1698 non
1153 1637 1227 1698 ut
1267 1633 1377 1698 isti
1407 1630 1730 1713 obtabant,
1776 1629 1861 1697 ad
1890 1630 2219 1697 ecclesiam
2246 1630 2579 1697 unanimes

249 1749 304 1810 et
342 1745 533 1811 simul
579 1746 916 1832 accedunt,
963 1753 1028 1815 et
1069 1767 1188 1815 nec
1230 1767 1445 1814 morae
1488 1747 1599 1813 isti
1641 1747 2063 1813 intersticium
2107 1751 2455 1833 captantes,
2500 1746 2582 1812 de

247 1860 546 1929 cimiterio
587 1862 802 1930 fundis
847 1868 913 1930 et
954 1864 1176 1932 iaculis
1223 1883 1296 1931 ac
1338 1864 1574 1931 lanceis
1619 1863 1919 1929 eminant.
1996 1861 2099 1928 llli
2142 1882 2312 1947 ergo,
2359 1860 2580 1948 expul-

245 1977 472 2046 sionem
499 1979 609 2045 sui
634 1979 1024 2066 inpacienter
1052 1981 1346 2063 ferentes,
1392 1980 1542 2046 forti
1573 1980 1801 2046 annisu
1829 1978 2216 2063 restiterunt,
2264 1984 2329 2046 et
2355 1979 2582 2045 utrim-

245 2112 354 2179 que
394 2095 775 2163 acerrimam
814 2116 1093 2184 pugnam
1121 2102 1186 2163 et
1215 2096 1526 2162 diutinam
1556 2097 1712 2162 satis
1742 2099 2211 2179 conseruerunt,
2257 2114 2584 2180 quousque

247 2214 303 2275 et
339 2213 549 2278 tercio.
585 2211 966 2279 cimiterium
1008 2212 1136 2297 illi,
1162 2280 1165 2285 ,
1193 2213 1412 2279 invitis
1440 2213 1629 2297 istis,
1688 2211 2139 2295 obtinuissent,
2193 2215 2258 2279 et
2300 2210 2381 2278 de
2422 2211 2582 2297 ipsis

242 2323 519 2395 hostibus
565 2348 764 2394 unum
808 2328 1142 2396 dumtaxat
1182 2329 1388 2395 solum
1432 2349 1593 2415 pene
1628 2329 1987 2396 occiderent
2014 2332 2080 2394 et
2106 2331 2425 2414 caperent,
2473 2328 2585 2413 qui

246 2446 307 2508 et
342 2442 577 2511 Ouliko
625 2443 704 2511 de
748 2444 887 2512 vico
933 2445 1089 2512 satis
1133 2444 1480 2512 maiusculo
1526 2444 1886 2512 Dhiunethe
1929 2445 2196 2511 nomine
2217 2444 2580 2511 vocabatur.

243 2555 571 2646 Reliquum
602 2580 765 2628 vero
811 2561 978 2630 vitae
1025 2582 1175 2630 suae
1220 2562 1592 2646 crurifragio
1639 2563 1997 2630 adimerunt
2025 2567 2090 2628 et
2118 2561 2386 2628 duorum
2414 2579 2585 2627 com-

244 2674 471 2761 plicum
530 2697 820 2761 suorum,
877 2678 948 2743 in
1001 2679 1190 2745 unius
1247 2678 1586 2767 comperti·
1630 2679 1799 2762 loce,
1854 2698 1983 2744 non
2034 2678 2257 2744 eodem
2299 2683 2588 2764 tempore

245 2797 332 2858 set
372 2798 525 2880 post
569 2792 959 2879 aliquantulo
1005 2814 1278 2862 emenso.
1416 2793 1698 2879 Contigit
1735 2798 1966 2878 autem,
2013 2814 2093 2860 ex
2121 2793 2223 2859 his
2251 2792 2587 2881 plerosque

245 2909 455 2977 eodem
514 2929 683 2976 anno
742 2914 808 2976 et
862 2909 1082 2977 eodem
1137 2911 1438 2978 tormenti
1492 2911 1679 2977 modo
1735 2910 1978 2978 nobiles
2034 2909 2221 2994 satis,
2282 2913 2587 2994 quantum

245 3023 317 3091 ad
357 3024 713 3093 secularem
765 3026 1206 3112 propaginem,
1262 3027 1623 3111 damnatos,
1683 3031 1748 3094 et
1799 3025 2132 3093 nonnullos
2188 3031 2587 3092 extaerarum

248 3143 710 3225 provinciarum
783 3147 894 3209 aut
967 3143 1160 3210 etiam
1233 3143 1563 3228 refflonum
1633 3141 1857 3229 procul
1929 3142 2281 3229 positarum
2350 3140 2590 3228 petisse

245 3254 520 3325 latibula.

409 3373 661 3441 Eodem
701 3393 864 3440 anno
895 3374 1116 3443 nocte*
1147 3374 1343 3442 feriae
1373 3378 1637 3460 quartae
1680 3374 1897 3442 huius:
1944 3377 1985 3441 6
2019 3373 2158 3441 Kal.
2184 3373 2347 3458 Iulii,
2391 3372 2590 3440 frater
2621 3388 2717 3436 tm.
2740 3389 2801 3438 26

250 3489 498 3573 quidam
542 3489 730 3556 huius
776 3491 1021 3559 cenobii
1064 3510 1210 3557 cum
1254 3495 1504 3557 oratum
1546 3490 1704 3557 isset
1747 3491 1816 3557 in
1860 3491 2130 3577 criptam
2176 3489 2260 3557 ad
2291 3487 2593 3573 suffragia

248 3606 462 3674 unicae
517 3610 736 3674 sancte
749 3655 770 3691 ,
832 3607 1105 3693 peractis
1155 3607 1286 3673 iam
1329 3606 1802 3675 nocturnalibus
1848 3606 2249 3693 sollenpniis,
2305 3612 2370 3674 et
2412 3611 2588 3673 stans

249 3722 431 3789 cuam
476 3721 881 3789 reclinatorio
927 3728 1189 3806 semoto,
1233 3728 1494 3809 repente
1521 3723 1731 3790 visum
1761 3728 1859 3791 est
1887 3723 2029 3807 sibi,
2076 3743 2145 3790 se
2171 3727 2428 3810 raptum
2454 3723 2592 3789 fore

247 3835 309 3902 in
359 3839 754 3925 presentiam
802 3838 1044 3905 domini
1086 3839 1291 3905 nostri
1336 3838 1478 3906 Iesu
1523 3838 1791 3924 Christi,
1848 3839 2124 3908 sedentis
2168 3839 2237 3905 in
2281 3838 2592 3926 superiori

248 3958 308 4019 ct
347 3954 614 4022 ediciori
658 3953 792 4022 loco
822 3954 999 4021 coeli.
1071 3954 1231 4022 Cum
1261 3955 1474 4021 omnia
1501 3955 1711 4022 forent
1739 3956 2152 4023 circumfusa⁰
2181 3953 2592 4032 inenarrabili

246 4065 398 4137 lucis
446 4070 736 4138 claritate
749 4120 770 4154 ,
823 4069 999 4137 nulla
1045 4091 1165 4156 que
1207 4071 1460 4139 fuerant
1502 4071 1592 4139 ibi
1637 4071 1890 4140 valebat
1932 4072 2324 4159 conspicere,
2378 4076 2592 4159 preter

250 4185 412 4269 quod
454 4186 567 4254 lux
612 4187 691 4254 de
734 4185 1006 4254 Domino
1053 4207 1213 4273 pene
1241 4186 1588 4254 inedicibili
1615 4188 1802 4255 modo
1832 4187 2241 4274 procedebat3
2288 4186 2592 4274 exempli-

250 4297 393 4368 ficat
437 4309 654 4370 tamen
700 4338 782 4349 —
831 4303 952 4369 etsi
996 4322 1123 4369 non
1167 4304 1446 4389 proprie,
1492 4304 1805 4390 quomodo
1851 4309 2061 4371 autem
2104 4303 2276 4372 valet
2318 4304 2592 4389 quadam

253 4419 715 4508 comparatione
760 4456 843 4466 —
894 4420 1014 4504 sic,
1074 4419 1255 4505 quasi
1309 4418 1387 4487 de
1431 4419 1701 4487 fumario
1745 4421 1956 4488 fumus
2001 4426 2113 4488 aut
2152 4420 2319 4505 ignis
2364 4421 2444 4488 de
2488 4439 2590 4487 ca·

386 4563 680 4624 »comperti
710 4565 879 4624 cericei
901 4577 989 4621 pro
1019 4562 1218 4623 competi
1248 4580 1290 4610 c.
1412 4561 1460 4609 b.
1490 4564 1626 4611 nocte
1658 4563 1843 4611 addidi.
1967 4576 2009 4612 c.
2040 4564 2320 4611 circulum
2347 4579 2388 4610 ο.
