3319 5242
921 457 1218 506 wmanm
1259 457 1630 510 nmsronu:
1672 459 1777 507 196.
1813 458 1919 506 19⁷.
2456 442 2589 510 315

439 597 614 677 Quod
664 598 880 665 divina
920 600 988 666 in
1032 599 1337 668 aecclesia
1365 606 1591 668 -vestra
1632 606 1882 667 cessant
1923 608 1988 669 et
2029 622 2142 670 vos
2187 604 2227 670 a
2269 601 2593 689 sepultura
2625 610 2764 666 1149

281 713 738 781 christianorum
766 716 1188 803 prohibemini
1198 728 1240 802 ⁸,
1274 718 1718 785 inconveniens
1746 717 1927 784 nobis
1956 718 2224 804 videtur,
2253 719 2591 806 presertim

279 848 404 895 cum
432 830 544 898 sub
571 831 793 915 regula
820 832 1190 919 disciplinae
1220 833 1637 901 ecclesiastice
1669 839 1733 901 et
1755 836 2049 902 canonice
2071 835 2299 902 vivatis
2324 855 2397 902 ac
2419 854 2589 902 com-

277 946 435 1011 muni
473 947 803 1014 refectorio
847 953 911 1015 et
944 949 1309 1016 dormitorio
1341 955 1669 1017 contentae
1697 951 1855 1017 sitis.
1924 949 2229 1018 Nolumus
2258 951 2473 1035 igitur,
2518 956 2593 1018 ut

275 1081 424 1147 pena
448 1063 678 1131 iniuste
710 1069 775 1131 et
801 1064 1234 1150 irregulariter
1261 1067 1608 1134 viventium
1638 1067 1931 1154 deinceps
1963 1066 2347 1152 affligamini.
2408 1067 2590 1134 Unde

274 1179 646 1265 mandamuS,
689 1185 763 1247 ut
805 1180 1020 1247 divina
1061 1182 1131 1248 in
1170 1182 1472 1249 aecclesia
1499 1183 2050 1268 Quideleburgensi
2090 1203 2233 1250 cum
2279 1183 2589 1269 omnibus,

275 1313 416 1379 quae
443 1295 621 1363 vobis
668 1297 992 1382 debentur,
1040 1298 1336 1365 canonice
1380 1299 1603 1367 devote
1648 1306 1713 1367 et
1747 1300 2133 1369 sollemniter
2176 1299 2587 1368 celebrentur.

278 1505 433 1578 197.
469 1510 795 1598 anenius
814 1511 928 1578 ΙΠ
931 1536 1115 1600 papa
1148 1513 1433 1579 Conrado
1456 1513 1573 1580 ΙΠ
1585 1517 1723 1602 νερί
1763 1516 2108 1602 respondet,
2152 1539 2218 1580 se
2257 1516 2590 1582 Thiebaldo

460 1629 972 1714 praeposituram
998 1628 1378 1694 Xantensem
1424 1653 1502 1695 ea
1544 1631 1677 1717 leye
1711 1633 2056 1712 asseruisse,
2101 1643 2172 1697 ut
2200 1655 2356 1713 eam,
2402 1654 2592 1719 quam

473 1753 617 1810 ante
657 1742 984 1825 habuisset,
1025 1747 1535 1832 praeposituram
1579 1748 1929 1834 deponeret.
1995 1746 2267 1814 Henrico
2310 1750 2447 1835 reqn'
2485 1771 2590 1813 sa·

473 1860 661 1924 lutem
705 1860 969 1924 ascribit.
2266 1861 2374 1944 (Μ.
2417 1861 2591 1943 177.)

427 1991 750 2076 Eugenius
781 1992 1112 2080 episcopus
1141 2013 1360 2062 servus
1392 1951 1716 2061 servorum
1736 1994 1858 2062 Dei
1887 1995 2223 2062 karissimo
2253 1996 2322 2063 in
2344 1996 2592 2064 Christo
2628 2006 2768 2062 1149

264 2105 382 2173 filio
423 2108 764 2191 C(onrado)
819 2109 1055 2176 illustri
1095 2109 1521 2178 Romanorum
1575 2112 1712 2195 regi
1767 2112 2034 2178 salutem
2079 2117 2143 2180 et
2185 2112 2593 2200 apostolicam
2625 2080 2723 2128 ⁰⁰¹*
2744 2083 2774 2128 ⁶

263 2222 766 2292 benedictionem.

423 2339 702 2408 Litteras
756 2340 1164 2409 excellentiae
1208 2348 1355 2409 tuae
1399 2342 1609 2409 debita
1651 2341 2038 2426 benignitate
2081 2343 2433 2430 recepimus
2446 2394 2466 2429 ,
2524 2346 2593 2411 in

262 2457 473 2542 quibus
520 2458 918 2526 devotionem
960 2463 1025 2525 et
1052 2457 1363 2544 affectum,
1411 2479 1598 2545 quem
1629 2479 1780 2543 erga
1806 2463 2076 2524 matrem
2104 2463 2279 2525 tuam
2309 2465 2591 2527 sanctam

259 2571 596 2643 Romanam
666 2575 1033 2644 aecclesiam
1104 2581 1170 2644 et
1233 2596 1349 2643 nos
1417 2575 1591 2664 ipsos
1658 2575 1857 2660 geris,
1926 2573 2111 2663 plene
2166 2576 2590 2661 cognovimus.

259 2690 484 2770 Quibus
557 2694 750 2761 etiam
804 2693 1104 2780 inspectis
1117 2743 1136 2778 ,
1204 2693 1548 2781 plurimum
1601 2692 1965 2759 laetificavit
2015 2713 2130 2759 nos
2185 2692 2594 2778 benignitatis

258 2812 394 2877 tuae
434 2810 632 2898 plena
670 2812 914 2896 ingenti
958 2809 1288 2878 devotione
1331 2809 1677 2897 responsio.
1768 2808 1899 2876 Nos
1944 2809 2276 2895 siquidem,
2322 2815 2385 2878 te
2432 2811 2595 2877 sicut

258 2927 587 3011 moialem
643 2927 815 2995 beati
856 2927 1031 2994 Petri
1080 2926 1281 2993 filium
1327 2931 1390 2993 et
1431 2931 1770 3013 patronum
1815 2926 2097 2993 caritatis
2140 2926 2412 2994 brachiis
2458 2948 2593 2994 am-

256 3040 575 3127 plexantes
589 3093 608 3128 ,
666 3063 1004 3131 personam
1047 3048 1224 3110 tuam
1268 3042 1556 3129 cupimus
1599 3041 1910 3110 honorare
1955 3047 2045 3126 et,
2100 3047 2401 3128 quantum
2445 3063 2592 3131 per·

254 3158 443 3226 mittit
483 3159 759 3244 iusticia,
811 3160 1154 3246 peticiones
1198 3164 1339 3226 tuas
1384 3158 1735 3226 admittere.
1827 3157 1979 3225 Inde
2023 3163 2121 3225 est
2166 3159 2351 3244 quod,
2396 3160 2591 3227 maie-

254 3277 427 3343 statis
471 3282 623 3343 tuae
666 3276 959 3364 precibus
1002 3276 1319 3361 inclinati,
1376 3275 1696 3360 electioni,
1750 3294 1939 3360 quam
1982 3274 2335 3342 Xantenses
2378 3274 2591 3343 clerici

252 3390 325 3458 de
368 3392 599 3460 dilecto
648 3390 779 3459 filio
823 3399 1037 3459 nostro
1070 3391 1462 3476 T(hiebaldo)
1493 3390 1861 3478 cappellano
1891 3396 2000 3457 tuo
2028 3391 2331 3475 fecerunt,
2375 3413 2590 3459 assen-

253 3526 387 3574 sum
452 3509 842 3595 prebuimus.
946 3508 1059 3575 Set
1123 3508 1419 3594 quoniam
1478 3526 1799 3575 sacrorum
1852 3527 2161 3574 canonum
2216 3513 2281 3574 et
2335 3514 2590 3577 sanctae

249 3621 564 3692 Romanae
629 3624 966 3692 aecclesiae
1032 3625 1458 3691 sanctionibus
1527 3623 1840 3690 contraire
1905 3643 2032 3690 non
2083 3644 2417 3710 possumus
2471 3645 2591 3693 nec

251 3739 565 3826 debemus,
612 3746 862 3830 oportet
903 3762 1048 3808 eum
1093 3742 1293 3809 altera
1335 3742 1737 3828 prepositura
1781 3761 1919 3808 esse
1947 3745 2309 3807 contentum
2340 3745 2404 3807 et
2431 3741 2589 3809 alte-

249 3877 401 3942 ram,
447 3879 638 3945 quam
683 3858 860 3945 prius
904 3858 1176 3926 habebat
1193 3854 1229 3943 ¹,
1275 3857 1611 3925 dimittere.
1706 3858 1842 3925 Tua
1884 3876 2053 3942 ergo,
2098 3857 2431 3925 karissime
2473 3856 2586 3944 fili,

245 3973 536 4060 interest,
589 3975 684 4042 ita
738 3976 961 4041 matris
1017 3979 1165 4042 tuae
1215 3979 1469 4041 sanctae
1511 3973 1831 4041 Romanae
1887 3973 2225 4040 aecclesiae
2268 3974 2588 4040 dilectioni

249 4093 308 4155 et
349 4090 604 4158 affectui
648 4090 1028 4178 respondere
1073 4095 1137 4157 et
1179 4111 1442 4174 regnum
1485 4090 1604 4156 tibi
1662 4111 1702 4156 a
1741 4089 1876 4156 Deo
1921 4091 2325 4156 commissum
2371 4091 2584 4174 aequi-

246 4208 392 4273 tatis
449 4207 684 4274 iudicio
742 4208 1123 4292 gubernare,
1179 4212 1253 4272 ut
1308 4211 1372 4273 et
1419 4207 1561 4293 ipsa
1605 4210 1927 4293 speratum
1969 4206 2241 4271 fructum
2286 4211 2432 4271 tuae
2477 4205 2584 4273 de-

244 4324 513 4391 votionis
558 4344 629 4391 se
670 4325 983 4411 recepisse
1024 4323 1294 4390 laetetur
1337 4327 1402 4389 et
1439 4328 1586 4410 post
1612 4322 1960 4409 temporale
1987 4341 2252 4407 regnum
2280 4322 2583 4389 merearis

383 4480 428 4522 a:
468 4473 760 4536 prohibimini
793 4492 831 4520 c.

380 4572 433 4627 1.
470 4569 906 4641 praeposituram
940 4568 998 4626 S.
1022 4566 1273 4626 Severini
1310 4568 1715 4625 coloniensem.
1763 4567 1845 4625 cf.
1885 4583 2053 4638 supra
2087 4583 2215 4638 epp.
2241 4568 2346 4624 142
2372 4572 2429 4624 et
2460 4567 2581 4624 143.
