3319 5242
673 342 798 408 168
1449 359 1746 407 wmALm
1788 357 2120 408 nrrsrom
2159 358 2235 406 94.

496 504 635 561 1148
669 502 1018 585 degustata,
1067 500 1145 567 de
1178 500 1405 566 futuris
1438 499 1625 567 anxie
1666 500 1923 567 timetis.
1999 499 2124 567 Sed
2155 499 2547 569 Stabulensis
2577 501 2896 570 aecclesia
2930 539 3014 550 —

670 638 829 702 quae
873 637 987 682 nos
1032 616 1232 683 lacteo
1275 616 1531 703 pietatis
1580 616 1879 683 alimento
1923 617 2194 683 nutrivit
2237 623 2333 702 et,
2394 617 2624 685 delicta
2666 620 3015 687 iuventutis

668 737 922 801 nostrae
968 738 1031 799 et
1073 733 1461 817 ignorantias
1507 738 1759 800 nostras
1803 753 1932 799 non
1975 733 2418 818 reminiscens,
2478 754 2627 819 noe,
2674 736 2731 801 si
2776 756 2907 822 qua
2949 738 3017 803 in

668 849 1016 937 prelatione
1061 849 1459 917 existimatur
1503 849 1811 934 dignitas,
1868 850 1949 915 ad
1992 870 2308 916 summum
2356 850 2455 916 sui
2499 851 2826 935 regiminis
2872 873 3018 938 gra-

668 966 817 1033 dum
860 967 1154 1052 provexit
1193 1003 1277 1012 —
1321 967 1577 1033 interim
1625 968 1776 1033 dum
1820 942 1999 1033 vobis
2035 965 2404 1052 militamuS,
2451 967 2913 1055 multiplicibus
2943 989 3018 1037 ac
3146 995 3153 1003 ·

665 1082 1126 1149 miserabilibus
1170 1083 1374 1150 modis
1418 1083 1487 1148 in
1532 1083 1751 1170 preda,
1797 1083 1867 1148 in
1909 1082 2239 1166 incendiis,
2285 1083 2354 1149 in
2402 1085 2721 1151 cotidiana
2757 1087 3014 1172 rapina,

665 1200 734 1265 in
777 1199 1032 1266 cedibus
1076 1199 1354 1266 lacerata
1398 1204 1512 1265 est.
1583 1199 1688 1265 Ad
1736 1219 1892 1284 quas
1935 1199 2351 1267 contriciones
2393 1201 2729 1286 sanandas,
2777 1223 2860 1268 ex
2892 1224 3015 1289 quo

667 1337 707 1382 a
750 1315 975 1382 domno
1021 1335 1190 1403 papa
1232 1316 1627 1399 recessimus,
1674 1313 1810 1382 Deo
1853 1316 2134 1402 propicio
2165 1315 2348 1382 nobis
2379 1317 2461 1383 ad
2490 1336 2710 1404 preces
2740 1318 3016 1386 fratrum

665 1438 1025 1499 nostrorum
1069 1433 1138 1498 in
1183 1432 1565 1498 adiutorium
1610 1437 1900 1497 nostrum
1944 1431 2310 1499 intendente
2324 1483 2344 1517 ,
2388 1453 2518 1499 non
2563 1433 2880 1502 inutiliter
2922 1434 3017 1520 la-

664 1548 1056 1630 boravimu83
1119 1553 1184 1615 et
1228 1547 1658 1615 circumdante
1704 1568 1821 1615 nos
1869 1553 2044 1614 scuto
2091 1549 2341 1615 divinae
2386 1549 2659 1633 gratiae,
2719 1548 3017 1619 inimicos

665 1663 1024 1747 aecclesiae,
1071 1683 1188 1730 sua
1228 1664 1649 1750 prosperitate
1694 1664 2039 1731 inebriatos
2070 1669 2134 1731 et
2162 1665 2351 1732 rebus
2382 1685 2733 1752 pauperum
2763 1673 3017 1734 nostro·

664 1800 807 1846 rum
875 1780 1137 1864 ditatos,
1209 1779 1325 1846 sub
1389 1779 1608 1864 iugum
1665 1780 2164 1848 aecclesiasticae
2219 1781 2591 1868 disciplinae
2644 1782 3016 1851 humiliatos

663 1896 938 1962 vidimus
999 1901 1063 1961 et
1115 1900 1446 1981 querentes
1490 1896 1886 1964 reconciliari
1932 1896 2302 1981 aecclesiae,
2360 1917 2550 1982 quam
2596 1896 3014 1966 offenderunt.

668 2012 779 2079 Set
834 2011 1129 2098 quoniam
1187 2032 1379 2078 causa
1436 2011 1711 2080 difficilis
1770 2016 1867 2079 est
1921 2018 1984 2078 et
2035 2011 2104 2079 in
2147 2013 2266 2080 hac
2306 2014 2784 2100 perturbatione
2827 2016 3021 2083 multi

666 2134 797 2196 tam
843 2129 911 2194 in
955 2129 1242 2216 personis
1289 2150 1481 2215 quam
1525 2130 1596 2195 in
1639 2129 1848 2210 rebus⁸
1874 2128 2006 2194 suis
2051 2129 2329 2213 graviter
2375 2129 2597 2197 offensi
2636 2137 2807 2216 sunt,
2857 2153 3018 2220 opus

666 2245 987 2333 plenariae
1040 2245 1572 2313 reconciliationis
1629 2245 1970 2333 procedere
2029 2244 2106 2313 de
2150 2243 2324 2312 facili
2365 2267 2493 2313 non
2537 2248 2775 2334 potuit3
2833 2250 3018 2316 cuius

665 2361 853 2429 finem
911 2363 1066 2430 adeo
1080 2412 1098 2447 ,
1160 2363 1237 2429 de
1295 2363 1502 2447 gratia
1544 2362 1668 2429 Dei
1720 2360 2134 2446 confidentes,
2191 2363 2618 2450 propinquum
2662 2384 3017 2451 speramus,

665 2483 765 2563 ut,
823 2479 1010 2546 rebus
1068 2479 1433 2564 compositis
1504 2484 1569 2545 et
1623 2478 1898 2565 pacatis,
1968 2478 2247 2565 expediti
2308 2479 2387 2544 ad
2445 2500 2558 2546 vos
2620 2484 2684 2546 et
2741 2481 3018 2549 absoluti

667 2595 902 2681 absque
958 2595 1288 2683 prolixiori
1339 2615 1521 2662 mora
1562 2595 1771 2663 redire
1816 2594 2157 2663 valeamus.
2226 2594 2482 2662 Etenim
2528 2597 2802 2665 transire
2846 2618 3020 2667 nunc

667 2713 749 2779 ad
792 2733 936 2797 vos,
990 2733 1116 2779 non
1163 2717 1329 2779 esset
1371 2711 1550 2778 vobis
1596 2712 1953 2797 consulere,
2001 2713 2111 2780 sed
2160 2711 2599 2780 Stabulensem
2644 2714 3016 2782 aecclesiam

666 2829 937 2917 turpiter
983 2833 1047 2895 et
1091 2848 1236 2895 cum
1279 2834 1433 2895 nota
1459 2828 1712 2912 fugitivi
1742 2829 2049 2895 deserere.
2118 2829 2251 2895 Nec
2281 2829 2421 2895 ideo
2453 2830 2798 2914 tardamus,
2846 2832 3016 2917 quod

664 2951 811 3033 post
853 2945 1085 3012 multos
1131 2944 1379 3013 labores
1426 2951 1491 3012 et
1535 2943 2008 3029 sollicitudineS,
2060 2945 2286 3030 quibus
2330 2945 2460 3012 iam
2505 2944 2691 3031 longo
2727 2952 3014 3035 tempore

565 3086 568 3089 ’
665 3061 937 3149 inpliciti
980 3061 1235 3146 fuimus,
1282 3062 1565 3147 requiem
1594 3061 1777 3127 nobis
1814 3067 1879 3127 et
1913 3061 2300 3129 curationem
2331 3063 2809 3149 provideamus;
2859 3086 3014 3151 quo-

664 3179 838 3245 niam
897 3179 934 3245 a
988 3178 1332 3265 primordio
1392 3183 1647 3244 nostrae
1703 3177 2119 3264 promotionis
2175 3199 2497 3264 nunquam
2547 3185 2680 3247 tam
2726 3181 3012 3248 assiduas

668 3299 731 3362 et
776 3294 973 3361 animi
1019 3299 1081 3360 et
1128 3294 1409 3381 corporis
1446 3293 1847 3377 fatigationes
1878 3294 2271 3381 pertulimus.
2414 3295 2651 3363 Caveat
2676 3298 3014 3384 prudentia

666 3416 909 3495 vestra,
970 3429 1051 3476 ne
1107 3431 1353 3493 rumor,
1413 3409 1522 3495 qui
1576 3409 1655 3475 de
1708 3415 1921 3476 monte
1977 3417 2189 3478 vestro
2235 3410 2670 3480 Brunesberch
2715 3413 3010 3497 agitatur,

670 3527 748 3594 ab
793 3527 891 3593 his
940 3526 1146 3593 alatur
1193 3532 1257 3594 et
1303 3531 1624 3611 augeatur,
1681 3527 1790 3612 qui
1833 3546 1948 3594 nos
1996 3528 2276 3595 eiusdem
2318 3530 2550 3596 montis
2597 3527 2839 3597 edificio
2886 3550 3009 3597 non

670 3644 906 3729 absque
960 3663 1188 3727 magno
1241 3643 1457 3711 labore
1516 3648 1580 3710 et
1633 3643 1902 3730 inpensa
1956 3644 2193 3711 involvi
2248 3645 2623 3713 desiderant.
2809 3644 3011 3734 Super

669 3761 929 3843 damn0,
987 3759 1153 3845 quod
1198 3759 1440 3826 civibus
1488 3765 1552 3827 et
1595 3760 2116 3829 ministerialibus
2160 3763 2393 3828 nostris
2440 3763 2517 3828 de
2562 3761 2823 3829 Huxera
2866 3782 3009 3829 con-

668 3877 846 3961 tigit,
899 3875 1083 3943 valde
1128 3875 1441 3961 dolenteS,
1503 3877 1732 3944 domno
1779 3898 1983 3966 papae
2028 3878 2485 3964 querimoniam
2531 3879 2647 3945 sub
2692 3877 3006 3945 celeritate

669 3992 1153 4076 transmisimuS,
1203 3997 1474 4078 oranteS,
1519 3998 1593 4060 ut
1639 3994 1980 4061 secundum
2024 3995 2293 4062 formam
2333 3995 2570 4062 decreti
2600 3995 2639 4061 a
2666 4015 2736 4061 se
2765 3996 2835 4061 in
2864 4016 3004 4063 con—

670 4109 813 4177 cilio
859 4108 1153 4176 Remensi
1210 4116 1495 4177 recenter
1550 4110 1877 4176 constituti
1933 4159 1949 4176 .
1985 4160 2001 4177 .
2039 4161 2053 4177 .
2090 4162 2105 4177 .
2123 4122 2144 4147 ·
2191 4112 2515 4178 dominum
2559 4116 2850 4178 nostrum
2891 4111 3005 4178 Pa-

670 4226 1184 4293 therbornensem
1235 4226 1600 4314 episcopum
1618 4223 1635 4254 ¹
1676 4226 2010 4311 diligenter
2054 4233 2478 4313 commoneat,
2538 4229 2835 4315 quatinus
2862 4227 3003 4296 Ful-

811 4391 853 4424 a.
894 4378 1066 4424 lacuna
1096 4379 1142 4423 ίιι
1174 4379 1279 4425 cod.

810 4474 863 4531 1.
895 4471 1291 4531 Bernhardum.
