3319 5242
569 1323 709 1379 1150

566 1398 660 1446 Feb

746 453 878 520 346
1501 470 1801 518 wmanm
1841 468 2173 518 nmsrom
2216 468 2325 517 m.

750 610 928 682 227.
970 614 1284 680 Amoldus
1300 615 1703 702 praepositus
1736 613 2129 695 Coloniemu‘s,
2168 612 2444 680 Com-adi
2472 616 2637 702 reyis
2666 614 3057 698 cancellarius,

965 729 1246 796 wibaldo
1286 732 1512 812 scribit,
1559 730 1912 796 Amoldum
1930 728 2281 817 ‘archiepisc
2469 779 2490 814 ,
2536 731 2810 797 Romam
2836 733 3060 813 iturum,

970 846 1306 912 ssiebaldo
1326 848 1693 934 praeposito
1723 845 2033 912 Xantensn’
2060 846 2356 912 damnum
2384 845 2622 934 insen-e
2648 846 2819 913 velle.
2862 846 3064 913 Archo·-

969 965 1323 1052 epn'soopum
1366 964 1573 1030 iuvari
1599 986 1729 1029 non
1756 963 1898 1029 vult.
1966 962 2405 1049 Praepositum
2437 986 2478 1028 a
2506 987 2654 1050 αρε
2674 986 2894 1051 papae
2922 985 3065 1029 com-

962 1080 1250 1146 mendam·
1293 1081 1480 1168 cupit,
1527 1090 1608 1145 ut>
1642 1080 1701 1145 ei
1745 1079 1937 1145 aliam
1980 1101 2223 1167 quoque
2256 1080 2767 1166 praeposituram
2810 1081 3067 1168 accipere

962 1198 1160 1263 liceat.
2767 1191 2875 1275 (M.
2914 1193 3065 1274 178.)

921 1318 1348 1387 Dilectissimo
1394 1317 1649 1384 domino
1695 1336 1809 1382 suo
1849 1314 2192 1400 wibaldo)
2238 1315 2609 1402 A(rnoldus)
2658 1337 2813 1386 suae
2857 1319 3067 1388 sancti-

661 1412 699 1445 r.
741 1437 892 1507 tatis
937 1437 1200 1504 devotus
1246 1433 1519 1501 famulus
1564 1453 1634 1500 se
1676 1453 1795 1521 per
1840 1433 2070 1500 omnia.

918 1553 1172 1620 Gratias
1216 1551 1355 1618 Deo
1402 1557 1467 1618 et
1509 1550 1764 1616 domino
1809 1570 1950 1617 meo
1969 1546 1987 1578 ¹
2031 1553 2098 1616 et
2149 1553 2399 1618 vestrae
2444 1548 2855 1618 excellentiae
2896 1551 3071 1619 refert

740 1672 1002 1738 intimus
1058 1674 1128 1736 et
1164 1665 1367 1734 fidelis
1412 1672 1622 1734 vester
1678 1666 1945 1733 domnus
1989 1664 2333 1732 Xantensis
2378 1665 2810 1750 T(hiebaldus)
2823 1718 2843 1753 ,
2903 1689 3069 1754 quem

740 1793 991 1855 vestrae
1035 1785 1275 1852 creavit
1316 1783 1665 1850 industriae
1709 1782 2046 1870 perspicax
2092 1780 2379 1866 effectus;
2428 1787 2493 1849 et
2534 1803 2648 1867 ego
2683 1804 2804 1870 pro
2833 1784 3069 1852 modulo

741 1922 882 1970 meo
926 1921 1043 1989 pro
1087 1901 1227 1988 ipso
1273 1901 1537 1987 pedibus
1582 1899 1812 1966 vestris
1857 1918 2002 1966 cum
2046 1897 2422 1965 multimoda
2455 1899 2808 1983 gratiarum
2844 1901 3070 1968 actione

740 2017 1093 2107 provolvor.
1158 2017 1407 2085 Dabitis
1454 2021 1664 2083 autem
1706 2020 1854 2103 post
1895 2015 2332 2099 irrigationem
2378 2015 2438 2082 ei
2479 2015 2962 2103 incrementum,
3003 2039 3072 2085 ne

739 2135 1051 2224 plantatio
1094 2140 1308 2201 vestra
1352 2133 1725 2217 eradicetur,
1772 2133 1830 2199 si
1868 2152 1998 2199 non
2025 2132 2219 2198 fuerit
2244 2133 2542 2201 fomentis
2572 2135 2948 2201 necessariis
2977 2135 3073 2200 ad-

739 2253 891 2319 iuta.
949 2251 1235 2318 Domnus
1267 2250 1436 2317 enim
1467 2248 1860 2316 Coloniensis
1873 2245 1917 2335 ²,
1946 2249 2214 2316 Romam
2243 2249 2312 2315 in
2339 2250 2631 2336 proximo
2659 2248 3072 2337 proficiscens,

738 2389 883 2436 cum
926 2368 1124 2435 fratre
1153 2366 1507 2433 Bunnensis
1521 2360 1543 2394 ³
1573 2364 1645 2432 F.
1698 2386 1842 2433 eum
1887 2386 2153 2450 gravare
2191 2366 2496 2449 intendit3
2544 2371 2627 2451 et,
2674 2367 2731 2432 si
2774 2368 2919 2455 ipse
2945 2387 3072 2452 grat·

737 2487 867 2552 tiae
911 2485 1126 2550 domni
1169 2503 1373 2570 papae
1419 2504 1534 2550 sua
1576 2484 1848 2570 pecunia
1892 2481 2216 2550 conciliari
2259 2487 2490 2569 potest,
2539 2483 2688 2569 quia
2717 2483 2848 2551 alia
2876 2485 2935 2551 ei
2976 2484 3074 2551 de-

737 2606 888 2669 sunt
928 2599 1312 2688 patrocinia,
1372 2621 1411 2667 a
1465 2600 1869 2688 prepositura
1909 2598 2221 2667 Xantensi
2276 2598 2576 2667 domnum
2622 2599 3074 2683 T(hiebaldum)

738 2738 1031 2786 amovere
1086 2717 1367 2804 disponit
1380 2767 1399 2802 ,
1456 2723 1521 2784 et
1575 2717 1880 2784 domnum
1920 2714 1993 2782 F.
2053 2716 2274 2783 eadem
2326 2716 2647 2784 investire.
2736 2716 3076 2786 Exoratam

736 2835 952 2920 itaque
998 2832 1396 2900 dilectionem
1440 2838 1739 2918 vestram,
1787 2853 1909 2918 que
1953 2852 2277 2919 nunquam
2304 2853 2421 2899 nos
2451 2833 2759 2919 destituit,
2806 2855 2947 2902 esse
2977 2855 3078 2901 vo-

736 2950 946 3018 lumus
959 3000 979 3035 ,
1037 2951 1333 3037 quatinus
1393 2971 1432 3017 a
1485 2950 1742 3017 domino
1798 2969 1942 3015 meo
1985 2969 2134 3034 rege
2179 2955 2393 3016 vestra
2436 2955 2502 3016 et
2542 2955 2764 3016 nostra
2806 2950 3080 3018 obtineat

736 3067 988 3155 peticio,
1037 3072 1110 3133 ut
1151 3067 1356 3134 denuo
1402 3086 1802 3154 nequaquam
1842 3065 2125 3132 ruiturus
2139 3061 2161 3094 ⁴
2191 3064 2623 3148 confirmetur3
2672 3071 2736 3133 et
2780 3067 2840 3133 si
2885 3066 3079 3134 archi-

739 3184 1070 3271 episcopus
1130 3183 1297 3270 quod
1352 3182 1634 3270 postulat
1697 3187 2067 3249 consecutus
2133 3183 2357 3266 fuerit,
2426 3182 2627 3268 ipsius
2693 3185 3082 3269 protectione

738 3300 1132 3367 auctoritati·
1163 3299 1380 3366 domni
1407 3320 1613 3387 papae
1643 3298 2114 3366 commendetur
2126 3293 2170 3382 ⁸,
2215 3299 2310 3364 ita
2347 3303 2437 3382 ut,
2484 3299 2541 3364 si
2573 3297 2837 3365 alterius
2868 3299 3082 3366 electio

740 3416 1080 3484 aecclesiae
1125 3437 1270 3483 eum
1314 3415 1636 3482 vocaverit
1672 3415 1738 3480 in
1770 3415 2186 3502 prepositum,
2231 3415 2592 3482 interventu
2620 3414 2865 3481 domini
2894 3415 3018 3482 mei
3048 3434 3086 3479 a

741 3532 969 3599 domno
1012 3552 1186 3619 papa
1228 3532 1541 3619 promotio
1586 3530 1734 3598 talis
1779 3531 1840 3599 ei
1883 3551 2011 3598 non
2054 3536 2338 3615 negetur.
2413 3530 2545 3597 Has
2586 3551 2737 3597 vero
2778 3530 3028 3598 litteras
3040 3525 3082 3612 ⁸,

741 3650 891 3734 quia
932 3669 1060 3715 non
1107 3653 1205 3715 est
1247 3648 1456 3715 scriba
1499 3649 1763 3732 doctior,
1810 3654 1883 3715 ut
1925 3654 2140 3715 vestra
2183 3646 2477 3714 discretio
2523 3647 2764 3714 dictare
2806 3669 2936 3714 non
2979 3647 3083 3713 de-

740 3766 1053 3850 dignetur,
1099 3763 1421 3831 humiliter
1453 3766 1756 3852 deposc03
1807 3771 1871 3832 et
1909 3764 2185 3849 sigillum
2232 3784 2492 3831 aureum
2537 3783 2651 3849 per
2693 3764 3082 3850 presentium

740 3881 1111 3969 portitorem
1155 3901 1284 3947 una
1325 3900 1467 3947 cum
1496 3879 1729 3948 litteris
1760 3902 1904 3948 cum
1933 3881 2335 3949 festinatione
2364 3880 2830 3947 transmittatis·
2987 3878 3084 3945 Dc

739 4003 947 4066 cetero
995 3994 1360 4085 acephalas⁷
1404 4018 1534 4065 non
1580 3998 1883 4066 audemus
1935 3998 2217 4081 mittere;
2276 3996 2444 4084 quod
2499 4001 2713 4065 tamen
2767 4015 2896 4064 non
2950 3996 3082 4062 sine

740 4136 932 4183 causa
972 4114 1254 4182 fecimus.

882 4246 924 4279 ι.
960 4231 1235 4292 protectioni
1265 4230 1534 4278 auctoritate
1566 4230 1672 4278 cod.

882 4319 934 4373 1.
980 4317 1233 4373 Conrado
1278 4317 1416 4387 regi.
1557 4317 1611 4379 2.
1657 4314 1941 4373 Amoldus
1975 4315 2004 4370 1
2048 4314 2525 4385 archiepiscopus,
2568 4329 2604 4369 a
2648 4328 2796 4384 papa
2835 4315 3073 4378 vocatus,

738 4423 794 4464 v.
820 4421 909 4477 ep.
935 4407 1041 4461 204
1075 4421 1243 4475 supra
1275 4420 1333 4475 p.
1357 4406 1481 4462 324.
1608 4405 1662 4460 3.
1700 4404 1969 4462 Gerhardi
2004 4404 2306 4475 praepositi
2342 4403 2672 4461 Bonnensis.
2794 4404 2847 4459 4.
2883 4397 3073 4457 Arnol·

739 4496 846 4552 dus
881 4493 1346 4564 archiepiscopus.
1491 4493 1543 4549 5.
1590 4492 1931 4550 Thiebaldus
1964 4493 2333 4563 praepositus.
2476 4494 2531 4548 6.
2573 4492 2722 4563 regis
2756 4492 2828 4548 ad
2860 4503 3068 4562 papam·

743 4585 795 4641 7.
829 4584 1045 4639 litteras
1079 4584 1200 4640 sine
1235 4583 1625 4655 inscription03
1659 4598 1716 4639 v.
1742 4598 1871 4653 epp.
1893 4585 2000 4639 223
2024 4588 2083 4639 et
2105 4583 2210 4640 226
2246 4597 2416 4653 supra
2449 4598 2507 4652 p.
2532 4581 2638 4637 342
2660 4584 2719 4639 et
2739 4581 2861 4637 344.
