3319 5242
726 431 861 498 282
1479 450 1779 498 wmALm
1820 448 2149 498 amsa-ona
2196 449 2304 497 167.

551 596 695 652 1149
728 591 862 658 sive
893 590 1263 676 delirabant,
1293 590 1489 658 nichil
1518 592 1846 659 nocebant.
1894 592 1967 658 In
1996 591 2339 658 moralibus
2362 611 2513 659 vero
2541 589 2756 658 nullus
2785 590 3054 675 discidio,

726 706 935 775 nullus
981 709 1180 775 errori
1223 708 1396 775 locus
1442 714 1568 790 est3
1625 728 1823 774 unum
1880 709 2116 776 sentire
2173 728 2391 775 omnes
2448 713 2701 794 oportet
2742 708 3056 795 ipsamque

725 823 1188 911 philosophiam
1231 844 1356 890 uno
1404 825 1584 910 quasi
1618 844 1727 891 ore
1756 825 2103 911 precipere,
2151 824 2319 910 quia,
2365 824 2423 890 si
2465 824 2616 910 quid
2660 825 2858 890 fuerit
2900 844 3056 890 erra-

723 945 880 1025 tum,
926 942 1059 1008 vita
1091 941 1294 1007 omnis
1333 942 1653 1009 evertitur.
1727 941 1800 1007 In
1834 939 1949 1028 illa
1975 941 2177 1027 priori
2205 945 2409 1027 parte,
2440 945 2515 1006 ut
2542 940 2811 1026 periculi
2839 940 3055 1023 minus,

720 1058 815 1123 ita
856 1056 999 1144 plus
1045 1056 1432 1125 difficultatis
1480 1062 1595 1142 est,
1644 1057 1810 1142 quod
1858 1057 2125 1124 obscura
2166 1077 2379 1123 rerum
2418 1056 2584 1122 ratio
2622 1057 2794 1140 cogit
2823 1056 3060 1122 diversa

724 1180 786 1241 et
814 1173 993 1240 varia
1025 1175 1278 1241 sentire.
1348 1173 1421 1240 In
1465 1173 1602 1257 hac,
1653 1174 1819 1240 sicut
1860 1172 2003 1260 plus
2038 1172 2305 1260 periculi
2352 1178 2469 1256 est,
2513 1172 2608 1239 ita
2647 1172 2864 1238 minus
2908 1170 3058 1238 diffi-

722 1291 993 1374 cultatis,
1040 1292 1208 1377 quod
1251 1311 1401 1357 usus
1435 1291 1585 1376 *ipse
1628 1310 1840 1356 rerum
1873 1295 1937 1357 et
1966 1289 2314 1356 cottidiana
2342 1289 2777 1375 experimenta
2805 1294 3061 1375 possunt

721 1406 964 1490 docere,
1012 1407 1163 1493 quid
1209 1407 1294 1473 sit
1334 1406 1561 1472 melius
1608 1411 1674 1473 et
1716 1407 1947 1473 verius.
2041 1405 2452 1472 Conclamant
2492 1405 2689 1488 igitur
2734 1403 3060 1471 adversum

683 1509 688 1520 ¹
721 1544 788 1589 se
833 1523 1070 1589 scolae:
1129 1523 1444 1609 Epicurus
1502 1527 1722 1588 contra
1767 1522 2047 1589 Stoicum
2062 1571 2082 1605 ,
2141 1520 2389 1588 Stoicus
2436 1526 2656 1586 contra
2697 1520 3060 1607 Peripathe—

719 1640 937 1724 ticum,
965 1638 1464 1725 Peripatheticus
1496 1638 1796 1705 adversus
1825 1639 2347 1719 Achademicum3
2382 1643 2446 1703 et
2474 1656 2590 1724 pro
2620 1637 3061 1719 magistrorum

721 1757 1007 1823 acumine
1063 1760 1127 1821 et
1180 1755 1454 1821 inventis
1512 1759 1648 1821 tota
1704 1754 2155 1842 discipulorum
2212 1754 2401 1819 turba
2444 1753 2754 1835 decertat,
2819 1756 2887 1817 et
2939 1752 3061 1818 suis

720 1873 985 1957 quisque
1027 1872 1437 1937 munimentis
1481 1875 1923 1957 preceptorum
1969 1890 2154 1937 sensa
2199 1874 2263 1936 et
2308 1868 2479 1935 dicta
2518 1872 2730 1934 tuetur
2761 1872 2828 1934 et
2857 1867 3062 1934 multi-

719 1987 932 2075 plicat.
1113 1986 1325 2072 Atque
1352 1987 1422 2053 in
1450 2007 1597 2071 uno,
1646 1987 1816 2072 quod
1845 1992 1942 2052 est
1965 2006 2282 2053 summum
2325 2005 2400 2052 ac
2428 1983 2801 2071 principale,
2848 1984 2919 2050 in
2949 2003 3063 2069 quo

719 2104 914 2170 totius
960 2104 1308 2190 sapientiae
1353 2104 1541 2170 cardo
1586 2108 1877 2169 versatur
1890 2152 1908 2186 ,
1957 2108 2263 2187 quantum
2308 2101 2743 2183 dissenserint,
2790 2100 3060 2166 adverte-

718 2220 1031 2306 Epicurus
1077 2241 1393 2287 summum
1437 2221 1673 2287 bonum
1718 2220 1786 2284 in
1829 2219 2155 2305 voluptate
2201 2218 2397 2285 animi
2443 2237 2582 2284 esse
2627 2220 2873 2298 censet3
2920 2215 3063 2283 Ari-

719 2335 966 2423 stippus
1010 2337 1078 2402 in
1122 2336 1445 2425 voluptate
1490 2336 1805 2423 corporis;
1853 2335 2140 2421 Callipho
2187 2339 2251 2401 et
2294 2333 2667 2400 Inomachus
2680 2342 2702 2368 ·
2733 2331 3061 2418 Cyrenaici

717 2452 1110 2519 honestatem
1155 2472 1296 2518 cum
1341 2451 1666 2540 voluptate
1705 2453 2077 2533 iunxerunt3
2125 2450 2440 2516 Diodorus
2470 2450 2540 2515 in
2567 2449 2930 2535 privatione
2959 2450 3064 2515 do-

716 2568 868 2635 loris
915 2588 1230 2635 summum
1275 2569 1510 2636 bonum
1556 2567 1770 2655 ponit3
1828 2565 2212 2634 leronimus*
2256 2566 2324 2633 in
2367 2586 2496 2633 non
2543 2564 2844 2648 dolendo;
2893 2564 3063 2633 Peri-

714 2685 1020 2772 pathetici
1064 2691 1276 2751 autem
1319 2686 1388 2751 in
1433 2684 1614 2752 bonis
1662 2685 1858 2751 animi
1903 2690 1968 2751 et
2012 2684 2294 2771 corporis
2334 2688 2399 2749 et
2425 2682 2717 2749 fortunae
2746 2702 3063 2748 summum

714 2802 953 2870 bonum
996 2802 1304 2883 fatentur3
1363 2800 1598 2869 Hebilli
1611 2811 1633 2837 ⁶
1678 2821 1995 2867 summum
2039 2801 2274 2867 bonum
2320 2804 2419 2865 est
2463 2798 2747 2883 scientia,
2792 2796 3062 2865 Zenonis

716 2937 860 2985 cum
904 2924 1135 2985 natura
1178 2923 1593 3002 congruenter
1635 2916 1879 2999 vivere3
1927 2915 2321 3003 quomndam
2367 2914 2721 2982 Stoicorum
2762 2915 3063 2982 virtutem

716 3036 926 3121 sequi3
972 3033 1336 3101 Aristotiles
1381 3034 1449 3099 in
1493 3033 1823 3100 honestate
1867 3052 1942 3099 ac
1975 3033 2211 3099 virtute
2254 3051 2572 3098 summum
2615 3030 2851 3097 bonum
2894 3051 3063 3098 com-

714 3151 1055 3218 mendavit.
1215 3150 1387 3217 Heae
1429 3155 1578 3216 sunt
1604 3150 1740 3216 fere
1770 3166 1988 3216 omnes
2034 3148 2314 3215 omnium
2346 3146 2712 3214 sententiae.
2781 3146 2856 3212 In
2884 3152 3065 3213 tanta

715 3267 1080 3334 diversitate
1136 3287 1324 3351 quem
1376 3266 1819 3351 sequeremur?
1875 3266 1977 3332 cui
2033 3263 2469 3332 crederemus?
2523 3282 2669 3330 cum
2724 3282 2844 3349 par
2899 3268 3064 3329 esset

714 3383 996 3450 omnium
1053 3383 1393 3448 auctoritas
1407 3431 1425 3466 ,
1481 3381 1608 3448 nisi
1651 3381 1930 3448 venisset
1981 3380 2090 3446 ille
2147 3381 2254 3465 qui
2312 3379 2501 3446 dixit:
2560 3380 2702 3466 qu
2747 3401 2890 3445 sum
2932 3382 3058 3460 via,

714 3502 944 3566 ver-itas
991 3513 1048 3565 et
1089 3493 1289 3575 vita¹3
1337 3502 1430 3564 et:
1480 3497 1746 3564 Creditis
1789 3502 1861 3563 in
1904 3499 2136 3579 Deum,
2186 3511 2244 3563 et
2285 3501 2356 3562 in
2398 3519 2495 3561 me
2538 3489 2818 3561 credite².

896 3614 1069 3681 Haec
1113 3619 1246 3680 tam
1288 3613 1476 3697 longo
1524 3614 1766 3681 ambitu
1800 3614 1882 3680 ad
1909 3613 2030 3679 hoc
2058 3613 2229 3680 dicta
2256 3617 2423 3696 sunt,
2470 3616 2542 3677 ut
2569 3615 2737 3677 recte
2767 3610 3058 3693 scribere,

713 3730 1015 3839 §istincte
1057 3728 1297 3814 legere,
1345 3734 1492 3816 apte
1534 3730 1983 3816 pronunciare,
2028 3729 2501 3816 predicamenta
2544 3731 2608 3793 et
2650 3725 2832 3794 sedes
2876 3745 3057 3810 argu-

711 3842 917 3921 fienti
969 3866 1185 3930 nosse,
1244 3846 1626 3932 persuadere
1671 3846 1977 3930 dictione,
2033 3864 2441 3911 numerorum
2483 3843 2616 3909 vim
2660 3847 2725 3908 et
2766 3845 3057 3908 naturam

716 3964 1101 4049 intelligere,
1161 3963 1512 4028 armoniam
1568 3966 1634 4028 et
1689 3961 2026 4028 intervalla
2071 3961 2460 4044 discernere,
2517 3958 2753 4026 abacho
2800 3964 2867 4026 et
2907 3976 3055 4043 gno-

611 4090 622 4102 *
715 4101 901 4148 mone
958 4085 1023 4147 et
1080 4077 1417 4146 astrolabio
1473 4077 1847 4165 precellere,
1903 4077 2369 4166 complexiones
2416 4081 2481 4144 et
2522 4075 2832 4160 graduum
2875 4094 3055 4142 cone-

715 4199 936 4265 xiones
993 4196 1302 4281 iudicare,
1358 4215 1586 4282 parum
1609 4194 1732 4260 'vel
1776 4194 1970 4261 nichil
2015 4194 2227 4261 valere
2282 4194 2445 4261 scias
2459 4193 2504 4279 ¹¹,
2560 4193 2617 4259 si
2660 4212 2788 4258 non
2834 4211 3052 4276 cogno·

859 4398 900 4430 a.
939 4386 1008 4431 εἰσ
1034 4401 1119 4444 pro
1150 4380 1473 4429 Dinomachus.
1582 4380 1628 4427 b.
1659 4380 1913 4428 Ierominus
1946 4399 1984 4428 c.
2110 4394 2150 4428 c.
2180 4383 2250 4428 sic
2274 4397 2362 4442 pro
2393 4378 2569 4427 Herilli.
2693 4380 2742 4427 d.
2772 4381 2894 4428 scias
2924 4379 3050 4426 adds·-

715 4466 873 4513 domu
903 4466 1111 4510 Manena
1141 4474 1183 4510 et
1213 4463 1426 4510 Dwand.

859 4560 910 4613 1.
948 4556 1136 4614 Iohan.
1171 4557 1256 4627 14,
1286 4558 1340 4613 6.
1479 4557 1532 4612 2.
1569 4554 1763 4612 Iohan.
1795 4554 1880 4624 14,
1909 4556 1959 4611 1.
