<?xml version="1.0" encoding="UTF-8"?>
<!DOCTYPE html PUBLIC "-//W3C//DTD XHTML 1.0 Transitional//EN"
    "http://www.w3.org/TR/xhtml1/DTD/xhtml1-transitional.dtd">
<html xmlns="http://www.w3.org/1999/xhtml" xml:lang="en" lang="en">
 <head>
  <title>
</title>
<meta http-equiv="Content-Type" content="text/html;charset=utf-8" />
  <meta name='ocr-system' content='tesseract 3.04.00' />
  <meta name='ocr-capabilities' content='ocr_page ocr_carea ocr_par ocr_line ocrx_word'/>
</head>
<body>
  <div class='ocr_page' id='page_1' title='image "./monumentacorbei00corvgoog_0494.png"; bbox 0 0 3319 5242; ppageno 0'>
   <div class='ocr_carea' id='block_1_1' title="bbox 511 589 652 713">
    <p class='ocr_par' dir='ltr' id='par_1_1' title="bbox 511 589 652 713">
     <span class='ocr_line' id='line_1_1' title="bbox 512 589 652 647; baseline 0.007 -1"><span class='ocrx_word' id='word_1_1' title='bbox 512 589 652 647; x_wconf 83' lang='lat'>1152</span> 
     </span>
     <span class='ocr_line' id='line_1_2' title="bbox 511 665 651 713; baseline 0 0"><span class='ocrx_word' id='word_1_2' title='bbox 511 665 604 713; x_wconf 75' lang='lat' dir='ltr'><strong>Im.</strong></span> <span class='ocrx_word' id='word_1_3' title='bbox 621 667 651 713; x_wconf 81' lang='lat' dir='ltr'><strong>s</strong></span> 
     </span>
    </p>
   </div>
   <div class='ocr_carea' id='block_1_2' title="bbox 511 2108 655 2229">
    <p class='ocr_par' dir='ltr' id='par_1_2' title="bbox 511 2108 655 2229">
     <span class='ocr_line' id='line_1_3' title="bbox 511 2108 652 2164; baseline -0.021 0"><span class='ocrx_word' id='word_1_4' title='bbox 511 2110 539 2164; x_wconf 89' lang='lat'>1</span> <span class='ocrx_word' id='word_1_5' title='bbox 549 2108 652 2163; x_wconf 82' lang='lat'><strong>152</strong></span> 
     </span>
     <span class='ocr_line' id='line_1_4' title="bbox 514 2182 655 2229; baseline -0.007 0"><span class='ocrx_word' id='word_1_6' title='bbox 514 2183 607 2229; x_wconf 72' lang='lat' dir='ltr'><strong>Ian.</strong></span> <span class='ocrx_word' id='word_1_7' title='bbox 625 2182 655 2228; x_wconf 78' lang='lat'><strong>9</strong></span> 
     </span>
    </p>
   </div>
   <div class='ocr_carea' id='block_1_3' title="bbox 686 426 2371 493">
    <p class='ocr_par' dir='ltr' id='par_1_3' title="bbox 686 426 2371 493">
     <span class='ocr_line' id='line_1_5' title="bbox 686 426 2371 493; baseline -0.005 0"><span class='ocrx_word' id='word_1_8' title='bbox 686 426 821 493; x_wconf 82' lang='lat'><strong>484</strong></span> <span class='ocrx_word' id='word_1_9' title='bbox 1365 442 1666 489; x_wconf 74' lang='lat' dir='ltr'><strong>wmALm</strong></span> <span class='ocrx_word' id='word_1_10' title='bbox 1706 440 2085 489; x_wconf 64' lang='lat' dir='ltr'><strong>sprewam</strong></span> <span class='ocrx_word' id='word_1_11' title='bbox 2122 439 2229 485; x_wconf 72' lang='lat'><strong>849.</strong></span> <span class='ocrx_word' id='word_1_12' title='bbox 2262 436 2371 485; x_wconf 68' lang='grc' dir='ltr'><strong>εσυ.</strong></span> 
     </span>
    </p>
   </div>
   <div class='ocr_carea' id='block_1_4' title="bbox 684 573 3045 1602">
    <p class='ocr_par' dir='ltr' id='par_1_4' title="bbox 684 573 3045 1602">
     <span class='ocr_line' id='line_1_6' title="bbox 686 573 3031 668; baseline -0.004 -15"><span class='ocrx_word' id='word_1_13' title='bbox 686 584 1133 653; x_wconf 79' lang='lat' dir='ltr'><strong>exaltationem</strong></span> <span class='ocrx_word' id='word_1_14' title='bbox 1177 573 1354 668; x_wconf 82' lang='lat' dir='ltr'><strong>regni</strong></span> <span class='ocrx_word' id='word_1_15' title='bbox 1400 583 1605 650; x_wconf 86' lang='lat' dir='ltr'><strong>facere</strong></span> <span class='ocrx_word' id='word_1_16' title='bbox 1649 583 1867 651; x_wconf 78' lang='lat' dir='ltr'><strong>divina</strong></span> <span class='ocrx_word' id='word_1_17' title='bbox 1898 583 2153 649; x_wconf 87' lang='lat' dir='ltr'><strong>favente</strong></span> <span class='ocrx_word' id='word_1_18' title='bbox 2180 579 2519 648; x_wconf 87' lang='lat' dir='ltr'><strong>clementia</strong></span> <span class='ocrx_word' id='word_1_19' title='bbox 2548 578 2881 661; x_wconf 76' lang='lat' dir='ltr'><strong>ordinasti,</strong></span> <span class='ocrx_word' id='word_1_20' title='bbox 2923 598 3031 664; x_wconf 85' lang='lat' dir='ltr'><strong>per</strong></span> 
     </span>
     <span class='ocr_line' id='line_1_7' title="bbox 687 695 3030 789; baseline -0.004 -21"><span class='ocrx_word' id='word_1_21' title='bbox 687 701 1034 789; x_wconf 88' lang='lat' dir='ltr'><strong>apostolica</strong></span> <span class='ocrx_word' id='word_1_22' title='bbox 1090 701 1328 788; x_wconf 88' lang='lat' dir='ltr'><strong>scripta</strong></span> <span class='ocrx_word' id='word_1_23' title='bbox 1384 719 1781 767; x_wconf 89' lang='lat' dir='ltr'><strong>commonere</strong></span> <span class='ocrx_word' id='word_1_24' title='bbox 1839 704 1904 766; x_wconf 88' lang='lat' dir='ltr'><strong>et</strong></span> <span class='ocrx_word' id='word_1_25' title='bbox 1948 700 2231 766; x_wconf 88' lang='lat' dir='ltr'><strong>animare</strong></span> <span class='ocrx_word' id='word_1_26' title='bbox 2276 698 2611 781; x_wconf 78' lang='lat' dir='ltr'><strong>diligenter</strong></span> <span class='ocrx_word' id='word_1_27' title='bbox 2658 695 3030 763; x_wconf 76' lang='lat' dir='ltr'><strong>curavimus.</strong></span> 
     </span>
     <span class='ocr_line' id='line_1_8' title="bbox 687 812 3037 905; baseline -0.003 -20"><span class='ocrx_word' id='word_1_28' title='bbox 687 818 824 885; x_wconf 87' lang='lat' dir='ltr'><strong>Tua</strong></span> <span class='ocrx_word' id='word_1_29' title='bbox 864 819 1111 905; x_wconf 87' lang='lat' dir='ltr'><strong>itaque,</strong></span> <span class='ocrx_word' id='word_1_30' title='bbox 1160 817 1495 886; x_wconf 79' lang='lat' dir='ltr'><strong>karissime</strong></span> <span class='ocrx_word' id='word_1_31' title='bbox 1538 815 1659 901; x_wconf 84' lang='lat' dir='ltr'><strong>fili,</strong></span> <span class='ocrx_word' id='word_1_32' title='bbox 1716 817 2013 900; x_wconf 90' lang='lat' dir='ltr'><strong>interest,</strong></span> <span class='ocrx_word' id='word_1_33' title='bbox 2061 836 2175 902; x_wconf 92' lang='lat' dir='ltr'><strong>pro</strong></span> <span class='ocrx_word' id='word_1_34' title='bbox 2223 813 2542 881; x_wconf 88' lang='lat' dir='ltr'><strong>commissi</strong></span> <span class='ocrx_word' id='word_1_35' title='bbox 2587 813 2705 879; x_wconf 91' lang='lat' dir='ltr'><strong>tibi</strong></span> <span class='ocrx_word' id='word_1_36' title='bbox 2751 812 2935 896; x_wconf 87' lang='lat' dir='ltr'><strong>regni</strong></span> <span class='ocrx_word' id='word_1_37' title='bbox 2975 815 3037 877; x_wconf 88' lang='lat' dir='ltr'><strong>et</strong></span> 
     </span>
     <span class='ocr_line' id='line_1_9' title="bbox 686 927 3038 1016; baseline -0.003 -15"><span class='ocrx_word' id='word_1_38' title='bbox 686 941 942 1003; x_wconf 89' lang='lat' dir='ltr'><strong>sanctae</strong></span> <span class='ocrx_word' id='word_1_39' title='bbox 971 935 1092 1002; x_wconf 92' lang='lat' dir='ltr'><strong>Dei</strong></span> <span class='ocrx_word' id='word_1_40' title='bbox 1140 934 1476 1001; x_wconf 79' lang='lat' dir='ltr'><strong>aecclesiae</strong></span> <span class='ocrx_word' id='word_1_41' title='bbox 1506 933 1744 1000; x_wconf 87' lang='lat' dir='ltr'><strong>honore</strong></span> <span class='ocrx_word' id='word_1_42' title='bbox 1787 938 1851 1000; x_wconf 90' lang='lat' dir='ltr'><strong>et</strong></span> <span class='ocrx_word' id='word_1_43' title='bbox 1880 931 2283 1016; x_wconf 85' lang='lat' dir='ltr'><strong>exaltatione,</strong></span> <span class='ocrx_word' id='word_1_44' title='bbox 2329 936 2654 1016; x_wconf 89' lang='lat' dir='ltr'><strong>tamquam</strong></span> <span class='ocrx_word' id='word_1_45' title='bbox 2685 929 2857 995; x_wconf 88' lang='lat' dir='ltr'><strong>inter</strong></span> <span class='ocrx_word' id='word_1_46' title='bbox 2887 927 3038 994; x_wconf 88' lang='lat' dir='ltr'><strong>alios</strong></span> 
     </span>
     <span class='ocr_line' id='line_1_10' title="bbox 686 1047 3038 1137; baseline -0.003 -19"><span class='ocrx_word' id='word_1_47' title='bbox 686 1051 856 1119; x_wconf 89' lang='lat' dir='ltr'><strong>orbis</strong></span> <span class='ocrx_word' id='word_1_48' title='bbox 900 1052 1275 1118; x_wconf 86' lang='lat' dir='ltr'><strong>christianos</strong></span> <span class='ocrx_word' id='word_1_49' title='bbox 1319 1071 1499 1135; x_wconf 89' lang='lat' dir='ltr'><strong>reges</strong></span> <span class='ocrx_word' id='word_1_50' title='bbox 1544 1050 1887 1137; x_wconf 88' lang='lat' dir='ltr'><strong>precipuus</strong></span> <span class='ocrx_word' id='word_1_51' title='bbox 1933 1054 1997 1116; x_wconf 92' lang='lat' dir='ltr'><strong>et</strong></span> <span class='ocrx_word' id='word_1_52' title='bbox 2039 1047 2442 1115; x_wconf 85' lang='lat' dir='ltr'><strong>excellentior</strong></span> <span class='ocrx_word' id='word_1_53' title='bbox 2468 1047 2789 1134; x_wconf 88' lang='lat' dir='ltr'><strong>princeps,</strong></span> <span class='ocrx_word' id='word_1_54' title='bbox 2838 1050 3038 1112; x_wconf 85' lang='lat' dir='ltr'><strong>atten-</strong></span> 
     </span>
     <span class='ocr_line' id='line_1_11' title="bbox 686 1163 3041 1250; baseline -0.003 -15"><span class='ocrx_word' id='word_1_55' title='bbox 686 1174 819 1235; x_wconf 85' lang='lat' dir='ltr'><strong>tam</strong></span> <span class='ocrx_word' id='word_1_56' title='bbox 864 1188 1079 1236; x_wconf 90' lang='lat' dir='ltr'><strong>curam</strong></span> <span class='ocrx_word' id='word_1_57' title='bbox 1126 1173 1191 1235; x_wconf 90' lang='lat' dir='ltr'><strong>et</strong></span> <span class='ocrx_word' id='word_1_58' title='bbox 1235 1166 1724 1233; x_wconf 86' lang='lat' dir='ltr'><strong>sollicitudinem</strong></span> <span class='ocrx_word' id='word_1_59' title='bbox 1769 1185 1988 1250; x_wconf 84' lang='lat' dir='ltr'><strong>gerere</strong></span> <span class='ocrx_word' id='word_1_60' title='bbox 2003 1215 2022 1250; x_wconf 92' lang='lat'><strong>,</strong></span> <span class='ocrx_word' id='word_1_61' title='bbox 2080 1170 2152 1231; x_wconf 89' lang='lat' dir='ltr'><strong>ut</strong></span> <span class='ocrx_word' id='word_1_62' title='bbox 2197 1163 2536 1230; x_wconf 83' lang='lat' dir='ltr'><strong>adventum</strong></span> <span class='ocrx_word' id='word_1_63' title='bbox 2580 1168 2762 1229; x_wconf 84' lang='lat' dir='ltr'><strong>tuum</strong></span> <span class='ocrx_word' id='word_1_64' title='bbox 2775 1212 2795 1247; x_wconf 90' lang='lat'><strong>,</strong></span> <span class='ocrx_word' id='word_1_65' title='bbox 2859 1181 3041 1248; x_wconf 92' lang='lat' dir='ltr'><strong>quem</strong></span> 
     </span>
     <span class='ocr_line' id='line_1_12' title="bbox 687 1277 3042 1372; baseline -0.004 -20"><span class='ocrx_word' id='word_1_66' title='bbox 687 1285 767 1351; x_wconf 89' lang='lat' dir='ltr'><strong>ad</strong></span> <span class='ocrx_word' id='word_1_67' title='bbox 822 1290 1190 1372; x_wconf 89' lang='lat' dir='ltr'><strong>provectum</strong></span> <span class='ocrx_word' id='word_1_68' title='bbox 1244 1282 1582 1351; x_wconf 87' lang='lat' dir='ltr'><strong>aecclesiae</strong></span> <span class='ocrx_word' id='word_1_69' title='bbox 1640 1303 1713 1349; x_wconf 87' lang='lat' dir='ltr'><strong>ac</strong></span> <span class='ocrx_word' id='word_1_70' title='bbox 1767 1282 1947 1366; x_wconf 90' lang='lat' dir='ltr'><strong>regni</strong></span> <span class='ocrx_word' id='word_1_71' title='bbox 2004 1286 2069 1348; x_wconf 91' lang='lat' dir='ltr'><strong>et</strong></span> <span class='ocrx_word' id='word_1_72' title='bbox 2122 1281 2391 1348; x_wconf 80' lang='lat' dir='ltr'><strong>salutem</strong></span> <span class='ocrx_word' id='word_1_73' title='bbox 2447 1279 2778 1346; x_wconf 90' lang='lat' dir='ltr'><strong>christiani</strong></span> <span class='ocrx_word' id='word_1_74' title='bbox 2823 1277 3042 1365; x_wconf 92' lang='lat' dir='ltr'><strong>populi</strong></span> 
     </span>
     <span class='ocr_line' id='line_1_13' title="bbox 687 1395 3045 1492; baseline -0.005 -22"><span class='ocrx_word' id='word_1_75' title='bbox 687 1410 1125 1492; x_wconf 85' lang='lat' dir='ltr'><strong>expectamus,</strong></span> <span class='ocrx_word' id='word_1_76' title='bbox 1184 1420 1327 1468; x_wconf 90' lang='lat' dir='ltr'><strong>cum</strong></span> <span class='ocrx_word' id='word_1_77' title='bbox 1374 1399 1729 1467; x_wconf 88' lang='lat' dir='ltr'><strong>desiderato</strong></span> <span class='ocrx_word' id='word_1_78' title='bbox 1772 1400 1984 1466; x_wconf 90' lang='lat' dir='ltr'><strong>fructu</strong></span> <span class='ocrx_word' id='word_1_79' title='bbox 2027 1403 2350 1486; x_wconf 88' lang='lat' dir='ltr'><strong>prestante</strong></span> <span class='ocrx_word' id='word_1_80' title='bbox 2395 1396 2668 1464; x_wconf 91' lang='lat' dir='ltr'><strong>Domino</strong></span> <span class='ocrx_word' id='word_1_81' title='bbox 2714 1395 3045 1483; x_wconf 86' lang='lat' dir='ltr'><strong>percipere</strong></span> 
     </span>
     <span class='ocr_line' id='line_1_14' title="bbox 684 1514 2211 1602; baseline -0.005 -13"><span class='ocrx_word' id='word_1_82' title='bbox 684 1519 1026 1588; x_wconf 85' lang='lat' dir='ltr'><strong>valeamus.</strong></span> <span class='ocrx_word' id='word_1_83' title='bbox 1119 1518 1292 1585; x_wconf 84' lang='lat' dir='ltr'><strong>Data</strong></span> <span class='ocrx_word' id='word_1_84' title='bbox 1335 1516 1591 1602; x_wconf 83' lang='lat' dir='ltr'><strong>Signiae</strong></span> <span class='ocrx_word' id='word_1_85' title='bbox 1634 1518 1678 1584; x_wconf 81' lang='lat'>5</span> <span class='ocrx_word' id='word_1_86' title='bbox 1723 1515 1871 1583; x_wconf 87' lang='lat' dir='ltr'><strong>Idus</strong></span> <span class='ocrx_word' id='word_1_87' title='bbox 1916 1514 2211 1583; x_wconf 87' lang='lat' dir='ltr'><strong>Ianuarii.</strong></span> 
     </span>
    </p>
   </div>
   <div class='ocr_carea' id='block_1_5' title="bbox 1643 1648 2076 1670">
    <p class='ocr_par' dir='ltr' id='par_1_5' title="bbox 1643 1648 2076 1670">
     <span class='ocr_line' id='line_1_15' title="bbox 1643 1648 2076 1670; baseline 0 3572"><span class='ocrx_word' id='word_1_88' title='bbox 1643 1648 2076 1670; x_wconf 95' lang='lat' dir='ltr'><strong> </strong></span> 
     </span>
    </p>
   </div>
   <div class='ocr_carea' id='block_1_6' title="bbox 690 1726 3050 1919">
    <p class='ocr_par' dir='ltr' id='par_1_6' title="bbox 690 1726 3050 1919">
     <span class='ocr_line' id='line_1_16' title="bbox 690 1726 3049 1824; baseline -0.006 -20"><span class='ocrx_word' id='word_1_89' title='bbox 690 1732 867 1805; x_wconf 87' lang='lat'><strong>350.</strong></span> <span class='ocrx_word' id='word_1_90' title='bbox 909 1736 1234 1824; x_wconf 73' lang='lat' dir='ltr'><strong>Enyenius</strong></span> <span class='ocrx_word' id='word_1_91' title='bbox 1265 1733 1389 1799; x_wconf 91' lang='lat' dir='ltr'><strong>III</strong></span> <span class='ocrx_word' id='word_1_92' title='bbox 1413 1756 1596 1821; x_wconf 80' lang='lat' dir='ltr'><strong>papa</strong></span> <span class='ocrx_word' id='word_1_93' title='bbox 1626 1731 1924 1797; x_wconf 72' lang='lat' dir='ltr'><strong>Heinrico</strong></span> <span class='ocrx_word' id='word_1_94' title='bbox 1973 1734 2257 1818; x_wconf 76' lang='lat' dir='ltr'><strong>episcopo</strong></span> <span class='ocrx_word' id='word_1_95' title='bbox 2291 1727 2628 1793; x_wconf 74' lang='lat' dir='ltr'><strong>Leodt&#39;ensi</strong></span> <span class='ocrx_word' id='word_1_96' title='bbox 2652 1726 2936 1807; x_wconf 75' lang='lat' dir='ltr'><strong>mandat,</strong></span> <span class='ocrx_word' id='word_1_97' title='bbox 2978 1737 3049 1790; x_wconf 71' lang='lat' dir='ltr'><strong>ut</strong></span> 
     </span>
     <span class='ocr_line' id='line_1_17' title="bbox 735 1841 3050 1919; baseline -0.005 -1"><span class='ocrx_word' id='word_1_98' title='bbox 735 1879 736 1884; x_wconf 47' lang='lat'>¹</span> <span class='ocrx_word' id='word_1_99' title='bbox 910 1854 1157 1919; x_wconf 76' lang='lat' dir='ltr'><strong>comites</strong></span> <span class='ocrx_word' id='word_1_100' title='bbox 1213 1850 1289 1915; x_wconf 84' lang='lat' dir='ltr'><strong>de</strong></span> <span class='ocrx_word' id='word_1_101' title='bbox 1335 1849 1481 1915; x_wconf 82' lang='lat' dir='ltr'><strong>Lon</strong></span> <span class='ocrx_word' id='word_1_102' title='bbox 1537 1860 1595 1914; x_wconf 80' lang='lat' dir='ltr'><strong>et</strong></span> <span class='ocrx_word' id='word_1_103' title='bbox 1646 1849 1725 1913; x_wconf 83' lang='lat' dir='ltr'><strong>de</strong></span> <span class='ocrx_word' id='word_1_104' title='bbox 1771 1845 1985 1914; x_wconf 73' lang='lat' dir='ltr'><strong>Monte</strong></span> <span class='ocrx_word' id='word_1_105' title='bbox 2028 1848 2227 1912; x_wconf 74' lang='lat' dir='ltr'><strong>Acuta</strong></span> <span class='ocrx_word' id='word_1_106' title='bbox 2271 1845 2642 1909; x_wconf 56' lang='lat' dir='ltr'><strong>monaste-io</strong></span> <span class='ocrx_word' id='word_1_107' title='bbox 2692 1841 3050 1909; x_wconf 71' lang='lat' dir='ltr'><strong>stabulensi</strong></span> 
     </span>
    </p>
   </div>
   <div class='ocr_carea' id='block_1_7' title="bbox 687 1954 3049 2305">
    <p class='ocr_par' dir='ltr' id='par_1_7' title="bbox 687 1954 3049 2305">
     <span class='ocr_line' id='line_1_18' title="bbox 907 1954 3044 2052; baseline -0.006 -18"><span class='ocrx_word' id='word_1_108' title='bbox 907 1968 1124 2035; x_wconf 79' lang='lat' dir='ltr'><strong>ablata</strong></span> <span class='ocrx_word' id='word_1_109' title='bbox 1164 1967 1482 2033; x_wconf 70' lang='lat' dir='ltr'><strong>restituere</strong></span> <span class='ocrx_word' id='word_1_110' title='bbox 1525 1976 1722 2052; x_wconf 60' lang='grc' dir='ltr'><strong><em>σοφαί.</em></strong></span> <span class='ocrx_word' id='word_1_111' title='bbox 2716 1954 2830 2039; x_wconf 79' lang='lat' dir='ltr'><strong>(M.</strong></span> <span class='ocrx_word' id='word_1_112' title='bbox 2863 1956 3044 2036; x_wconf 80' lang='lat'><strong>328.)</strong></span> 
     </span>
     <span class='ocr_line' id='line_1_19' title="bbox 868 2090 3049 2187; baseline -0.006 -19"><span class='ocrx_word' id='word_1_113' title='bbox 868 2100 1215 2168; x_wconf 89' lang='lat' dir='ltr'><strong>Domnus</strong></span> <span class='ocrx_word' id='word_1_114' title='bbox 1273 2118 1475 2187; x_wconf 88' lang='lat' dir='ltr'><strong>papa</strong></span> <span class='ocrx_word' id='word_1_115' title='bbox 1528 2096 1935 2181; x_wconf 88' lang='lat' dir='ltr'><strong>Eugenius</strong></span> <span class='ocrx_word' id='word_1_116' title='bbox 1981 2093 2353 2162; x_wconf 90' lang='lat' dir='ltr'><strong>Heinrico</strong></span> <span class='ocrx_word' id='word_1_117' title='bbox 2397 2090 2823 2159; x_wconf 90' lang='lat' dir='ltr'><strong>Leodiensi</strong></span> <span class='ocrx_word' id='word_1_118' title='bbox 2880 2091 3049 2177; x_wconf 92' lang='lat' dir='ltr'><strong>epi-</strong></span> 
     </span>
     <span class='ocr_line' id='line_1_20' title="bbox 687 2236 947 2305; baseline -0.004 -21"><span class='ocrx_word' id='word_1_119' title='bbox 687 2236 947 2305; x_wconf 87' lang='lat' dir='ltr'><strong>scopo.</strong></span> 
     </span>
    </p>
   </div>
   <div class='ocr_carea' id='block_1_8' title="bbox 689 2322 3046 4631">
    <p class='ocr_par' dir='ltr' id='par_1_8' title="bbox 689 2322 3046 4631">
     <span class='ocr_line' id='line_1_21' title="bbox 866 2322 3046 2416; baseline -0.006 -16"><span class='ocrx_word' id='word_1_120' title='bbox 866 2332 972 2400; x_wconf 80' lang='lat' dir='ltr'><strong>Ad</strong></span> <span class='ocrx_word' id='word_1_121' title='bbox 1017 2353 1234 2400; x_wconf 89' lang='lat' dir='ltr'><strong>eorum</strong></span> <span class='ocrx_word' id='word_1_122' title='bbox 1267 2329 1677 2415; x_wconf 82' lang='lat' dir='ltr'><strong>subventum,</strong></span> <span class='ocrx_word' id='word_1_123' title='bbox 1725 2328 1836 2416; x_wconf 92' lang='lat' dir='ltr'><strong>qui</strong></span> <span class='ocrx_word' id='word_1_124' title='bbox 1882 2328 1958 2394; x_wconf 92' lang='lat' dir='ltr'><strong>de</strong></span> <span class='ocrx_word' id='word_1_125' title='bbox 2002 2331 2222 2394; x_wconf 86' lang='lat' dir='ltr'><strong>nostra</strong></span> <span class='ocrx_word' id='word_1_126' title='bbox 2266 2324 2622 2413; x_wconf 85' lang='lat' dir='ltr'><strong>specialiter</strong></span> <span class='ocrx_word' id='word_1_127' title='bbox 2650 2322 3046 2411; x_wconf 86' lang='lat' dir='ltr'><strong>protectione</strong></span> 
     </span>
     <span class='ocr_line' id='line_1_22' title="bbox 689 2440 3046 2537; baseline -0.005 -20"><span class='ocrx_word' id='word_1_128' title='bbox 689 2448 1030 2534; x_wconf 88' lang='lat' dir='ltr'><strong>confidunt,</strong></span> <span class='ocrx_word' id='word_1_129' title='bbox 1076 2448 1431 2537; x_wconf 85' lang='lat' dir='ltr'><strong>promptius</strong></span> <span class='ocrx_word' id='word_1_130' title='bbox 1462 2446 1760 2514; x_wconf 85' lang='lat' dir='ltr'><strong>debemus</strong></span> <span class='ocrx_word' id='word_1_131' title='bbox 1794 2464 2123 2528; x_wconf 85' lang='lat' dir='ltr'><strong>assurgere</strong></span> <span class='ocrx_word' id='word_1_132' title='bbox 2153 2446 2218 2510; x_wconf 92' lang='lat' dir='ltr'><strong>et</strong></span> <span class='ocrx_word' id='word_1_133' title='bbox 2245 2443 2419 2529; x_wconf 89' lang='lat' dir='ltr'><strong>ipsos</strong></span> <span class='ocrx_word' id='word_1_134' title='bbox 2448 2441 2823 2508; x_wconf 84' lang='lat' dir='ltr'><strong>infestantes</strong></span> <span class='ocrx_word' id='word_1_135' title='bbox 2856 2440 3046 2522; x_wconf 86' lang='lat' dir='ltr'><strong>digna</strong></span> 
     </span>
     <span class='ocr_line' id='line_1_23' title="bbox 690 2554 3043 2653; baseline -0.005 -19"><span class='ocrx_word' id='word_1_136' title='bbox 690 2566 1233 2634; x_wconf 86' lang='lat' dir='ltr'><strong>animadversione</strong></span> <span class='ocrx_word' id='word_1_137' title='bbox 1263 2564 1507 2653; x_wconf 91' lang='lat' dir='ltr'><strong>punire.</strong></span> <span class='ocrx_word' id='word_1_138' title='bbox 1562 2561 1890 2631; x_wconf 88' lang='lat' dir='ltr'><strong>Venientis</strong></span> <span class='ocrx_word' id='word_1_139' title='bbox 1922 2561 2004 2628; x_wconf 86' lang='lat' dir='ltr'><strong>ad</strong></span> <span class='ocrx_word' id='word_1_140' title='bbox 2034 2558 2416 2648; x_wconf 87' lang='lat' dir='ltr'><strong>apostolicae</strong></span> <span class='ocrx_word' id='word_1_141' title='bbox 2444 2557 2613 2626; x_wconf 87' lang='lat' dir='ltr'><strong>sedis</strong></span> <span class='ocrx_word' id='word_1_142' title='bbox 2644 2554 3043 2625; x_wconf 88' lang='lat' dir='ltr'><strong>clementiam</strong></span> 
     </span>
     <span class='ocr_line' id='line_1_24' title="bbox 691 2673 3044 2763; baseline -0.005 -13"><span class='ocrx_word' id='word_1_143' title='bbox 691 2683 904 2752; x_wconf 87' lang='lat' dir='ltr'><strong>dilecti</strong></span> <span class='ocrx_word' id='word_1_144' title='bbox 947 2682 1063 2749; x_wconf 89' lang='lat' dir='ltr'><strong>filii</strong></span> <span class='ocrx_word' id='word_1_145' title='bbox 1106 2682 1310 2750; x_wconf 90' lang='lat' dir='ltr'><strong>nostri</strong></span> <span class='ocrx_word' id='word_1_146' title='bbox 1353 2679 1680 2763; x_wconf 88' lang='lat' dir='ltr'><strong>W(ibaldi)</strong></span> <span class='ocrx_word' id='word_1_147' title='bbox 1729 2678 2121 2745; x_wconf 86' lang='lat' dir='ltr'><strong>Stabulensis</strong></span> <span class='ocrx_word' id='word_1_148' title='bbox 2167 2675 2413 2744; x_wconf 87' lang='lat' dir='ltr'><strong>abbatis</strong></span> <span class='ocrx_word' id='word_1_149' title='bbox 2463 2675 2765 2743; x_wconf 83' lang='lat' dir='ltr'><strong>adversus</strong></span> <span class='ocrx_word' id='word_1_150' title='bbox 2808 2673 3044 2756; x_wconf 90' lang='lat' dir='ltr'><strong>L(udo-</strong></span> 
     </span>
     <span class='ocr_line' id='line_1_25' title="bbox 691 2790 3043 2883; baseline -0.005 -15"><span class='ocrx_word' id='word_1_151' title='bbox 691 2800 924 2883; x_wconf 85' lang='lat' dir='ltr'><strong>vicum)</strong></span> <span class='ocrx_word' id='word_1_152' title='bbox 968 2799 1264 2866; x_wconf 89' lang='lat' dir='ltr'><strong>comitem</strong></span> <span class='ocrx_word' id='word_1_153' title='bbox 1296 2798 1373 2864; x_wconf 89' lang='lat' dir='ltr'><strong>de</strong></span> <span class='ocrx_word' id='word_1_154' title='bbox 1401 2796 1540 2863; x_wconf 92' lang='lat' dir='ltr'><strong>Lon</strong></span> <span class='ocrx_word' id='word_1_155' title='bbox 1572 2800 1637 2863; x_wconf 88' lang='lat' dir='ltr'><strong>et</strong></span> <span class='ocrx_word' id='word_1_156' title='bbox 1665 2793 2127 2877; x_wconf 86' lang='lat' dir='ltr'><strong>G(odefridum)</strong></span> <span class='ocrx_word' id='word_1_157' title='bbox 2159 2793 2451 2860; x_wconf 89' lang='lat' dir='ltr'><strong>comitem</strong></span> <span class='ocrx_word' id='word_1_158' title='bbox 2484 2792 2562 2859; x_wconf 92' lang='lat' dir='ltr'><strong>de</strong></span> <span class='ocrx_word' id='word_1_159' title='bbox 2592 2790 2808 2858; x_wconf 84' lang='lat' dir='ltr'><strong>Monte</strong></span> <span class='ocrx_word' id='word_1_160' title='bbox 2838 2790 3043 2857; x_wconf 84' lang='lat' dir='ltr'><strong>Acuto</strong></span> 
     </span>
     <span class='ocr_line' id='line_1_26' title="bbox 691 2907 3043 3002; baseline -0.004 -20"><span class='ocrx_word' id='word_1_161' title='bbox 691 2935 949 3002; x_wconf 85' lang='lat' dir='ltr'><strong>gravem</strong></span> <span class='ocrx_word' id='word_1_162' title='bbox 996 2914 1314 3000; x_wconf 86' lang='lat' dir='ltr'><strong>querelam</strong></span> <span class='ocrx_word' id='word_1_163' title='bbox 1349 2913 1726 2998; x_wconf 77' lang='lat' dir='ltr'><strong>accepimuS,</strong></span> <span class='ocrx_word' id='word_1_164' title='bbox 1775 2910 1940 2996; x_wconf 92' lang='lat' dir='ltr'><strong>quod</strong></span> <span class='ocrx_word' id='word_1_165' title='bbox 1971 2912 2038 2978; x_wconf 93' lang='lat' dir='ltr'><strong>in</strong></span> <span class='ocrx_word' id='word_1_166' title='bbox 2069 2910 2250 2978; x_wconf 87' lang='lat' dir='ltr'><strong>bonis</strong></span> <span class='ocrx_word' id='word_1_167' title='bbox 2283 2909 2675 2977; x_wconf 88' lang='lat' dir='ltr'><strong>Stabulensis</strong></span> <span class='ocrx_word' id='word_1_168' title='bbox 2707 2907 3043 2974; x_wconf 87' lang='lat' dir='ltr'><strong>aecclesiae</strong></span> 
     </span>
     <span class='ocr_line' id='line_1_27' title="bbox 692 3024 3044 3113; baseline -0.005 -13"><span class='ocrx_word' id='word_1_169' title='bbox 692 3032 1002 3100; x_wconf 90' lang='lat' dir='ltr'><strong>diabolico</strong></span> <span class='ocrx_word' id='word_1_170' title='bbox 1060 3030 1364 3098; x_wconf 86' lang='lat' dir='ltr'><strong>instinctu</strong></span> <span class='ocrx_word' id='word_1_171' title='bbox 1417 3028 1712 3095; x_wconf 89' lang='lat' dir='ltr'><strong>incendia</strong></span> <span class='ocrx_word' id='word_1_172' title='bbox 1779 3026 1999 3095; x_wconf 89' lang='lat' dir='ltr'><strong>caedes</strong></span> <span class='ocrx_word' id='word_1_173' title='bbox 2057 3033 2120 3095; x_wconf 82' lang='lat' dir='ltr'><strong>et</strong></span> <span class='ocrx_word' id='word_1_174' title='bbox 2175 3027 2432 3113; x_wconf 90' lang='lat' dir='ltr'><strong>rapinas</strong></span> <span class='ocrx_word' id='word_1_175' title='bbox 2485 3024 2917 3092; x_wconf 88' lang='lat' dir='ltr'><strong>commiserint</strong></span> <span class='ocrx_word' id='word_1_176' title='bbox 2981 3026 3044 3089; x_wconf 88' lang='lat' dir='ltr'><strong>et</strong></span> 
     </span>
     <span class='ocr_line' id='line_1_28' title="bbox 693 3140 3045 3230; baseline -0.005 -13"><span class='ocrx_word' id='word_1_177' title='bbox 693 3148 1023 3217; x_wconf 83' lang='lat' dir='ltr'><strong>ammoniti</strong></span> <span class='ocrx_word' id='word_1_178' title='bbox 1069 3148 1146 3215; x_wconf 91' lang='lat' dir='ltr'><strong>de</strong></span> <span class='ocrx_word' id='word_1_179' title='bbox 1191 3150 1372 3213; x_wconf 89' lang='lat' dir='ltr'><strong>tanta</strong></span> <span class='ocrx_word' id='word_1_180' title='bbox 1414 3144 1706 3230; x_wconf 87' lang='lat' dir='ltr'><strong>nequicia</strong></span> <span class='ocrx_word' id='word_1_181' title='bbox 1748 3144 2109 3210; x_wconf 87' lang='lat' dir='ltr'><strong>satisfacere</strong></span> <span class='ocrx_word' id='word_1_182' title='bbox 2154 3142 2416 3209; x_wconf 90' lang='lat' dir='ltr'><strong>minime</strong></span> <span class='ocrx_word' id='word_1_183' title='bbox 2446 3141 2660 3209; x_wconf 86' lang='lat' dir='ltr'><strong>velint.</strong></span> <span class='ocrx_word' id='word_1_184' title='bbox 2722 3140 2884 3220; x_wconf 87' lang='lat' dir='ltr'><strong>Quia</strong></span> <span class='ocrx_word' id='word_1_185' title='bbox 2925 3140 3045 3225; x_wconf 87' lang='lat' dir='ltr'><strong>igi·-</strong></span> 
     </span>
     <span class='ocr_line' id='line_1_29' title="bbox 692 3258 3045 3350; baseline -0.006 -16"><span class='ocrx_word' id='word_1_186' title='bbox 692 3273 797 3334; x_wconf 90' lang='lat' dir='ltr'><strong>tur</strong></span> <span class='ocrx_word' id='word_1_187' title='bbox 841 3271 1058 3333; x_wconf 89' lang='lat' dir='ltr'><strong>tantae</strong></span> <span class='ocrx_word' id='word_1_188' title='bbox 1101 3263 1457 3350; x_wconf 87' lang='lat' dir='ltr'><strong>iniquitatis</strong></span> <span class='ocrx_word' id='word_1_189' title='bbox 1504 3281 1832 3328; x_wconf 84' lang='lat' dir='ltr'><strong>excessum</strong></span> <span class='ocrx_word' id='word_1_190' title='bbox 1875 3260 2261 3348; x_wconf 89' lang='lat' dir='ltr'><strong>impunitum</strong></span> <span class='ocrx_word' id='word_1_191' title='bbox 2293 3258 2649 3345; x_wconf 89' lang='lat' dir='ltr'><strong>relinquere</strong></span> <span class='ocrx_word' id='word_1_192' title='bbox 2676 3276 2796 3323; x_wconf 89' lang='lat' dir='ltr'><strong>nec</strong></span> <span class='ocrx_word' id='word_1_193' title='bbox 2823 3276 3045 3344; x_wconf 87' lang='lat' dir='ltr'><strong>possu-</strong></span> 
     </span>
     <span class='ocr_line' id='line_1_30' title="bbox 694 3373 3043 3467; baseline -0.005 -17"><span class='ocrx_word' id='word_1_194' title='bbox 694 3403 835 3450; x_wconf 88' lang='lat' dir='ltr'><strong>mus</strong></span> <span class='ocrx_word' id='word_1_195' title='bbox 880 3402 999 3449; x_wconf 89' lang='lat' dir='ltr'><strong>nec</strong></span> <span class='ocrx_word' id='word_1_196' title='bbox 1031 3378 1353 3465; x_wconf 83' lang='lat' dir='ltr'><strong>debemus,</strong></span> <span class='ocrx_word' id='word_1_197' title='bbox 1398 3399 1513 3467; x_wconf 89' lang='lat' dir='ltr'><strong>per</strong></span> <span class='ocrx_word' id='word_1_198' title='bbox 1542 3378 1866 3467; x_wconf 87' lang='lat' dir='ltr'><strong>presentia</strong></span> <span class='ocrx_word' id='word_1_199' title='bbox 1893 3377 2133 3464; x_wconf 89' lang='lat' dir='ltr'><strong>scripta</strong></span> <span class='ocrx_word' id='word_1_200' title='bbox 2160 3376 2280 3443; x_wconf 89' lang='lat' dir='ltr'><strong>tibi</strong></span> <span class='ocrx_word' id='word_1_201' title='bbox 2309 3375 2703 3457; x_wconf 88' lang='lat' dir='ltr'><strong>mandamus,</strong></span> <span class='ocrx_word' id='word_1_202' title='bbox 2751 3373 3043 3458; x_wconf 85' lang='lat' dir='ltr'><strong>quatinus</strong></span> 
     </span>
     <span class='ocr_line' id='line_1_31' title="bbox 694 3489 3044 3588; baseline -0.005 -21"><span class='ocrx_word' id='word_1_203' title='bbox 694 3499 1013 3588; x_wconf 88' lang='lat' dir='ltr'><strong>prefatum</strong></span> <span class='ocrx_word' id='word_1_204' title='bbox 1042 3496 1484 3581; x_wconf 78' lang='lat' dir='ltr'><strong>L(udovicum)</strong></span> <span class='ocrx_word' id='word_1_205' title='bbox 1526 3494 1823 3564; x_wconf 89' lang='lat' dir='ltr'><strong>comitem</strong></span> <span class='ocrx_word' id='word_1_206' title='bbox 1858 3494 1937 3561; x_wconf 90' lang='lat' dir='ltr'><strong>de</strong></span> <span class='ocrx_word' id='word_1_207' title='bbox 1965 3492 2104 3560; x_wconf 92' lang='lat' dir='ltr'><strong>Lon</strong></span> <span class='ocrx_word' id='word_1_208' title='bbox 2138 3498 2203 3559; x_wconf 91' lang='lat' dir='ltr'><strong>et</strong></span> <span class='ocrx_word' id='word_1_209' title='bbox 2231 3493 2364 3560; x_wconf 89' lang='lat' dir='ltr'><strong>eius</strong></span> <span class='ocrx_word' id='word_1_210' title='bbox 2395 3490 2730 3578; x_wconf 87' lang='lat' dir='ltr'><strong>complices</strong></span> <span class='ocrx_word' id='word_1_211' title='bbox 2761 3489 3044 3557; x_wconf 87' lang='lat' dir='ltr'><strong>districte</strong></span> 
     </span>
     <span class='ocr_line' id='line_1_32' title="bbox 697 3605 3043 3701; baseline -0.005 -18"><span class='ocrx_word' id='word_1_212' title='bbox 697 3634 1115 3699; x_wconf 86' lang='lat' dir='ltr'><strong>commoneas,</strong></span> <span class='ocrx_word' id='word_1_213' title='bbox 1163 3620 1255 3699; x_wconf 88' lang='lat' dir='ltr'><strong>ut,</strong></span> <span class='ocrx_word' id='word_1_214' title='bbox 1303 3635 1464 3701; x_wconf 89' lang='lat' dir='ltr'><strong>quae</strong></span> <span class='ocrx_word' id='word_1_215' title='bbox 1495 3610 1886 3680; x_wconf 85' lang='lat' dir='ltr'><strong>Stabulensis</strong></span> <span class='ocrx_word' id='word_1_216' title='bbox 1917 3609 2285 3677; x_wconf 86' lang='lat' dir='ltr'><strong>monasterii</strong></span> <span class='ocrx_word' id='word_1_217' title='bbox 2310 3608 2614 3675; x_wconf 84' lang='lat' dir='ltr'><strong>fratribus</strong></span> <span class='ocrx_word' id='word_1_218' title='bbox 2659 3627 2778 3695; x_wconf 92' lang='lat' dir='ltr'><strong>per</strong></span> <span class='ocrx_word' id='word_1_219' title='bbox 2810 3605 3043 3674; x_wconf 81' lang='lat' dir='ltr'><strong>violen-</strong></span> 
     </span>
     <span class='ocr_line' id='line_1_33' title="bbox 696 3723 3044 3817; baseline -0.005 -17"><span class='ocrx_word' id='word_1_220' title='bbox 696 3732 855 3800; x_wconf 85' lang='lat' dir='ltr'><strong>tiam</strong></span> <span class='ocrx_word' id='word_1_221' title='bbox 901 3731 1314 3817; x_wconf 89' lang='lat' dir='ltr'><strong>abstulerunt,</strong></span> <span class='ocrx_word' id='word_1_222' title='bbox 1359 3729 1698 3797; x_wconf 89' lang='lat' dir='ltr'><strong>restituant</strong></span> <span class='ocrx_word' id='word_1_223' title='bbox 1744 3733 1808 3795; x_wconf 92' lang='lat' dir='ltr'><strong>et</strong></span> <span class='ocrx_word' id='word_1_224' title='bbox 1850 3728 1928 3795; x_wconf 91' lang='lat' dir='ltr'><strong>de</strong></span> <span class='ocrx_word' id='word_1_225' title='bbox 1970 3725 2166 3793; x_wconf 85' lang='lat' dir='ltr'><strong>illatis</strong></span> <span class='ocrx_word' id='word_1_226' title='bbox 2196 3724 2447 3792; x_wconf 90' lang='lat' dir='ltr'><strong>iniuriis</strong></span> <span class='ocrx_word' id='word_1_227' title='bbox 2478 3725 2714 3792; x_wconf 89' lang='lat' dir='ltr'><strong>eisdem</strong></span> <span class='ocrx_word' id='word_1_228' title='bbox 2744 3723 3044 3790; x_wconf 82' lang='lat' dir='ltr'><strong>fratribus</strong></span> 
     </span>
     <span class='ocr_line' id='line_1_34' title="bbox 698 3840 3045 3933; baseline -0.005 -15"><span class='ocrx_word' id='word_1_229' title='bbox 698 3849 1076 3933; x_wconf 82' lang='lat' dir='ltr'><strong>condignam</strong></span> <span class='ocrx_word' id='word_1_230' title='bbox 1122 3846 1613 3914; x_wconf 85' lang='lat' dir='ltr'><strong>satisfactionem</strong></span> <span class='ocrx_word' id='word_1_231' title='bbox 1661 3844 2016 3913; x_wconf 86' lang='lat' dir='ltr'><strong>exhibeant.</strong></span> <span class='ocrx_word' id='word_1_232' title='bbox 2108 3842 2344 3922; x_wconf 88' lang='lat' dir='ltr'><strong>Quodsi</strong></span> <span class='ocrx_word' id='word_1_233' title='bbox 2398 3842 2561 3909; x_wconf 81' lang='lat' dir='ltr'><strong>forte</strong></span> <span class='ocrx_word' id='word_1_234' title='bbox 2616 3840 2745 3907; x_wconf 88' lang='lat' dir='ltr'><strong>tuis</strong></span> <span class='ocrx_word' id='word_1_235' title='bbox 2789 3840 3045 3907; x_wconf 82' lang='lat' dir='ltr'><strong>monitis</strong></span> 
     </span>
     <span class='ocr_line' id='line_1_35' title="bbox 699 3956 3045 4050; baseline -0.005 -15"><span class='ocrx_word' id='word_1_236' title='bbox 699 3966 996 4035; x_wconf 87' lang='lat' dir='ltr'><strong>oboedire</strong></span> <span class='ocrx_word' id='word_1_237' title='bbox 1050 3964 1400 4049; x_wconf 87' lang='lat' dir='ltr'><strong>noluerint,</strong></span> <span class='ocrx_word' id='word_1_238' title='bbox 1458 3964 1626 4030; x_wconf 87' lang='lat' dir='ltr'><strong>infra</strong></span> <span class='ocrx_word' id='word_1_239' title='bbox 1672 3962 1957 4050; x_wconf 89' lang='lat' dir='ltr'><strong>spacium</strong></span> <span class='ocrx_word' id='word_1_240' title='bbox 2001 3960 2267 4026; x_wconf 91' lang='lat' dir='ltr'><strong>duorum</strong></span> <span class='ocrx_word' id='word_1_241' title='bbox 2313 3956 2654 4044; x_wconf 85' lang='lat' dir='ltr'><strong>mensium,</strong></span> <span class='ocrx_word' id='word_1_242' title='bbox 2709 3964 3045 4045; x_wconf 86' lang='lat' dir='ltr'><strong>postquam</strong></span> 
     </span>
     <span class='ocr_line' id='line_1_36' title="bbox 698 4074 3045 4172; baseline -0.005 -22"><span class='ocrx_word' id='word_1_243' title='bbox 698 4083 1021 4172; x_wconf 87' lang='lat' dir='ltr'><strong>presentia</strong></span> <span class='ocrx_word' id='word_1_244' title='bbox 1064 4081 1303 4169; x_wconf 87' lang='lat' dir='ltr'><strong>scripta</strong></span> <span class='ocrx_word' id='word_1_245' title='bbox 1346 4079 1721 4168; x_wconf 88' lang='lat' dir='ltr'><strong>susceperis,</strong></span> <span class='ocrx_word' id='word_1_246' title='bbox 1767 4079 2048 4166; x_wconf 88' lang='lat' dir='ltr'><strong>prefatus</strong></span> <span class='ocrx_word' id='word_1_247' title='bbox 2091 4097 2299 4144; x_wconf 88' lang='lat' dir='ltr'><strong>comes</strong></span> <span class='ocrx_word' id='word_1_248' title='bbox 2331 4079 2395 4143; x_wconf 90' lang='lat' dir='ltr'><strong>et</strong></span> <span class='ocrx_word' id='word_1_249' title='bbox 2425 4074 2558 4142; x_wconf 91' lang='lat' dir='ltr'><strong>eius</strong></span> <span class='ocrx_word' id='word_1_250' title='bbox 2587 4075 2867 4141; x_wconf 87' lang='lat' dir='ltr'><strong>fautores</strong></span> <span class='ocrx_word' id='word_1_251' title='bbox 2900 4094 3045 4140; x_wconf 85' lang='lat' dir='ltr'><strong>ana·</strong></span> 
     </span>
     <span class='ocr_line' id='line_1_37' title="bbox 698 4187 3043 4284; baseline -0.005 -17"><span class='ocrx_word' id='word_1_252' title='bbox 698 4200 998 4268; x_wconf 85' lang='lat' dir='ltr'><strong>thematis</strong></span> <span class='ocrx_word' id='word_1_253' title='bbox 1054 4198 1264 4284; x_wconf 89' lang='lat' dir='ltr'><strong>gladio</strong></span> <span class='ocrx_word' id='word_1_254' title='bbox 1309 4197 1637 4264; x_wconf 87' lang='lat' dir='ltr'><strong>feriantur.</strong></span> <span class='ocrx_word' id='word_1_255' title='bbox 1731 4194 2038 4262; x_wconf 88' lang='lat' dir='ltr'><strong>Comitem</strong></span> <span class='ocrx_word' id='word_1_256' title='bbox 2086 4214 2234 4260; x_wconf 87' lang='lat' dir='ltr'><strong>vero</strong></span> <span class='ocrx_word' id='word_1_257' title='bbox 2280 4192 2358 4259; x_wconf 91' lang='lat' dir='ltr'><strong>de</strong></span> <span class='ocrx_word' id='word_1_258' title='bbox 2402 4190 2615 4258; x_wconf 83' lang='lat' dir='ltr'><strong>Monte</strong></span> <span class='ocrx_word' id='word_1_259' title='bbox 2643 4190 2883 4276; x_wconf 89' lang='lat' dir='ltr'><strong>Acut0,</strong></span> <span class='ocrx_word' id='word_1_260' title='bbox 2940 4187 3043 4276; x_wconf 89' lang='lat' dir='ltr'><strong>qui</strong></span> 
     </span>
     <span class='ocr_line' id='line_1_38' title="bbox 700 4307 3039 4403; baseline -0.005 -19"><span class='ocrx_word' id='word_1_261' title='bbox 700 4316 867 4384; x_wconf 89' lang='lat' dir='ltr'><strong>bona</strong></span> <span class='ocrx_word' id='word_1_262' title='bbox 902 4316 1103 4403; x_wconf 89' lang='lat' dir='ltr'><strong>ipsius</strong></span> <span class='ocrx_word' id='word_1_263' title='bbox 1135 4314 1504 4382; x_wconf 88' lang='lat' dir='ltr'><strong>monasterii</strong></span> <span class='ocrx_word' id='word_1_264' title='bbox 1533 4313 1923 4400; x_wconf 89' lang='lat' dir='ltr'><strong>presumpsit</strong></span> <span class='ocrx_word' id='word_1_265' title='bbox 1948 4310 2265 4394; x_wconf 87' lang='lat' dir='ltr'><strong>invadere,</strong></span> <span class='ocrx_word' id='word_1_266' title='bbox 2313 4307 2598 4375; x_wconf 86' lang='lat' dir='ltr'><strong>districte</strong></span> <span class='ocrx_word' id='word_1_267' title='bbox 2627 4327 3039 4390; x_wconf 56' lang='lat' dir='ltr'><strong>commoneas»,</strong></span> 
     </span>
     <span class='ocr_line' id='line_1_39' title="bbox 700 4422 3041 4520; baseline -0.003 -20"><span class='ocrx_word' id='word_1_268' title='bbox 700 4439 773 4500; x_wconf 91' lang='lat' dir='ltr'><strong>ut</strong></span> <span class='ocrx_word' id='word_1_269' title='bbox 817 4433 895 4500; x_wconf 91' lang='lat' dir='ltr'><strong>de</strong></span> <span class='ocrx_word' id='word_1_270' title='bbox 941 4432 1242 4520; x_wconf 87' lang='lat' dir='ltr'><strong>predictis</strong></span> <span class='ocrx_word' id='word_1_271' title='bbox 1287 4430 1579 4518; x_wconf 88' lang='lat' dir='ltr'><strong>dampnis</strong></span> <span class='ocrx_word' id='word_1_272' title='bbox 1622 4429 1925 4496; x_wconf 87' lang='lat' dir='ltr'><strong>fratribus</strong></span> <span class='ocrx_word' id='word_1_273' title='bbox 1956 4427 2237 4496; x_wconf 88' lang='lat' dir='ltr'><strong>eiusdem</strong></span> <span class='ocrx_word' id='word_1_274' title='bbox 2266 4422 2550 4493; x_wconf 88' lang='lat' dir='ltr'><strong>coenobii</strong></span> <span class='ocrx_word' id='word_1_275' title='bbox 2578 4425 2836 4511; x_wconf 88' lang='lat' dir='ltr'><strong>dignam</strong></span> <span class='ocrx_word' id='word_1_276' title='bbox 2865 4425 3041 4492; x_wconf 56' lang='lat' dir='ltr'><strong>satiza</strong></span> 
     </span>
     <span class='ocr_line' id='line_1_40' title="bbox 698 4541 2574 4631; baseline -0.005 -13"><span class='ocrx_word' id='word_1_277' title='bbox 698 4551 1035 4618; x_wconf 86' lang='lat' dir='ltr'><strong>factionem</strong></span> <span class='ocrx_word' id='word_1_278' title='bbox 1081 4547 1392 4617; x_wconf 85' lang='lat' dir='ltr'><strong>exhibeat.</strong></span> <span class='ocrx_word' id='word_1_279' title='bbox 1485 4546 1655 4614; x_wconf 87' lang='lat' dir='ltr'><strong>Data</strong></span> <span class='ocrx_word' id='word_1_280' title='bbox 1699 4545 1955 4631; x_wconf 86' lang='lat' dir='ltr'><strong>Signiae</strong></span> <span class='ocrx_word' id='word_1_281' title='bbox 1998 4546 2042 4612; x_wconf 84' lang='lat'>5</span> <span class='ocrx_word' id='word_1_282' title='bbox 2086 4544 2235 4611; x_wconf 87' lang='lat' dir='ltr'><strong>Idus</strong></span> <span class='ocrx_word' id='word_1_283' title='bbox 2281 4541 2574 4611; x_wconf 87' lang='lat' dir='ltr'><strong>Ianuarii.</strong></span> 
     </span>
    </p>
   </div>
   <div class='ocr_carea' id='block_1_9' title="bbox 1663 4685 2086 4699">
    <p class='ocr_par' dir='ltr' id='par_1_9' title="bbox 1663 4685 2086 4699">
     <span class='ocr_line' id='line_1_41' title="bbox 1663 4685 2086 4699; baseline 0 543"><span class='ocrx_word' id='word_1_284' title='bbox 1663 4685 2086 4699; x_wconf 95' lang='lat' dir='ltr'><strong> </strong></span> 
     </span>
    </p>
   </div>
  </div>
 </body>
</html>
