<?xml version="1.0" encoding="UTF-8"?>
<!DOCTYPE html PUBLIC "-//W3C//DTD XHTML 1.0 Transitional//EN"
    "http://www.w3.org/TR/xhtml1/DTD/xhtml1-transitional.dtd">
<html xmlns="http://www.w3.org/1999/xhtml" xml:lang="en" lang="en">
 <head>
  <title>
</title>
<meta http-equiv="Content-Type" content="text/html;charset=utf-8" />
  <meta name='ocr-system' content='tesseract 3.04.00' />
  <meta name='ocr-capabilities' content='ocr_page ocr_carea ocr_par ocr_line ocrx_word'/>
</head>
<body>
  <div class='ocr_page' id='page_1' title='image "./monumentacorbei00corvgoog_0577.png"; bbox 0 0 3319 5242; ppageno 0'>
   <div class='ocr_carea' id='block_1_1' title="bbox 987 384 2660 451">
    <p class='ocr_par' dir='ltr' id='par_1_1' title="bbox 987 384 2660 451">
     <span class='ocr_line' id='line_1_1' title="bbox 987 384 2660 451; baseline 0.002 -6"><span class='ocrx_word' id='word_1_1' title='bbox 987 399 1284 445; x_wconf 63' lang='lat' dir='ltr'><strong>wmanm</strong></span> <span class='ocrx_word' id='word_1_2' title='bbox 1326 398 1701 447; x_wconf 63' lang='lat' dir='ltr'><strong>artemam</strong></span> <span class='ocrx_word' id='word_1_3' title='bbox 1741 399 1849 446; x_wconf 75' lang='lat'><strong>430.</strong></span> <span class='ocrx_word' id='word_1_4' title='bbox 1883 398 1991 445; x_wconf 72' lang='lat'><strong>481.</strong></span> <span class='ocrx_word' id='word_1_5' title='bbox 2530 384 2660 451; x_wconf 80' lang='lat'><strong>567</strong></span> 
     </span>
    </p>
   </div>
   <div class='ocr_carea' id='block_1_2' title="bbox 311 537 2876 1325">
    <p class='ocr_par' dir='ltr' id='par_1_2' title="bbox 311 537 2876 1325">
     <span class='ocr_line' id='line_1_2' title="bbox 313 537 2858 629; baseline 0.002 -24"><span class='ocrx_word' id='word_1_6' title='bbox 313 538 518 605; x_wconf 86' lang='lat' dir='ltr'><strong>filium</strong></span> <span class='ocrx_word' id='word_1_7' title='bbox 547 544 834 605; x_wconf 88' lang='lat' dir='ltr'><strong>nostrum</strong></span> <span class='ocrx_word' id='word_1_8' title='bbox 863 537 1311 622; x_wconf 88' lang='lat' dir='ltr'><strong>G(erhardum)</strong></span> <span class='ocrx_word' id='word_1_9' title='bbox 1341 539 1677 608; x_wconf 91' lang='lat' dir='ltr'><strong>diaconum</strong></span> <span class='ocrx_word' id='word_1_10' title='bbox 1710 539 2095 608; x_wconf 75' lang='lat' dir='ltr'><strong>cardinalem</strong></span> <span class='ocrx_word' id='word_1_11' title='bbox 2113 537 2148 625; x_wconf 88' lang='lat'><strong>¹,</strong></span> <span class='ocrx_word' id='word_1_12' title='bbox 2196 541 2304 627; x_wconf 88' lang='lat' dir='ltr'><strong>qui</strong></span> <span class='ocrx_word' id='word_1_13' title='bbox 2338 541 2419 609; x_wconf 87' lang='lat' dir='ltr'><strong>ad</strong></span> <span class='ocrx_word' id='word_1_14' title='bbox 2447 545 2662 629; x_wconf 85' lang='lat' dir='ltr'><strong>partes</strong></span> <span class='ocrx_word' id='word_1_15' title='bbox 2721 548 2858 603; x_wconf 79' lang='lat'>1154</span> 
     </span>
     <span class='ocr_line' id='line_1_3' title="bbox 314 621 2876 742; baseline 0.002 -21"><span class='ocrx_word' id='word_1_16' title='bbox 314 655 645 722; x_wconf 70' lang='lat' dir='ltr'>Teutonici</span> <span class='ocrx_word' id='word_1_17' title='bbox 690 656 871 739; x_wconf 76' lang='lat' dir='ltr'><strong>reg-ni</strong></span> <span class='ocrx_word' id='word_1_18' title='bbox 915 676 1031 742; x_wconf 80' lang='lat' dir='ltr'><strong>pro</strong></span> <span class='ocrx_word' id='word_1_19' title='bbox 1076 655 1456 724; x_wconf 78' lang='lat' dir='ltr'><strong>utilitatibus</strong></span> <span class='ocrx_word' id='word_1_20' title='bbox 1502 655 1842 724; x_wconf 53' lang='lat' dir='ltr'><strong>aeclesiae</strong></span> <span class='ocrx_word' id='word_1_21' title='bbox 1888 676 1927 723; x_wconf 77' lang='lat' dir='ltr'><strong>a</strong></span> <span class='ocrx_word' id='word_1_22' title='bbox 1970 657 2154 724; x_wconf 84' lang='lat' dir='ltr'><strong>nobis</strong></span> <span class='ocrx_word' id='word_1_23' title='bbox 2187 658 2661 742; x_wconf 62' lang='lat' dir='ltr'><strong>ammaum,</strong></span> <span class='ocrx_word' id='word_1_24' title='bbox 2695 621 2827 669; x_wconf 56' lang='grc' dir='ltr'><strong>Μ’·</strong></span> <span class='ocrx_word' id='word_1_25' title='bbox 2848 623 2876 668; x_wconf 86' lang='lat'>⁷</span> 
     </span>
     <span class='ocr_line' id='line_1_4' title="bbox 314 769 2662 856; baseline 0.002 -19"><span class='ocrx_word' id='word_1_26' title='bbox 314 769 724 839; x_wconf 80' lang='lat' dir='ltr'><strong>destinamus.</strong></span> <span class='ocrx_word' id='word_1_27' title='bbox 795 771 933 838; x_wconf 87' lang='lat' dir='ltr'><strong>Tua</strong></span> <span class='ocrx_word' id='word_1_28' title='bbox 973 792 1123 856; x_wconf 88' lang='lat' dir='ltr'><strong>ergo</strong></span> <span class='ocrx_word' id='word_1_29' title='bbox 1168 772 1417 840; x_wconf 86' lang='lat' dir='ltr'><strong>devotio</strong></span> <span class='ocrx_word' id='word_1_30' title='bbox 1463 791 1608 839; x_wconf 92' lang='lat' dir='ltr'><strong>cum</strong></span> <span class='ocrx_word' id='word_1_31' title='bbox 1649 776 1830 839; x_wconf 86' lang='lat' dir='ltr'><strong>tanta</strong></span> <span class='ocrx_word' id='word_1_32' title='bbox 1873 773 2223 856; x_wconf 89' lang='lat' dir='ltr'><strong>gratiarum</strong></span> <span class='ocrx_word' id='word_1_33' title='bbox 2264 775 2510 842; x_wconf 86' lang='lat' dir='ltr'><strong>actione</strong></span> <span class='ocrx_word' id='word_1_34' title='bbox 2553 775 2662 842; x_wconf 89' lang='lat' dir='ltr'><strong>be-</strong></span> 
     </span>
     <span class='ocr_line' id='line_1_5' title="bbox 312 884 2663 975; baseline 0.002 -22"><span class='ocrx_word' id='word_1_35' title='bbox 312 884 609 953; x_wconf 83' lang='lat' dir='ltr'><strong>neficium</strong></span> <span class='ocrx_word' id='word_1_36' title='bbox 652 887 825 954; x_wconf 85' lang='lat' dir='ltr'><strong>istud</strong></span> <span class='ocrx_word' id='word_1_37' title='bbox 869 888 1167 975; x_wconf 84' lang='lat' dir='ltr'><strong>accipiat,</strong></span> <span class='ocrx_word' id='word_1_38' title='bbox 1224 889 1317 954; x_wconf 86' lang='lat' dir='ltr'><strong>ita</strong></span> <span class='ocrx_word' id='word_1_39' title='bbox 1371 894 1435 955; x_wconf 90' lang='lat' dir='ltr'><strong>te</strong></span> <span class='ocrx_word' id='word_1_40' title='bbox 1490 908 1741 975; x_wconf 88' lang='lat' dir='ltr'><strong>semper</strong></span> <span class='ocrx_word' id='word_1_41' title='bbox 1796 889 2052 957; x_wconf 83' lang='lat' dir='ltr'><strong>exibeas</strong></span> <span class='ocrx_word' id='word_1_42' title='bbox 2107 890 2175 955; x_wconf 91' lang='lat' dir='ltr'><strong>in</strong></span> <span class='ocrx_word' id='word_1_43' title='bbox 2227 895 2663 958; x_wconf 78' lang='lat' dir='ltr'><strong>sacrosanctae</strong></span> 
     </span>
     <span class='ocr_line' id='line_1_6' title="bbox 311 1002 2662 1090; baseline 0.002 -21"><span class='ocrx_word' id='word_1_44' title='bbox 311 1002 537 1069; x_wconf 84' lang='lat' dir='ltr'><strong>matris</strong></span> <span class='ocrx_word' id='word_1_45' title='bbox 582 1008 730 1070; x_wconf 83' lang='lat' dir='ltr'><strong>tuae</strong></span> <span class='ocrx_word' id='word_1_46' title='bbox 772 1002 1052 1071; x_wconf 89' lang='lat' dir='ltr'><strong>Romane</strong></span> <span class='ocrx_word' id='word_1_47' title='bbox 1096 1002 1435 1071; x_wconf 75' lang='lat' dir='ltr'><strong>aecclesiae</strong></span> <span class='ocrx_word' id='word_1_48' title='bbox 1462 1003 1867 1071; x_wconf 80' lang='lat' dir='ltr'><strong>veneratione</strong></span> <span class='ocrx_word' id='word_1_49' title='bbox 1909 1005 2277 1090; x_wconf 81' lang='lat' dir='ltr'><strong>ferventem,</strong></span> <span class='ocrx_word' id='word_1_50' title='bbox 2323 1010 2396 1072; x_wconf 89' lang='lat' dir='ltr'><strong>ut</strong></span> <span class='ocrx_word' id='word_1_51' title='bbox 2440 1012 2505 1073; x_wconf 90' lang='lat' dir='ltr'><strong>et</strong></span> <span class='ocrx_word' id='word_1_52' title='bbox 2545 1026 2662 1074; x_wconf 88' lang='lat' dir='ltr'><strong>nos</strong></span> 
     </span>
     <span class='ocr_line' id='line_1_7' title="bbox 312 1117 2659 1209; baseline 0.003 -26"><span class='ocrx_word' id='word_1_53' title='bbox 312 1117 431 1184; x_wconf 91' lang='lat' dir='ltr'><strong>hoc</strong></span> <span class='ocrx_word' id='word_1_54' title='bbox 474 1117 757 1185; x_wconf 87' lang='lat' dir='ltr'><strong>caritatis</strong></span> <span class='ocrx_word' id='word_1_55' title='bbox 817 1124 882 1186; x_wconf 90' lang='lat' dir='ltr'><strong>et</strong></span> <span class='ocrx_word' id='word_1_56' title='bbox 924 1118 1383 1187; x_wconf 83' lang='lat' dir='ltr'><strong>benivolentiae</strong></span> <span class='ocrx_word' id='word_1_57' title='bbox 1426 1119 1679 1204; x_wconf 89' lang='lat' dir='ltr'><strong>signum</strong></span> <span class='ocrx_word' id='word_1_58' title='bbox 1734 1118 1854 1188; x_wconf 86' lang='lat' dir='ltr'><strong>tibi</strong></span> <span class='ocrx_word' id='word_1_59' title='bbox 1896 1121 2281 1205; x_wconf 84' lang='lat' dir='ltr'><strong>gaudeamus</strong></span> <span class='ocrx_word' id='word_1_60' title='bbox 2324 1121 2659 1209; x_wconf 88' lang='lat' dir='ltr'><strong>inpensum</strong></span> 
     </span>
     <span class='ocr_line' id='line_1_8' title="bbox 312 1233 2659 1325; baseline 0.003 -25"><span class='ocrx_word' id='word_1_61' title='bbox 312 1239 377 1300; x_wconf 87' lang='lat' dir='ltr'><strong>et</strong></span> <span class='ocrx_word' id='word_1_62' title='bbox 420 1240 494 1299; x_wconf 92' lang='lat' dir='ltr'><strong>tu</strong></span> <span class='ocrx_word' id='word_1_63' title='bbox 539 1234 619 1300; x_wconf 88' lang='lat' dir='ltr'><strong>ad</strong></span> <span class='ocrx_word' id='word_1_64' title='bbox 664 1234 791 1301; x_wconf 89' lang='lat' dir='ltr'><strong>alia</strong></span> <span class='ocrx_word' id='word_1_65' title='bbox 834 1233 1136 1302; x_wconf 87' lang='lat' dir='ltr'><strong>beneficia</strong></span> <span class='ocrx_word' id='word_1_66' title='bbox 1175 1236 1597 1321; x_wconf 86' lang='lat' dir='ltr'><strong>promerenda</strong></span> <span class='ocrx_word' id='word_1_67' title='bbox 1623 1237 1799 1303; x_wconf 88' lang='lat' dir='ltr'><strong>omni</strong></span> <span class='ocrx_word' id='word_1_68' title='bbox 1827 1242 2110 1325; x_wconf 89' lang='lat' dir='ltr'><strong>tempore</strong></span> <span class='ocrx_word' id='word_1_69' title='bbox 2140 1238 2368 1306; x_wconf 87' lang='lat' dir='ltr'><strong>debeas</strong></span> <span class='ocrx_word' id='word_1_70' title='bbox 2397 1238 2659 1306; x_wconf 87' lang='lat' dir='ltr'><strong>idoneus</strong></span> 
     </span>
    </p>
   </div>
   <div class='ocr_carea' id='block_1_3' title="bbox 310 1347 1859 1420">
    <p class='ocr_par' dir='ltr' id='par_1_3' title="bbox 310 1347 1859 1420">
     <span class='ocr_line' id='line_1_9' title="bbox 310 1347 1859 1420; baseline 0.001 -4"><span class='ocrx_word' id='word_1_71' title='bbox 310 1349 604 1417; x_wconf 82' lang='lat' dir='ltr'><strong>inveniri.</strong></span> <span class='ocrx_word' id='word_1_72' title='bbox 673 1349 843 1417; x_wconf 87' lang='lat' dir='ltr'><strong>Data</strong></span> <span class='ocrx_word' id='word_1_73' title='bbox 884 1347 1184 1418; x_wconf 77' lang='lat' dir='ltr'><strong>Laterani</strong></span> <span class='ocrx_word' id='word_1_74' title='bbox 1232 1353 1269 1417; x_wconf 82' lang='lat'>7</span> <span class='ocrx_word' id='word_1_75' title='bbox 1318 1350 1466 1419; x_wconf 85' lang='lat' dir='ltr'><strong>Idus</strong></span> <span class='ocrx_word' id='word_1_76' title='bbox 1510 1350 1859 1420; x_wconf 82' lang='lat' dir='ltr'><strong>Februarii.</strong></span> 
     </span>
    </p>
   </div>
   <div class='ocr_carea' id='block_1_4' title="bbox 1275 1508 1704 1523">
    <p class='ocr_par' dir='ltr' id='par_1_4' title="bbox 1275 1508 1704 1523">
     <span class='ocr_line' id='line_1_10' title="bbox 1275 1508 1704 1523; baseline 0 0"><span class='ocrx_word' id='word_1_77' title='bbox 1275 1508 1704 1523; x_wconf 95' lang='lat' dir='ltr'><strong> </strong></span> 
     </span>
    </p>
   </div>
   <div class='ocr_carea' id='block_1_5' title="bbox 311 1604 2659 1924">
    <p class='ocr_par' dir='ltr' id='par_1_5' title="bbox 311 1604 2659 1924">
     <span class='ocr_line' id='line_1_11' title="bbox 311 1604 2658 1697; baseline 0 -20"><span class='ocrx_word' id='word_1_78' title='bbox 311 1604 492 1677; x_wconf 88' lang='grc'><strong>431.</strong></span> <span class='ocrx_word' id='word_1_79' title='bbox 541 1607 881 1696; x_wconf 72' lang='lat' dir='ltr'><strong>Greqoriue</strong></span> <span class='ocrx_word' id='word_1_80' title='bbox 935 1610 1096 1675; x_wconf 72' lang='lat' dir='ltr'><strong>diac.</strong></span> <span class='ocrx_word' id='word_1_81' title='bbox 1150 1611 1321 1676; x_wconf 72' lang='lat' dir='ltr'><strong>card.</strong></span> <span class='ocrx_word' id='word_1_82' title='bbox 1370 1610 1439 1677; x_wconf 87' lang='lat' dir='ltr'><strong>S.</strong></span> <span class='ocrx_word' id='word_1_83' title='bbox 1479 1610 1706 1697; x_wconf 70' lang='lat' dir='ltr'><strong>Anqeli</strong></span> <span class='ocrx_word' id='word_1_84' title='bbox 1761 1609 2042 1677; x_wconf 72' lang='lat' dir='ltr'><strong>wibaldo</strong></span> <span class='ocrx_word' id='word_1_85' title='bbox 2098 1613 2178 1677; x_wconf 80' lang='lat' dir='ltr'><strong>de</strong></span> <span class='ocrx_word' id='word_1_86' title='bbox 2230 1611 2420 1677; x_wconf 76' lang='lat' dir='ltr'><strong>anulo</strong></span> <span class='ocrx_word' id='word_1_87' title='bbox 2474 1613 2658 1677; x_wconf 70' lang='lat' dir='ltr'><strong>misso</strong></span> 
     </span>
     <span class='ocr_line' id='line_1_12' title="bbox 529 1725 2659 1816; baseline 0.002 -28"><span class='ocrx_word' id='word_1_88' title='bbox 529 1726 857 1816; x_wconf 70' lang='lat' dir='ltr'><strong>siqnificat.</strong></span> <span class='ocrx_word' id='word_1_89' title='bbox 930 1726 1176 1791; x_wconf 75' lang='lat' dir='ltr'><strong>Ceterae</strong></span> <span class='ocrx_word' id='word_1_90' title='bbox 1219 1727 1350 1792; x_wconf 75' lang='lat' dir='ltr'><strong>eius</strong></span> <span class='ocrx_word' id='word_1_91' title='bbox 1385 1727 1711 1813; x_wconf 72' lang='lat' dir='ltr'><strong>petitiones</strong></span> <span class='ocrx_word' id='word_1_92' title='bbox 1757 1725 2087 1793; x_wconf 67' lang='lat' dir='ltr'><strong>Gen-kardo</strong></span> <span class='ocrx_word' id='word_1_93' title='bbox 2130 1727 2332 1814; x_wconf 73' lang='lat' dir='ltr'><strong>leqato</strong></span> <span class='ocrx_word' id='word_1_94' title='bbox 2376 1729 2659 1793; x_wconf 65' lang='lat' dir='ltr'><strong>commis-</strong></span> 
     </span>
     <span class='ocr_line' id='line_1_13' title="bbox 531 1839 2656 1924; baseline 0.002 -20"><span class='ocrx_word' id='word_1_95' title='bbox 531 1863 636 1905; x_wconf 73' lang='lat' dir='ltr'><strong>sae</strong></span> <span class='ocrx_word' id='word_1_96' title='bbox 681 1863 823 1905; x_wconf 75' lang='lat' dir='ltr'><strong>esse.</strong></span> <span class='ocrx_word' id='word_1_97' title='bbox 2330 1839 2442 1923; x_wconf 83' lang='lat' dir='ltr'><strong>(M.</strong></span> <span class='ocrx_word' id='word_1_98' title='bbox 2474 1841 2656 1924; x_wconf 79' lang='lat'><strong>405.)</strong></span> 
     </span>
    </p>
   </div>
   <div class='ocr_carea' id='block_1_6' title="bbox 296 1953 2835 4147">
    <p class='ocr_par' dir='ltr' id='par_1_6' title="bbox 306 1953 2835 2289">
     <span class='ocr_line' id='line_1_14' title="bbox 490 1953 2835 2057; baseline 0.001 -17"><span class='ocrx_word' id='word_1_99' title='bbox 490 1953 833 2056; x_wconf 71' lang='lat' dir='ltr'><strong>Gregorius</strong></span> <span class='ocrx_word' id='word_1_100' title='bbox 877 1971 1000 2039; x_wconf 90' lang='lat' dir='ltr'><strong>Dei</strong></span> <span class='ocrx_word' id='word_1_101' title='bbox 1054 1973 1263 2057; x_wconf 86' lang='lat' dir='ltr'><strong>gratia</strong></span> <span class='ocrx_word' id='word_1_102' title='bbox 1316 1972 1616 2040; x_wconf 83' lang='lat' dir='ltr'><strong>diaconus</strong></span> <span class='ocrx_word' id='word_1_103' title='bbox 1672 1969 2045 2040; x_wconf 79' lang='lat' dir='ltr'><strong>cardinalis&#39;</strong></span> <span class='ocrx_word' id='word_1_104' title='bbox 2088 1975 2431 2042; x_wconf 87' lang='lat' dir='ltr'><strong>reverendo</strong></span> <span class='ocrx_word' id='word_1_105' title='bbox 2473 1976 2657 2043; x_wconf 88' lang='lat' dir='ltr'><strong>fratri</strong></span> <span class='ocrx_word' id='word_1_106' title='bbox 2699 1987 2835 2042; x_wconf 82' lang='lat'>1154</span> 
     </span>
     <span class='ocr_line' id='line_1_15' title="bbox 308 2059 2835 2178; baseline 0.001 -21"><span class='ocrx_word' id='word_1_107' title='bbox 308 2095 374 2157; x_wconf 92' lang='lat' dir='ltr'><strong>et</strong></span> <span class='ocrx_word' id='word_1_108' title='bbox 428 2088 716 2155; x_wconf 90' lang='lat' dir='ltr'><strong>unanimi</strong></span> <span class='ocrx_word' id='word_1_109' title='bbox 770 2089 972 2155; x_wconf 93' lang='lat' dir='ltr'><strong>amico</strong></span> <span class='ocrx_word' id='word_1_110' title='bbox 1018 2087 1358 2171; x_wconf 88' lang='lat' dir='ltr'><strong>W(ibaldo)</strong></span> <span class='ocrx_word' id='word_1_111' title='bbox 1405 2086 1767 2156; x_wconf 90' lang='lat' dir='ltr'><strong>Stabulensi</strong></span> <span class='ocrx_word' id='word_1_112' title='bbox 1812 2089 2025 2156; x_wconf 86' lang='lat' dir='ltr'><strong>abbati</strong></span> <span class='ocrx_word' id='word_1_113' title='bbox 2069 2090 2338 2159; x_wconf 89' lang='lat' dir='ltr'><strong>salutem</strong></span> <span class='ocrx_word' id='word_1_114' title='bbox 2382 2097 2476 2176; x_wconf 89' lang='lat' dir='ltr'><strong>et,</strong></span> <span class='ocrx_word' id='word_1_115' title='bbox 2536 2112 2662 2178; x_wconf 90' lang='lat' dir='ltr'><strong>qua</strong></span> <span class='ocrx_word' id='word_1_116' title='bbox 2705 2059 2835 2109; x_wconf 57' lang='grc' dir='ltr'><strong>Μ’·</strong></span> 
     </span>
     <span class='ocr_line' id='line_1_16' title="bbox 306 2205 1311 2289; baseline -0.003 -16"><span class='ocrx_word' id='word_1_117' title='bbox 306 2205 503 2274; x_wconf 90' lang='lat' dir='ltr'><strong>nichil</strong></span> <span class='ocrx_word' id='word_1_118' title='bbox 548 2210 646 2272; x_wconf 89' lang='lat' dir='ltr'><strong>est</strong></span> <span class='ocrx_word' id='word_1_119' title='bbox 688 2206 916 2289; x_wconf 89' lang='lat' dir='ltr'><strong>carius,</strong></span> <span class='ocrx_word' id='word_1_120' title='bbox 963 2205 1311 2271; x_wconf 87' lang='lat' dir='ltr'><strong>caritatem.</strong></span> 
     </span>
    </p>

    <p class='ocr_par' dir='ltr' id='par_1_7' title="bbox 296 2318 2656 4147">
     <span class='ocr_line' id='line_1_17' title="bbox 485 2318 2656 2407; baseline 0.001 -20"><span class='ocrx_word' id='word_1_121' title='bbox 485 2319 647 2400; x_wconf 88' lang='lat' dir='ltr'><strong>Quia</strong></span> <span class='ocrx_word' id='word_1_122' title='bbox 690 2321 860 2388; x_wconf 89' lang='lat' dir='ltr'><strong>inter</strong></span> <span class='ocrx_word' id='word_1_123' title='bbox 904 2325 1144 2388; x_wconf 90' lang='lat' dir='ltr'><strong>ceteros</strong></span> <span class='ocrx_word' id='word_1_124' title='bbox 1189 2319 1370 2403; x_wconf 87' lang='lat' dir='ltr'><strong>regni</strong></span> <span class='ocrx_word' id='word_1_125' title='bbox 1415 2318 1675 2386; x_wconf 80' lang='lat' dir='ltr'><strong>abbates</strong></span> <span class='ocrx_word' id='word_1_126' title='bbox 1709 2339 2047 2407; x_wconf 88' lang='lat' dir='ltr'><strong>personam</strong></span> <span class='ocrx_word' id='word_1_127' title='bbox 2076 2326 2352 2388; x_wconf 80' lang='lat' dir='ltr'><strong>vestram</strong></span> <span class='ocrx_word' id='word_1_128' title='bbox 2384 2322 2656 2407; x_wconf 85' lang='lat' dir='ltr'><strong>quadam</strong></span> 
     </span>
     <span class='ocr_line' id='line_1_18' title="bbox 306 2420 2656 2527; baseline 0.001 -23"><span class='ocrx_word' id='word_1_129' title='bbox 306 2437 714 2527; x_wconf 83' lang='lat' dir='ltr'><strong>prerogativa</strong></span> <span class='ocrx_word' id='word_1_130' title='bbox 756 2435 1114 2504; x_wconf 87' lang='lat' dir='ltr'><strong>dilectionis</strong></span> <span class='ocrx_word' id='word_1_131' title='bbox 1152 2426 1335 2502; x_wconf 90' lang='lat' dir='ltr'><strong>nobis</strong></span> <span class='ocrx_word' id='word_1_132' title='bbox 1378 2434 1721 2519; x_wconf 85' lang='lat' dir='ltr'><strong>univimus,</strong></span> <span class='ocrx_word' id='word_1_133' title='bbox 1767 2437 1848 2501; x_wconf 92' lang='lat' dir='ltr'><strong>ad</strong></span> <span class='ocrx_word' id='word_1_134' title='bbox 1881 2436 2136 2504; x_wconf 87' lang='lat' dir='ltr'><strong>honoris</strong></span> <span class='ocrx_word' id='word_1_135' title='bbox 2164 2438 2360 2505; x_wconf 77' lang='lat' dir='ltr'><strong>vestri</strong></span> <span class='ocrx_word' id='word_1_136' title='bbox 2388 2420 2656 2524; x_wconf 82' lang='lat' dir='ltr'><strong>gloriam</strong></span> 
     </span>
     <span class='ocr_line' id='line_1_19' title="bbox 305 2551 2656 2642; baseline 0 -21"><span class='ocrx_word' id='word_1_137' title='bbox 305 2560 371 2621; x_wconf 91' lang='lat' dir='ltr'><strong>et</strong></span> <span class='ocrx_word' id='word_1_138' title='bbox 417 2552 885 2637; x_wconf 83' lang='lat' dir='ltr'><strong>exaltationem,</strong></span> <span class='ocrx_word' id='word_1_139' title='bbox 940 2551 1158 2617; x_wconf 85' lang='lat' dir='ltr'><strong>divina</strong></span> <span class='ocrx_word' id='word_1_140' title='bbox 1200 2570 1316 2617; x_wconf 90' lang='lat' dir='ltr'><strong>nos</strong></span> <span class='ocrx_word' id='word_1_141' title='bbox 1361 2551 1701 2617; x_wconf 91' lang='lat' dir='ltr'><strong>comitante</strong></span> <span class='ocrx_word' id='word_1_142' title='bbox 1745 2552 1970 2638; x_wconf 89' lang='lat' dir='ltr'><strong>gratia,</strong></span> <span class='ocrx_word' id='word_1_143' title='bbox 2016 2551 2354 2621; x_wconf 86' lang='lat' dir='ltr'><strong>efficaciter</strong></span> <span class='ocrx_word' id='word_1_144' title='bbox 2395 2574 2656 2642; x_wconf 87' lang='lat' dir='ltr'><strong>operam</strong></span> 
     </span>
     <span class='ocr_line' id='line_1_20' title="bbox 304 2668 2654 2759; baseline 0 -21"><span class='ocrx_word' id='word_1_145' title='bbox 304 2670 612 2738; x_wconf 90' lang='lat' dir='ltr'><strong>dedimus.</strong></span> <span class='ocrx_word' id='word_1_146' title='bbox 675 2669 991 2755; x_wconf 89' lang='lat' dir='ltr'><strong>Equidem</strong></span> <span class='ocrx_word' id='word_1_147' title='bbox 1035 2668 1378 2735; x_wconf 90' lang='lat' dir='ltr'><strong>secundum</strong></span> <span class='ocrx_word' id='word_1_148' title='bbox 1424 2668 1808 2735; x_wconf 89' lang='lat' dir='ltr'><strong>desiderium</strong></span> <span class='ocrx_word' id='word_1_149' title='bbox 1837 2673 2118 2736; x_wconf 83' lang='lat' dir='ltr'><strong>vestrum</strong></span> <span class='ocrx_word' id='word_1_150' title='bbox 2164 2674 2229 2737; x_wconf 91' lang='lat' dir='ltr'><strong>et</strong></span> <span class='ocrx_word' id='word_1_151' title='bbox 2259 2690 2480 2758; x_wconf 86' lang='lat' dir='ltr'><strong>preces</strong></span> <span class='ocrx_word' id='word_1_152' title='bbox 2508 2692 2654 2759; x_wconf 91' lang='lat' dir='ltr'><strong>per-</strong></span> 
     </span>
     <span class='ocr_line' id='line_1_21' title="bbox 303 2783 2654 2855; baseline -0 -1"><span class='ocrx_word' id='word_1_153' title='bbox 303 2807 527 2854; x_wconf 86' lang='lat' dir='ltr'><strong>sonam</strong></span> <span class='ocrx_word' id='word_1_154' title='bbox 571 2792 848 2853; x_wconf 83' lang='lat' dir='ltr'><strong>vestram</strong></span> <span class='ocrx_word' id='word_1_155' title='bbox 903 2788 1106 2850; x_wconf 86' lang='lat' dir='ltr'><strong>mater</strong></span> <span class='ocrx_word' id='word_1_156' title='bbox 1150 2788 1364 2850; x_wconf 83' lang='lat' dir='ltr'><strong>vestra</strong></span> <span class='ocrx_word' id='word_1_157' title='bbox 1417 2789 1637 2851; x_wconf 89' lang='lat' dir='ltr'><strong>sancta</strong></span> <span class='ocrx_word' id='word_1_158' title='bbox 1679 2783 1966 2851; x_wconf 86' lang='lat' dir='ltr'><strong>Romana</strong></span> <span class='ocrx_word' id='word_1_159' title='bbox 2017 2784 2321 2853; x_wconf 89' lang='lat' dir='ltr'><strong>aecclesia</strong></span> <span class='ocrx_word' id='word_1_160' title='bbox 2363 2787 2499 2854; x_wconf 92' lang='lat' dir='ltr'><strong>oleo</strong></span> <span class='ocrx_word' id='word_1_161' title='bbox 2544 2808 2654 2855; x_wconf 86' lang='lat' dir='ltr'><strong>ex-</strong></span> 
     </span>
     <span class='ocr_line' id='line_1_22' title="bbox 301 2898 2654 2987; baseline 0 -17"><span class='ocrx_word' id='word_1_162' title='bbox 301 2903 630 2970; x_wconf 83' lang='lat' dir='ltr'><strong>ultationis</strong></span> <span class='ocrx_word' id='word_1_163' title='bbox 677 2900 1008 2985; x_wconf 84' lang='lat' dir='ltr'><strong>exhilarat,</strong></span> <span class='ocrx_word' id='word_1_164' title='bbox 1055 2898 1437 2986; x_wconf 86' lang='lat' dir='ltr'><strong>episcopalia</strong></span> <span class='ocrx_word' id='word_1_165' title='bbox 1466 2900 1645 2967; x_wconf 81' lang='lat' dir='ltr'><strong>vobis</strong></span> <span class='ocrx_word' id='word_1_166' title='bbox 1689 2901 1967 2985; x_wconf 82' lang='lat' dir='ltr'><strong>insignia</strong></span> <span class='ocrx_word' id='word_1_167' title='bbox 1995 2902 2364 2987; x_wconf 85' lang='lat' dir='ltr'><strong>concedens,</strong></span> <span class='ocrx_word' id='word_1_168' title='bbox 2411 2909 2482 2970; x_wconf 90' lang='lat' dir='ltr'><strong>ut</strong></span> <span class='ocrx_word' id='word_1_169' title='bbox 2506 2923 2654 2971; x_wconf 84' lang='lat' dir='ltr'><strong>vere</strong></span> 
     </span>
     <span class='ocr_line' id='line_1_23' title="bbox 304 3015 2648 3107; baseline -0 -20"><span class='ocrx_word' id='word_1_170' title='bbox 304 3018 697 3087; x_wconf 87' lang='lat' dir='ltr'><strong>Stabulensis</strong></span> <span class='ocrx_word' id='word_1_171' title='bbox 743 3017 995 3102; x_wconf 89' lang='lat' dir='ltr'><strong>gemino</strong></span> <span class='ocrx_word' id='word_1_172' title='bbox 1040 3015 1368 3099; x_wconf 80' lang='lat' dir='ltr'><strong>dignitatis</strong></span> <span class='ocrx_word' id='word_1_173' title='bbox 1412 3021 1641 3082; x_wconf 87' lang='lat' dir='ltr'><strong>ornatu</strong></span> <span class='ocrx_word' id='word_1_174' title='bbox 1672 3016 1930 3102; x_wconf 83' lang='lat' dir='ltr'><strong>fulgeat,</strong></span> <span class='ocrx_word' id='word_1_175' title='bbox 1977 3017 2223 3085; x_wconf 88' lang='lat' dir='ltr'><strong>abbatis</strong></span> <span class='ocrx_word' id='word_1_176' title='bbox 2256 3023 2321 3085; x_wconf 92' lang='lat' dir='ltr'><strong>et</strong></span> <span class='ocrx_word' id='word_1_177' title='bbox 2349 3020 2648 3107; x_wconf 87' lang='lat' dir='ltr'><strong>episcopi,</strong></span> 
     </span>
     <span class='ocr_line' id='line_1_24' title="bbox 303 3130 2646 3222; baseline 0 -21"><span class='ocrx_word' id='word_1_178' title='bbox 303 3135 412 3222; x_wconf 90' lang='lat' dir='ltr'><strong>qui</strong></span> <span class='ocrx_word' id='word_1_179' title='bbox 471 3155 587 3222; x_wconf 90' lang='lat' dir='ltr'><strong>pre</strong></span> <span class='ocrx_word' id='word_1_180' title='bbox 643 3132 1037 3201; x_wconf 88' lang='lat' dir='ltr'><strong>consortibus</strong></span> <span class='ocrx_word' id='word_1_181' title='bbox 1093 3131 1224 3198; x_wconf 91' lang='lat' dir='ltr'><strong>suis</strong></span> <span class='ocrx_word' id='word_1_182' title='bbox 1272 3130 1643 3218; x_wconf 90' lang='lat' dir='ltr'><strong>ampliorem</strong></span> <span class='ocrx_word' id='word_1_183' title='bbox 1687 3133 1911 3200; x_wconf 84' lang='lat' dir='ltr'><strong>matris</strong></span> <span class='ocrx_word' id='word_1_184' title='bbox 1954 3133 2188 3200; x_wconf 89' lang='lat' dir='ltr'><strong>meruit</strong></span> <span class='ocrx_word' id='word_1_185' title='bbox 2229 3134 2646 3202; x_wconf 90' lang='lat' dir='ltr'><strong>dilectionem.</strong></span> 
     </span>
     <span class='ocr_line' id='line_1_25' title="bbox 300 3242 2649 3337; baseline 0 -19"><span class='ocrx_word' id='word_1_186' title='bbox 300 3251 507 3318; x_wconf 86' lang='lat' dir='ltr'><strong>Ysaac</strong></span> <span class='ocrx_word' id='word_1_187' title='bbox 550 3255 734 3337; x_wconf 88' lang='lat' dir='ltr'><strong>pater</strong></span> <span class='ocrx_word' id='word_1_188' title='bbox 775 3242 1024 3316; x_wconf 83' lang='lat' dir='ltr'><strong>noster⁸</strong></span> <span class='ocrx_word' id='word_1_189' title='bbox 1069 3248 1296 3332; x_wconf 86' lang='lat' dir='ltr'><strong>senuit,</strong></span> <span class='ocrx_word' id='word_1_190' title='bbox 1340 3244 1654 3315; x_wconf 77' lang='lat' dir='ltr'><strong>Rebecca⁴</strong></span> <span class='ocrx_word' id='word_1_191' title='bbox 1690 3253 1901 3316; x_wconf 90' lang='lat' dir='ltr'><strong>tamen</strong></span> <span class='ocrx_word' id='word_1_192' title='bbox 1946 3247 2268 3316; x_wconf 88' lang='lat' dir='ltr'><strong>ministrat</strong></span> <span class='ocrx_word' id='word_1_193' title='bbox 2311 3251 2388 3318; x_wconf 91' lang='lat' dir='ltr'><strong>ei.</strong></span> <span class='ocrx_word' id='word_1_194' title='bbox 2456 3251 2649 3335; x_wconf 87' lang='lat' dir='ltr'><strong>Agite</strong></span> 
     </span>
     <span class='ocr_line' id='line_1_26' title="bbox 300 3362 2647 3452; baseline 0.001 -19"><span class='ocrx_word' id='word_1_195' title='bbox 300 3367 517 3452; x_wconf 86' lang='lat' dir='ltr'><strong>igitur,</strong></span> <span class='ocrx_word' id='word_1_196' title='bbox 563 3371 635 3433; x_wconf 89' lang='lat' dir='ltr'><strong>ut</strong></span> <span class='ocrx_word' id='word_1_197' title='bbox 676 3369 880 3431; x_wconf 87' lang='lat' dir='ltr'><strong>mater</strong></span> <span class='ocrx_word' id='word_1_198' title='bbox 925 3369 1331 3449; x_wconf 89' lang='lat' dir='ltr'><strong>recognoscat</strong></span> <span class='ocrx_word' id='word_1_199' title='bbox 1373 3365 1441 3430; x_wconf 92' lang='lat' dir='ltr'><strong>in</strong></span> <span class='ocrx_word' id='word_1_200' title='bbox 1484 3362 1636 3449; x_wconf 88' lang='lat' dir='ltr'><strong>filio,</strong></span> <span class='ocrx_word' id='word_1_201' title='bbox 1683 3384 1799 3451; x_wconf 90' lang='lat' dir='ltr'><strong>per</strong></span> <span class='ocrx_word' id='word_1_202' title='bbox 1843 3364 2012 3450; x_wconf 90' lang='lat' dir='ltr'><strong>quod</strong></span> <span class='ocrx_word' id='word_1_203' title='bbox 2041 3363 2209 3432; x_wconf 87' lang='lat' dir='ltr'><strong>filius</strong></span> <span class='ocrx_word' id='word_1_204' title='bbox 2239 3386 2647 3452; x_wconf 88' lang='lat' dir='ltr'><strong>recognosce-</strong></span> 
     </span>
     <span class='ocr_line' id='line_1_27' title="bbox 301 3480 2645 3568; baseline 0.001 -19"><span class='ocrx_word' id='word_1_205' title='bbox 301 3489 409 3549; x_wconf 89' lang='lat' dir='ltr'><strong>tur</strong></span> <span class='ocrx_word' id='word_1_206' title='bbox 450 3503 491 3548; x_wconf 91' lang='lat' dir='ltr'><strong>a</strong></span> <span class='ocrx_word' id='word_1_207' title='bbox 532 3480 770 3548; x_wconf 88' lang='lat' dir='ltr'><strong>multis.</strong></span> <span class='ocrx_word' id='word_1_208' title='bbox 832 3480 1115 3548; x_wconf 89' lang='lat' dir='ltr'><strong>Anulum</strong></span> <span class='ocrx_word' id='word_1_209' title='bbox 1144 3481 1321 3548; x_wconf 85' lang='lat' dir='ltr'><strong>vobis</strong></span> <span class='ocrx_word' id='word_1_210' title='bbox 1350 3480 1594 3565; x_wconf 89' lang='lat' dir='ltr'><strong>legatus</strong></span> <span class='ocrx_word' id='word_1_211' title='bbox 1626 3480 2009 3567; x_wconf 88' lang='lat' dir='ltr'><strong>apostolicae</strong></span> <span class='ocrx_word' id='word_1_212' title='bbox 2037 3482 2204 3549; x_wconf 87' lang='lat' dir='ltr'><strong>sedis</strong></span> <span class='ocrx_word' id='word_1_213' title='bbox 2233 3481 2645 3568; x_wconf 87' lang='lat' dir='ltr'><strong>Gerh(ardus)</strong></span> 
     </span>
     <span class='ocr_line' id='line_1_28' title="bbox 301 3596 2648 3683; baseline 0.002 -18"><span class='ocrx_word' id='word_1_214' title='bbox 301 3599 602 3666; x_wconf 88' lang='lat' dir='ltr'><strong>diaconus</strong></span> <span class='ocrx_word' id='word_1_215' title='bbox 661 3596 997 3664; x_wconf 87' lang='lat' dir='ltr'><strong>cardinalis</strong></span> <span class='ocrx_word' id='word_1_216' title='bbox 1052 3596 1362 3683; x_wconf 89' lang='lat' dir='ltr'><strong>portabit,</strong></span> <span class='ocrx_word' id='word_1_217' title='bbox 1424 3596 1532 3682; x_wconf 91' lang='lat' dir='ltr'><strong>qui</strong></span> <span class='ocrx_word' id='word_1_218' title='bbox 1576 3616 1690 3663; x_wconf 81' lang='lat' dir='ltr'><strong>vos</strong></span> <span class='ocrx_word' id='word_1_219' title='bbox 1742 3602 1924 3663; x_wconf 87' lang='lat' dir='ltr'><strong>tanta</strong></span> <span class='ocrx_word' id='word_1_220' title='bbox 1976 3598 2185 3682; x_wconf 85' lang='lat' dir='ltr'><strong>gratia</strong></span> <span class='ocrx_word' id='word_1_221' title='bbox 2237 3599 2533 3668; x_wconf 82' lang='lat' dir='ltr'><strong>investiet</strong></span> <span class='ocrx_word' id='word_1_222' title='bbox 2583 3606 2648 3668; x_wconf 91' lang='lat' dir='ltr'><strong>et</strong></span> 
     </span>
     <span class='ocr_line' id='line_1_29' title="bbox 302 3710 2646 3803; baseline 0 -21"><span class='ocrx_word' id='word_1_223' title='bbox 302 3714 646 3802; x_wconf 89' lang='lat' dir='ltr'><strong>apostolico</strong></span> <span class='ocrx_word' id='word_1_224' title='bbox 691 3713 1040 3779; x_wconf 91' lang='lat' dir='ltr'><strong>munimine</strong></span> <span class='ocrx_word' id='word_1_225' title='bbox 1083 3711 1424 3779; x_wconf 86' lang='lat' dir='ltr'><strong>roborabit.</strong></span> <span class='ocrx_word' id='word_1_226' title='bbox 1484 3710 1614 3779; x_wconf 89' lang='lat' dir='ltr'><strong>Nos</strong></span> <span class='ocrx_word' id='word_1_227' title='bbox 1643 3732 1795 3780; x_wconf 81' lang='lat' dir='ltr'><strong>vero</strong></span> <span class='ocrx_word' id='word_1_228' title='bbox 1835 3714 1904 3780; x_wconf 92' lang='lat' dir='ltr'><strong>in</strong></span> <span class='ocrx_word' id='word_1_229' title='bbox 1931 3715 2163 3782; x_wconf 84' lang='lat' dir='ltr'><strong>vestris</strong></span> <span class='ocrx_word' id='word_1_230' title='bbox 2203 3717 2646 3803; x_wconf 73' lang='lat' dir='ltr'><strong>oportunitafi-</strong></span> 
     </span>
     <span class='ocr_line' id='line_1_30' title="bbox 298 3828 2643 3914; baseline 0 -16"><span class='ocrx_word' id='word_1_231' title='bbox 298 3833 417 3899; x_wconf 88' lang='lat' dir='ltr'><strong>bus</strong></span> <span class='ocrx_word' id='word_1_232' title='bbox 463 3834 642 3897; x_wconf 87' lang='lat' dir='ltr'><strong>tanto</strong></span> <span class='ocrx_word' id='word_1_233' title='bbox 688 3829 1025 3897; x_wconf 89' lang='lat' dir='ltr'><strong>sollicitum</strong></span> <span class='ocrx_word' id='word_1_234' title='bbox 1072 3847 1211 3894; x_wconf 87' lang='lat' dir='ltr'><strong>esse</strong></span> <span class='ocrx_word' id='word_1_235' title='bbox 1252 3828 1644 3914; x_wconf 82' lang='lat' dir='ltr'><strong>perpendite,</strong></span> <span class='ocrx_word' id='word_1_236' title='bbox 1693 3834 1927 3914; x_wconf 88' lang='lat' dir='ltr'><strong>quanto</strong></span> <span class='ocrx_word' id='word_1_237' title='bbox 1974 3830 2299 3898; x_wconf 86' lang='lat' dir='ltr'><strong>amiciciae</strong></span> <span class='ocrx_word' id='word_1_238' title='bbox 2330 3833 2532 3899; x_wconf 84' lang='lat' dir='ltr'><strong>virtus</strong></span> <span class='ocrx_word' id='word_1_239' title='bbox 2575 3832 2643 3898; x_wconf 90' lang='lat' dir='ltr'><strong>in</strong></span> 
     </span>
     <span class='ocr_line' id='line_1_31' title="bbox 298 3944 2643 4033; baseline -0 -19"><span class='ocrx_word' id='word_1_240' title='bbox 298 3967 494 4015; x_wconf 90' lang='lat' dir='ltr'><strong>causa</strong></span> <span class='ocrx_word' id='word_1_241' title='bbox 559 3944 745 4013; x_wconf 88' lang='lat' dir='ltr'><strong>amici</strong></span> <span class='ocrx_word' id='word_1_242' title='bbox 811 3965 937 4011; x_wconf 90' lang='lat' dir='ltr'><strong>non</strong></span> <span class='ocrx_word' id='word_1_243' title='bbox 995 3947 1207 4030; x_wconf 88' lang='lat' dir='ltr'><strong>potest</strong></span> <span class='ocrx_word' id='word_1_244' title='bbox 1264 3962 1403 4009; x_wconf 89' lang='lat' dir='ltr'><strong>esse</strong></span> <span class='ocrx_word' id='word_1_245' title='bbox 1455 3944 1683 4011; x_wconf 90' lang='lat' dir='ltr'><strong>ociosa.</strong></span> <span class='ocrx_word' id='word_1_246' title='bbox 1877 3944 1975 4012; x_wconf 90' lang='lat' dir='ltr'><strong>De</strong></span> <span class='ocrx_word' id='word_1_247' title='bbox 2032 3946 2174 4013; x_wconf 89' lang='lat' dir='ltr'><strong>aliis</strong></span> <span class='ocrx_word' id='word_1_248' title='bbox 2227 3947 2643 4033; x_wconf 89' lang='lat' dir='ltr'><strong>peticionibus</strong></span> 
     </span>
     <span class='ocr_line' id='line_1_32' title="bbox 296 4058 2641 4147; baseline -0.001 -17"><span class='ocrx_word' id='word_1_249' title='bbox 296 4063 529 4130; x_wconf 84' lang='lat' dir='ltr'><strong>vestris</strong></span> <span class='ocrx_word' id='word_1_250' title='bbox 572 4062 818 4147; x_wconf 85' lang='lat' dir='ltr'><strong>legatus</strong></span> <span class='ocrx_word' id='word_1_251' title='bbox 861 4059 1042 4127; x_wconf 84' lang='lat' dir='ltr'><strong>vobis</strong></span> <span class='ocrx_word' id='word_1_252' title='bbox 1086 4058 1404 4126; x_wconf 89' lang='lat' dir='ltr'><strong>iusticiam</strong></span> <span class='ocrx_word' id='word_1_253' title='bbox 1448 4059 1668 4145; x_wconf 86' lang='lat' dir='ltr'><strong>faciet,</strong></span> <span class='ocrx_word' id='word_1_254' title='bbox 1713 4061 1890 4128; x_wconf 87' lang='lat' dir='ltr'><strong>cuius</strong></span> <span class='ocrx_word' id='word_1_255' title='bbox 1935 4061 2302 4130; x_wconf 88' lang='lat' dir='ltr'><strong>discretioni</strong></span> <span class='ocrx_word' id='word_1_256' title='bbox 2346 4062 2641 4130; x_wconf 89' lang='lat' dir='ltr'><strong>Teutoni-</strong></span> 
     </span>
    </p>
   </div>
   <div class='ocr_carea' id='block_1_7' title="bbox 297 4176 1436 4260">
    <p class='ocr_par' dir='ltr' id='par_1_8' title="bbox 297 4176 1436 4260">
     <span class='ocr_line' id='line_1_33' title="bbox 297 4176 1436 4260; baseline -0.007 -12"><span class='ocrx_word' id='word_1_257' title='bbox 297 4199 519 4248; x_wconf 87' lang='lat' dir='ltr'><strong>corum</strong></span> <span class='ocrx_word' id='word_1_258' title='bbox 563 4179 897 4246; x_wconf 88' lang='lat' dir='ltr'><strong>commisse</strong></span> <span class='ocrx_word' id='word_1_259' title='bbox 941 4181 1089 4244; x_wconf 87' lang='lat' dir='ltr'><strong>sunt</strong></span> <span class='ocrx_word' id='word_1_260' title='bbox 1130 4176 1436 4260; x_wconf 87' lang='lat' dir='ltr'><strong>regiones.</strong></span> 
     </span>
    </p>
   </div>
   <div class='ocr_carea' id='block_1_8' title="bbox 1261 4323 1686 4339">
    <p class='ocr_par' dir='ltr' id='par_1_9' title="bbox 1261 4323 1686 4339">
     <span class='ocr_line' id='line_1_34' title="bbox 1261 4323 1686 4339; baseline 0 903"><span class='ocrx_word' id='word_1_261' title='bbox 1261 4323 1686 4339; x_wconf 95' lang='lat' dir='ltr'><strong> </strong></span> 
     </span>
    </p>
   </div>
   <div class='ocr_carea' id='block_1_9' title="bbox 293 4403 2638 4557">
    <p class='ocr_par' dir='ltr' id='par_1_10' title="bbox 293 4403 2638 4557">
     <span class='ocr_line' id='line_1_35' title="bbox 439 4403 2638 4476; baseline -0 -13"><span class='ocrx_word' id='word_1_262' title='bbox 439 4409 491 4463; x_wconf 88' lang='lat'><strong>1.</strong></span> <span class='ocrx_word' id='word_1_263' title='bbox 541 4406 599 4464; x_wconf 87' lang='lat' dir='ltr'><strong>S.</strong></span> <span class='ocrx_word' id='word_1_264' title='bbox 633 4406 836 4463; x_wconf 69' lang='lat' dir='ltr'><strong>Mariae</strong></span> <span class='ocrx_word' id='word_1_265' title='bbox 879 4405 939 4460; x_wconf 88' lang='lat' dir='ltr'><strong>in</strong></span> <span class='ocrx_word' id='word_1_266' title='bbox 981 4405 1076 4463; x_wconf 72' lang='lat' dir='ltr'><strong>via</strong></span> <span class='ocrx_word' id='word_1_267' title='bbox 1119 4405 1250 4462; x_wconf 75' lang='lat' dir='ltr'><strong>lata.</strong></span> <span class='ocrx_word' id='word_1_268' title='bbox 1429 4406 1483 4462; x_wconf 76' lang='lat'><strong>2.</strong></span> <span class='ocrx_word' id='word_1_269' title='bbox 1528 4403 1588 4462; x_wconf 83' lang='lat' dir='ltr'><strong>S.</strong></span> <span class='ocrx_word' id='word_1_270' title='bbox 1633 4403 1857 4476; x_wconf 85' lang='lat' dir='ltr'><strong>Angeli.</strong></span> <span class='ocrx_word' id='word_1_271' title='bbox 2068 4406 2121 4461; x_wconf 85' lang='lat'><strong>3.</strong></span> <span class='ocrx_word' id='word_1_272' title='bbox 2169 4404 2501 4464; x_wconf 73' lang='lat' dir='ltr'><strong>Anastasius</strong></span> <span class='ocrx_word' id='word_1_273' title='bbox 2541 4406 2638 4464; x_wconf 84' lang='lat' dir='ltr'><strong>lv.</strong></span> 
     </span>
     <span class='ocr_line' id='line_1_36' title="bbox 293 4496 923 4557; baseline -0.008 0"><span class='ocrx_word' id='word_1_274' title='bbox 293 4499 351 4557; x_wconf 75' lang='lat'><strong>4.</strong></span> <span class='ocrx_word' id='word_1_275' title='bbox 387 4496 628 4556; x_wconf 84' lang='lat' dir='ltr'><strong>ecclesia</strong></span> <span class='ocrx_word' id='word_1_276' title='bbox 658 4497 923 4553; x_wconf 83' lang='lat' dir='ltr'><strong>Romana.</strong></span> 
     </span>
    </p>
   </div>
  </div>
 </body>
</html>
