<?xml version="1.0" encoding="UTF-8"?>
<!DOCTYPE html PUBLIC "-//W3C//DTD XHTML 1.0 Transitional//EN"
    "http://www.w3.org/TR/xhtml1/DTD/xhtml1-transitional.dtd">
<html xmlns="http://www.w3.org/1999/xhtml" xml:lang="en" lang="en">
 <head>
  <title>
</title>
<meta http-equiv="Content-Type" content="text/html;charset=utf-8" />
  <meta name='ocr-system' content='tesseract 3.04.00' />
  <meta name='ocr-capabilities' content='ocr_page ocr_carea ocr_par ocr_line ocrx_word'/>
</head>
<body>
  <div class='ocr_page' id='page_1' title='image "./monumentacorbei00corvgoog_0022.png"; bbox 0 0 3319 5242; ppageno 0'>
   <div class='ocr_carea' id='block_1_1' title="bbox 671 444 2200 510">
    <p class='ocr_par' dir='ltr' id='par_1_1' title="bbox 671 444 2200 510">
     <span class='ocr_line' id='line_1_1' title="bbox 671 444 2200 510; baseline 0 -1"><span class='ocrx_word' id='word_1_1' title='bbox 671 444 713 509; x_wconf 83' lang='lat'>6</span> <span class='ocrx_word' id='word_1_2' title='bbox 1492 460 1925 510; x_wconf 56' lang='lat' dir='ltr'>musano</span> <span class='ocrx_word' id='word_1_3' title='bbox 1972 460 2027 509; x_wconf 89' lang='lat' dir='ltr'>s.</span> <span class='ocrx_word' id='word_1_4' title='bbox 2058 461 2200 509; x_wconf 83' lang='lat' dir='ltr'>vm</span> 
     </span>
    </p>
   </div>
   <div class='ocr_carea' id='block_1_2' title="bbox 348 596 3090 4407">
    <p class='ocr_par' dir='ltr' id='par_1_2' title="bbox 352 596 3030 1270">
     <span class='ocr_line' id='line_1_2' title="bbox 352 596 3028 688; baseline 0.002 -24"><span class='ocrx_word' id='word_1_5' title='bbox 352 605 633 664; x_wconf 79' lang='lat'>⁷52—768</span> <span class='ocrx_word' id='word_1_6' title='bbox 673 601 809 670; x_wconf 86' lang='lat' dir='ltr'>eius</span> <span class='ocrx_word' id='word_1_7' title='bbox 851 600 1149 688; x_wconf 80' lang='lat' dir='ltr'>passione</span> <span class='ocrx_word' id='word_1_8' title='bbox 1166 596 1184 628; x_wconf 87' lang='lat'><em>¹</em></span> <span class='ocrx_word' id='word_1_9' title='bbox 1227 600 1664 688; x_wconf 75' lang='lat' dir='ltr'><strong>perlegissent,</strong></span> <span class='ocrx_word' id='word_1_10' title='bbox 1715 603 1868 670; x_wconf 88' lang='lat' dir='ltr'>totis</span> <span class='ocrx_word' id='word_1_11' title='bbox 1914 601 2155 669; x_wconf 85' lang='lat' dir='ltr'>viribus</span> <span class='ocrx_word' id='word_1_12' title='bbox 2198 602 2320 668; x_wconf 90' lang='lat' dir='ltr'>hoc</span> <span class='ocrx_word' id='word_1_13' title='bbox 2363 621 2551 685; x_wconf 90' lang='lat' dir='ltr'>agere</span> <span class='ocrx_word' id='word_1_14' title='bbox 2593 601 3028 686; x_wconf 83' lang='lat' dir='ltr'>decreverunt,</span> 
     </span>
     <span class='ocr_line' id='line_1_3' title="bbox 670 717 3030 805; baseline -0 -20"><span class='ocrx_word' id='word_1_15' title='bbox 670 723 743 785; x_wconf 91' lang='lat' dir='ltr'>ut</span> <span class='ocrx_word' id='word_1_16' title='bbox 797 738 942 785; x_wconf 90' lang='lat' dir='ltr'>cum</span> <span class='ocrx_word' id='word_1_17' title='bbox 997 717 1387 803; x_wconf 92' lang='lat' dir='ltr'>reliquorum</span> <span class='ocrx_word' id='word_1_18' title='bbox 1441 723 1797 804; x_wconf 81' lang='lat' dir='ltr'>martyrum</span> <span class='ocrx_word' id='word_1_19' title='bbox 1852 719 2139 805; x_wconf 90' lang='lat' dir='ltr'>reliquiis</span> <span class='ocrx_word' id='word_1_20' title='bbox 2193 718 2263 783; x_wconf 93' lang='lat' dir='ltr'>in</span> <span class='ocrx_word' id='word_1_21' title='bbox 2306 717 2571 784; x_wconf 86' lang='lat' dir='ltr'>basilica</span> <span class='ocrx_word' id='word_1_22' title='bbox 2625 718 2830 784; x_wconf 88' lang='lat' dir='ltr'>sancti</span> <span class='ocrx_word' id='word_1_23' title='bbox 2872 717 3030 784; x_wconf 91' lang='lat' dir='ltr'>Dio-</span> 
     </span>
     <span class='ocr_line' id='line_1_4' title="bbox 669 833 3028 921; baseline 0 -21"><span class='ocrx_word' id='word_1_24' title='bbox 669 834 839 921; x_wconf 81' lang='lat' dir='ltr'>nysii</span> <span class='ocrx_word' id='word_1_25' title='bbox 883 839 1245 921; x_wconf 79' lang='lat' dir='ltr'><strong>poneretur.</strong></span> <span class='ocrx_word' id='word_1_26' title='bbox 1341 833 1467 901; x_wconf 86' lang='lat' dir='ltr'>Sed</span> <span class='ocrx_word' id='word_1_27' title='bbox 1508 833 1646 918; x_wconf 86' lang='lat' dir='ltr'>ille,</span> <span class='ocrx_word' id='word_1_28' title='bbox 1695 836 1805 921; x_wconf 93' lang='lat' dir='ltr'>qui</span> <span class='ocrx_word' id='word_1_29' title='bbox 1849 856 1956 901; x_wconf 89' lang='lat' dir='ltr'>eas</span> <span class='ocrx_word' id='word_1_30' title='bbox 2001 834 2435 917; x_wconf 80' lang='lat' dir='ltr'>transtulerat,</span> <span class='ocrx_word' id='word_1_31' title='bbox 2482 854 2732 900; x_wconf 92' lang='lat' dir='ltr'>omnem</span> <span class='ocrx_word' id='word_1_32' title='bbox 2777 834 3028 901; x_wconf 89' lang='lat' dir='ltr'>heredi-</span> 
     </span>
     <span class='ocr_line' id='line_1_5' title="bbox 670 949 3029 1038; baseline -0 -21"><span class='ocrx_word' id='word_1_33' title='bbox 670 955 869 1017; x_wconf 90' lang='lat' dir='ltr'>tatem</span> <span class='ocrx_word' id='word_1_34' title='bbox 914 970 1097 1016; x_wconf 89' lang='lat' dir='ltr'>suam</span> <span class='ocrx_word' id='word_1_35' title='bbox 1142 960 1333 1035; x_wconf 89' lang='lat' dir='ltr'>seque</span> <span class='ocrx_word' id='word_1_36' title='bbox 1378 969 1521 1016; x_wconf 90' lang='lat' dir='ltr'>cum</span> <span class='ocrx_word' id='word_1_37' title='bbox 1565 951 1724 1037; x_wconf 90' lang='lat' dir='ltr'>ipsis</span> <span class='ocrx_word' id='word_1_38' title='bbox 1766 951 2050 1038; x_wconf 89' lang='lat' dir='ltr'>reliquiis</span> <span class='ocrx_word' id='word_1_39' title='bbox 2084 950 2314 1018; x_wconf 87' lang='lat' dir='ltr'>Sancto</span> <span class='ocrx_word' id='word_1_40' title='bbox 2344 949 2652 1037; x_wconf 81' lang='lat' dir='ltr'>Dionysio</span> <span class='ocrx_word' id='word_1_41' title='bbox 2683 951 2852 1016; x_wconf 90' lang='lat' dir='ltr'>tradi</span> <span class='ocrx_word' id='word_1_42' title='bbox 2879 970 3029 1037; x_wconf 89' lang='lat' dir='ltr'>pro·</span> 
     </span>
     <span class='ocr_line' id='line_1_6' title="bbox 669 1066 3029 1154; baseline -0 -21"><span class='ocrx_word' id='word_1_43' title='bbox 669 1067 961 1152; x_wconf 88' lang='lat' dir='ltr'>mittens,</span> <span class='ocrx_word' id='word_1_44' title='bbox 1019 1066 1278 1133; x_wconf 91' lang='lat' dir='ltr'>tandem</span> <span class='ocrx_word' id='word_1_45' title='bbox 1338 1066 1640 1150; x_wconf 82' lang='lat' dir='ltr'>obtinuit,</span> <span class='ocrx_word' id='word_1_46' title='bbox 1697 1072 1771 1133; x_wconf 88' lang='lat' dir='ltr'>ut</span> <span class='ocrx_word' id='word_1_47' title='bbox 1825 1068 1894 1133; x_wconf 91' lang='lat' dir='ltr'>in</span> <span class='ocrx_word' id='word_1_48' title='bbox 1948 1067 2121 1151; x_wconf 88' lang='lat' dir='ltr'>loco,</span> <span class='ocrx_word' id='word_1_49' title='bbox 2182 1087 2306 1152; x_wconf 94' lang='lat' dir='ltr'>quo</span> <span class='ocrx_word' id='word_1_50' title='bbox 2357 1066 2604 1154; x_wconf 80' lang='lat' dir='ltr'>positae</span> <span class='ocrx_word' id='word_1_51' title='bbox 2649 1071 2861 1149; x_wconf 89' lang='lat' dir='ltr'>erant,</span> <span class='ocrx_word' id='word_1_52' title='bbox 2917 1086 3029 1132; x_wconf 85' lang='lat' dir='ltr'>eas</span> 
     </span>
     <span class='ocr_line' id='line_1_7' title="bbox 668 1181 3029 1270; baseline 0 -22"><span class='ocrx_word' id='word_1_53' title='bbox 668 1203 926 1250; x_wconf 90' lang='lat' dir='ltr'>manere</span> <span class='ocrx_word' id='word_1_54' title='bbox 970 1182 1431 1270; x_wconf 80' lang='lat' dir='ltr'>permitterent.</span> <span class='ocrx_word' id='word_1_55' title='bbox 1502 1181 1741 1250; x_wconf 86' lang='lat' dir='ltr'>Mansit</span> <span class='ocrx_word' id='word_1_56' title='bbox 1785 1189 1997 1250; x_wconf 90' lang='lat' dir='ltr'>autem</span> <span class='ocrx_word' id='word_1_57' title='bbox 2040 1184 2109 1250; x_wconf 92' lang='lat' dir='ltr'>in</span> <span class='ocrx_word' id='word_1_58' title='bbox 2156 1183 2377 1251; x_wconf 92' lang='lat' dir='ltr'>eodem</span> <span class='ocrx_word' id='word_1_59' title='bbox 2419 1181 2557 1248; x_wconf 94' lang='lat' dir='ltr'>loco</span> <span class='ocrx_word' id='word_1_60' title='bbox 2604 1201 2833 1268; x_wconf 87' lang='lat' dir='ltr'>corpus</span> <span class='ocrx_word' id='word_1_61' title='bbox 2877 1181 3029 1248; x_wconf 87' lang='lat' dir='ltr'>bea-</span> 
     </span>
    </p>

    <p class='ocr_par' dir='ltr' id='par_1_3' title="bbox 526 1296 3030 2083">
     <span class='ocr_line' id='line_1_8' title="bbox 526 1296 3030 1386; baseline -0.001 -21"><span class='ocrx_word' id='word_1_62' title='bbox 526 1312 630 1365; x_wconf 83' lang='grc'>836</span> <span class='ocrx_word' id='word_1_63' title='bbox 668 1299 901 1365; x_wconf 88' lang='lat' dir='ltr'>tissimi</span> <span class='ocrx_word' id='word_1_64' title='bbox 945 1299 1245 1385; x_wconf 80' lang='lat' dir='ltr'>martyris</span> <span class='ocrx_word' id='word_1_65' title='bbox 1291 1319 1491 1384; x_wconf 91' lang='lat' dir='ltr'>usque</span> <span class='ocrx_word' id='word_1_66' title='bbox 1535 1300 1617 1365; x_wconf 87' lang='lat' dir='ltr'>ad</span> <span class='ocrx_word' id='word_1_67' title='bbox 1664 1320 1899 1365; x_wconf 92' lang='lat' dir='ltr'>annum</span> <span class='ocrx_word' id='word_1_68' title='bbox 1944 1301 2030 1366; x_wconf 81' lang='lat'>23</span> <span class='ocrx_word' id='word_1_69' title='bbox 2076 1298 2348 1386; x_wconf 87' lang='lat' dir='ltr'>piissimi</span> <span class='ocrx_word' id='word_1_70' title='bbox 2380 1298 2786 1385; x_wconf 90' lang='lat' dir='ltr'>imperatoris</span> <span class='ocrx_word' id='word_1_71' title='bbox 2815 1296 3030 1364; x_wconf 91' lang='lat' dir='ltr'>Ludo-</span> 
     </span>
     <span class='ocr_line' id='line_1_9' title="bbox 667 1414 3028 1498; baseline -0 -17"><span class='ocrx_word' id='word_1_72' title='bbox 667 1415 794 1481; x_wconf 87' lang='lat' dir='ltr'>vici</span> <span class='ocrx_word' id='word_1_73' title='bbox 846 1420 910 1482; x_wconf 88' lang='lat' dir='ltr'>et</span> <span class='ocrx_word' id='word_1_74' title='bbox 954 1415 1544 1498; x_wconf 76' lang='lat' dir='ltr'>octingentesimum</span> <span class='ocrx_word' id='word_1_75' title='bbox 1590 1416 1983 1482; x_wconf 87' lang='lat' dir='ltr'>tricesimum</span> <span class='ocrx_word' id='word_1_76' title='bbox 2029 1420 2281 1482; x_wconf 82' lang='lat' dir='ltr'>sextum</span> <span class='ocrx_word' id='word_1_77' title='bbox 2323 1415 2777 1481; x_wconf 80' lang='lat' dir='ltr'>incarnationis</span> <span class='ocrx_word' id='word_1_78' title='bbox 2823 1414 3028 1480; x_wconf 91' lang='lat' dir='ltr'>domi-</span> 
     </span>
     <span class='ocr_line' id='line_1_10' title="bbox 666 1530 3029 1618; baseline 0 -22"><span class='ocrx_word' id='word_1_79' title='bbox 666 1531 864 1597; x_wconf 91' lang='lat' dir='ltr'>nicae.</span> <span class='ocrx_word' id='word_1_80' title='bbox 1005 1530 1132 1597; x_wconf 87' lang='lat' dir='ltr'>Sed</span> <span class='ocrx_word' id='word_1_81' title='bbox 1173 1531 1546 1617; x_wconf 91' lang='lat' dir='ltr'>priusquam</span> <span class='ocrx_word' id='word_1_82' title='bbox 1593 1531 1676 1598; x_wconf 86' lang='lat' dir='ltr'>ad</span> <span class='ocrx_word' id='word_1_83' title='bbox 1718 1532 1857 1616; x_wconf 89' lang='lat' dir='ltr'>hoc,</span> <span class='ocrx_word' id='word_1_84' title='bbox 1904 1532 2173 1617; x_wconf 91' lang='lat' dir='ltr'>qualiter</span> <span class='ocrx_word' id='word_1_85' title='bbox 2213 1552 2441 1618; x_wconf 90' lang='lat' dir='ltr'>corpus</span> <span class='ocrx_word' id='word_1_86' title='bbox 2481 1532 2683 1598; x_wconf 88' lang='lat' dir='ltr'>sancti</span> <span class='ocrx_word' id='word_1_87' title='bbox 2723 1533 3029 1618; x_wconf 82' lang='lat' dir='ltr'>martyris</span> 
     </span>
     <span class='ocr_line' id='line_1_11' title="bbox 667 1646 3027 1734; baseline 0.001 -22"><span class='ocrx_word' id='word_1_88' title='bbox 667 1647 955 1733; x_wconf 87' lang='lat' dir='ltr'>partibus</span> <span class='ocrx_word' id='word_1_89' title='bbox 1005 1646 1321 1714; x_wconf 85' lang='lat' dir='ltr'>Saxoniae</span> <span class='ocrx_word' id='word_1_90' title='bbox 1363 1647 1743 1714; x_wconf 90' lang='lat' dir='ltr'>translatum</span> <span class='ocrx_word' id='word_1_91' title='bbox 1790 1649 1892 1732; x_wconf 78' lang='lat' dir='ltr'>sit,</span> <span class='ocrx_word' id='word_1_92' title='bbox 1938 1648 2073 1715; x_wconf 87' lang='lat' dir='ltr'>vel·</span> <span class='ocrx_word' id='word_1_93' title='bbox 2120 1647 2389 1734; x_wconf 86' lang='lat' dir='ltr'>qualiter</span> <span class='ocrx_word' id='word_1_94' title='bbox 2426 1648 2694 1714; x_wconf 86' lang='lat' dir='ltr'>virtutes</span> <span class='ocrx_word' id='word_1_95' title='bbox 2733 1668 2851 1734; x_wconf 89' lang='lat' dir='ltr'>per</span> <span class='ocrx_word' id='word_1_96' title='bbox 2881 1668 3027 1714; x_wconf 88' lang='lat' dir='ltr'>eum</span> 
     </span>
     <span class='ocr_line' id='line_1_12' title="bbox 667 1762 3027 1850; baseline 0 -21"><span class='ocrx_word' id='word_1_97' title='bbox 667 1762 987 1831; x_wconf 78' lang='lat' dir='ltr'>Dominus</span> <span class='ocrx_word' id='word_1_98' title='bbox 1025 1764 1094 1829; x_wconf 92' lang='lat' dir='ltr'>in</span> <span class='ocrx_word' id='word_1_99' title='bbox 1138 1763 1278 1850; x_wconf 91' lang='lat' dir='ltr'>ipso</span> <span class='ocrx_word' id='word_1_100' title='bbox 1323 1763 1551 1831; x_wconf 87' lang='lat' dir='ltr'>itinere</span> <span class='ocrx_word' id='word_1_101' title='bbox 1596 1764 1927 1831; x_wconf 87' lang='lat' dir='ltr'>ostendere</span> <span class='ocrx_word' id='word_1_102' title='bbox 1967 1764 2262 1849; x_wconf 85' lang='lat' dir='ltr'>dignatus</span> <span class='ocrx_word' id='word_1_103' title='bbox 2295 1769 2411 1847; x_wconf 87' lang='lat' dir='ltr'>est,</span> <span class='ocrx_word' id='word_1_104' title='bbox 2459 1763 2652 1830; x_wconf 84' lang='lat' dir='ltr'>verba</span> <span class='ocrx_word' id='word_1_105' title='bbox 2680 1768 3027 1848; x_wconf 82' lang='lat' dir='ltr'>vertamus,</span> 
     </span>
     <span class='ocr_line' id='line_1_13' title="bbox 668 1876 3030 1964; baseline 0 -20"><span class='ocrx_word' id='word_1_106' title='bbox 668 1879 930 1963; x_wconf 87' lang='lat' dir='ltr'>dignum</span> <span class='ocrx_word' id='word_1_107' title='bbox 976 1879 1271 1945; x_wconf 80' lang='lat' dir='ltr'>duximus</span> <span class='ocrx_word' id='word_1_108' title='bbox 1284 1929 1303 1962; x_wconf 91' lang='lat'>,</span> <span class='ocrx_word' id='word_1_109' title='bbox 1362 1884 1435 1945; x_wconf 89' lang='lat' dir='ltr'>ut</span> <span class='ocrx_word' id='word_1_110' title='bbox 1479 1880 1558 1946; x_wconf 89' lang='lat' dir='ltr'>de</span> <span class='ocrx_word' id='word_1_111' title='bbox 1604 1881 1741 1947; x_wconf 91' lang='lat' dir='ltr'>eius</span> <span class='ocrx_word' id='word_1_112' title='bbox 1786 1880 2154 1947; x_wconf 89' lang='lat' dir='ltr'>monasterii</span> <span class='ocrx_word' id='word_1_113' title='bbox 2168 1876 2191 1910; x_wconf 83' lang='lat'>²</span> <span class='ocrx_word' id='word_1_114' title='bbox 2237 1880 2733 1964; x_wconf 87' lang='lat' dir='ltr'>constructione,</span> <span class='ocrx_word' id='word_1_115' title='bbox 2789 1880 2900 1947; x_wconf 91' lang='lat' dir='ltr'>ubi</span> <span class='ocrx_word' id='word_1_116' title='bbox 2947 1879 3030 1945; x_wconf 87' lang='lat' dir='ltr'>ad</span> 
     </span>
     <span class='ocr_line' id='line_1_14' title="bbox 667 1995 2610 2083; baseline 0 -22"><span class='ocrx_word' id='word_1_117' title='bbox 667 2015 969 2083; x_wconf 89' lang='lat' dir='ltr'>praesens</span> <span class='ocrx_word' id='word_1_118' title='bbox 1016 1996 1337 2080; x_wconf 78' lang='lat' dir='ltr'>quiescere</span> <span class='ocrx_word' id='word_1_119' title='bbox 1383 1996 1655 2081; x_wconf 84' lang='lat' dir='ltr'>videtur,</span> <span class='ocrx_word' id='word_1_120' title='bbox 1704 1995 1941 2080; x_wconf 91' lang='lat' dir='ltr'>aliquid</span> <span class='ocrx_word' id='word_1_121' title='bbox 1985 1996 2263 2063; x_wconf 86' lang='lat' dir='ltr'>breviter</span> <span class='ocrx_word' id='word_1_122' title='bbox 2308 1995 2610 2061; x_wconf 90' lang='lat' dir='ltr'>dicamus.</span> 
     </span>
    </p>

    <p class='ocr_par' dir='ltr' id='par_1_4' title="bbox 525 2109 3028 2780">
     <span class='ocr_line' id='line_1_15' title="bbox 525 2109 3028 2199; baseline 0.002 -25"><span class='ocrx_word' id='word_1_123' title='bbox 525 2120 631 2175; x_wconf 82' lang='grc'>768</span> <span class='ocrx_word' id='word_1_124' title='bbox 850 2110 1007 2178; x_wconf 89' lang='lat' dir='ltr'>Post</span> <span class='ocrx_word' id='word_1_125' title='bbox 1050 2111 1292 2178; x_wconf 91' lang='lat' dir='ltr'>obitum</span> <span class='ocrx_word' id='word_1_126' title='bbox 1320 2131 1594 2197; x_wconf 89' lang='lat' dir='ltr'>namque</span> <span class='ocrx_word' id='word_1_127' title='bbox 1625 2111 2005 2178; x_wconf 88' lang='lat' dir='ltr'>nobilissimi</span> <span class='ocrx_word' id='word_1_128' title='bbox 2032 2113 2201 2195; x_wconf 90' lang='lat' dir='ltr'>regis</span> <span class='ocrx_word' id='word_1_129' title='bbox 2233 2112 2510 2199; x_wconf 87' lang='lat' dir='ltr'>Pippini,</span> <span class='ocrx_word' id='word_1_130' title='bbox 2557 2111 2827 2178; x_wconf 86' lang='lat' dir='ltr'>Karolus</span> <span class='ocrx_word' id='word_1_131' title='bbox 2857 2109 3028 2178; x_wconf 88' lang='lat' dir='ltr'>filius</span> 
     </span>
     <span class='ocr_line' id='line_1_16' title="bbox 668 2227 3028 2312; baseline 0 -18"><span class='ocrx_word' id='word_1_132' title='bbox 668 2227 802 2295; x_wconf 89' lang='lat' dir='ltr'>eius</span> <span class='ocrx_word' id='word_1_133' title='bbox 846 2248 1113 2312; x_wconf 89' lang='lat' dir='ltr'>regnum</span> <span class='ocrx_word' id='word_1_134' title='bbox 1159 2228 1433 2294; x_wconf 88' lang='lat' dir='ltr'>obtinuit</span> <span class='ocrx_word' id='word_1_135' title='bbox 1475 2227 1865 2294; x_wconf 86' lang='lat' dir='ltr'>Francorum</span> <span class='ocrx_word' id='word_1_136' title='bbox 1908 2229 2291 2294; x_wconf 82' lang='lat' dir='ltr'>universum.</span> <span class='ocrx_word' id='word_1_137' title='bbox 2364 2227 2484 2295; x_wconf 87' lang='lat' dir='ltr'>Cui</span> <span class='ocrx_word' id='word_1_138' title='bbox 2526 2227 2836 2295; x_wconf 91' lang='lat' dir='ltr'>Dominus</span> <span class='ocrx_word' id='word_1_139' title='bbox 2882 2233 3028 2294; x_wconf 90' lang='lat' dir='ltr'>tan-</span> 
     </span>
     <span class='ocr_line' id='line_1_17' title="bbox 667 2342 3027 2431; baseline -0 -20"><span class='ocrx_word' id='word_1_140' title='bbox 667 2349 803 2411; x_wconf 92' lang='lat' dir='ltr'>tam</span> <span class='ocrx_word' id='word_1_141' title='bbox 847 2343 1115 2410; x_wconf 88' lang='lat' dir='ltr'>contulit</span> <span class='ocrx_word' id='word_1_142' title='bbox 1158 2344 1461 2410; x_wconf 87' lang='lat' dir='ltr'>virtutem</span> <span class='ocrx_word' id='word_1_143' title='bbox 1505 2349 1696 2428; x_wconf 91' lang='lat' dir='ltr'>atque</span> <span class='ocrx_word' id='word_1_144' title='bbox 1725 2344 2095 2431; x_wconf 85' lang='lat' dir='ltr'>potentiam,</span> <span class='ocrx_word' id='word_1_145' title='bbox 2142 2348 2370 2410; x_wconf 92' lang='lat' dir='ltr'>utnon</span> <span class='ocrx_word' id='word_1_146' title='bbox 2401 2342 2604 2410; x_wconf 91' lang='lat' dir='ltr'>solum</span> <span class='ocrx_word' id='word_1_147' title='bbox 2635 2343 3027 2410; x_wconf 87' lang='lat' dir='ltr'>Francorum</span> 
     </span>
     <span class='ocr_line' id='line_1_18' title="bbox 666 2459 3028 2546; baseline -0 -18"><span class='ocrx_word' id='word_1_148' title='bbox 666 2481 934 2546; x_wconf 89' lang='lat' dir='ltr'>regnum</span> <span class='ocrx_word' id='word_1_149' title='bbox 977 2466 1232 2527; x_wconf 90' lang='lat' dir='ltr'>strenue</span> <span class='ocrx_word' id='word_1_150' title='bbox 1279 2459 1662 2544; x_wconf 84' lang='lat' dir='ltr'>gubernaret</span> <span class='ocrx_word' id='word_1_151' title='bbox 1705 2460 1818 2526; x_wconf 89' lang='lat' dir='ltr'>sed</span> <span class='ocrx_word' id='word_1_152' title='bbox 1862 2460 2054 2526; x_wconf 92' lang='lat' dir='ltr'>etiam</span> <span class='ocrx_word' id='word_1_153' title='bbox 2099 2459 2331 2526; x_wconf 86' lang='lat' dir='ltr'>multas</span> <span class='ocrx_word' id='word_1_154' title='bbox 2364 2459 2778 2527; x_wconf 90' lang='lat' dir='ltr'>barbarorum</span> <span class='ocrx_word' id='word_1_155' title='bbox 2806 2466 3028 2543; x_wconf 84' lang='lat' dir='ltr'>gentes</span> 
     </span>
     <span class='ocr_line' id='line_1_19' title="bbox 666 2575 3027 2665; baseline -0.001 -19"><span class='ocrx_word' id='word_1_156' title='bbox 666 2579 1155 2665; x_wconf 77' lang='lat' dir='ltr'>citcumquaque</span> <span class='ocrx_word' id='word_1_157' title='bbox 1187 2576 1566 2661; x_wconf 86' lang='lat' dir='ltr'>subiugaret.</span> <span class='ocrx_word' id='word_1_158' title='bbox 1614 2575 1797 2644; x_wconf 88' lang='lat' dir='ltr'>Unde</span> <span class='ocrx_word' id='word_1_159' title='bbox 1825 2577 2065 2644; x_wconf 88' lang='lat' dir='ltr'>factum</span> <span class='ocrx_word' id='word_1_160' title='bbox 2093 2581 2213 2662; x_wconf 90' lang='lat' dir='ltr'>est,</span> <span class='ocrx_word' id='word_1_161' title='bbox 2244 2581 2318 2643; x_wconf 91' lang='lat' dir='ltr'>ut</span> <span class='ocrx_word' id='word_1_162' title='bbox 2346 2581 2598 2661; x_wconf 91' lang='lat' dir='ltr'>gentem</span> <span class='ocrx_word' id='word_1_163' title='bbox 2623 2575 3027 2661; x_wconf 86' lang='lat' dir='ltr'>Saxonicam,</span> 
     </span>
     <span class='ocr_line' id='line_1_20' title="bbox 669 2692 3027 2780; baseline 0 -19"><span class='ocrx_word' id='word_1_164' title='bbox 669 2714 830 2780; x_wconf 88' lang='lat' dir='ltr'>quae</span> <span class='ocrx_word' id='word_1_165' title='bbox 886 2694 1040 2760; x_wconf 92' lang='lat' dir='ltr'>olim</span> <span class='ocrx_word' id='word_1_166' title='bbox 1099 2700 1321 2760; x_wconf 88' lang='lat' dir='ltr'>contra</span> <span class='ocrx_word' id='word_1_167' title='bbox 1365 2693 1642 2760; x_wconf 87' lang='lat' dir='ltr'>Francos</span> <span class='ocrx_word' id='word_1_168' title='bbox 1696 2693 2075 2778; x_wconf 87' lang='lat' dir='ltr'>rebellabat,</span> <span class='ocrx_word' id='word_1_169' title='bbox 2132 2714 2262 2760; x_wconf 94' lang='lat' dir='ltr'>non</span> <span class='ocrx_word' id='word_1_170' title='bbox 2320 2692 2525 2760; x_wconf 91' lang='lat' dir='ltr'>solum</span> <span class='ocrx_word' id='word_1_171' title='bbox 2585 2713 2698 2759; x_wconf 89' lang='lat' dir='ltr'>suo</span> <span class='ocrx_word' id='word_1_172' title='bbox 2744 2693 3027 2761; x_wconf 87' lang='lat' dir='ltr'>dominio</span> 
     </span>
    </p>

    <p class='ocr_par' dir='ltr' id='par_1_5' title="bbox 348 2809 3090 4407">
     <span class='ocr_line' id='line_1_21' title="bbox 348 2809 3030 2894; baseline -0.002 -13"><span class='ocrx_word' id='word_1_173' title='bbox 348 2826 632 2881; x_wconf 80' lang='lat'><strong>772—803</strong></span> <span class='ocrx_word' id='word_1_174' title='bbox 668 2811 1022 2894; x_wconf 87' lang='lat' dir='ltr'>subegisset</span> <span class='ocrx_word' id='word_1_175' title='bbox 1065 2810 1178 2876; x_wconf 90' lang='lat' dir='ltr'>sed</span> <span class='ocrx_word' id='word_1_176' title='bbox 1224 2815 1289 2876; x_wconf 90' lang='lat' dir='ltr'>et</span> <span class='ocrx_word' id='word_1_177' title='bbox 1326 2809 1626 2876; x_wconf 88' lang='lat' dir='ltr'>mellifluo</span> <span class='ocrx_word' id='word_1_178' title='bbox 1661 2809 1896 2876; x_wconf 88' lang='lat' dir='ltr'>Christi</span> <span class='ocrx_word' id='word_1_179' title='bbox 1926 2809 2170 2876; x_wconf 89' lang='lat' dir='ltr'>nomini</span> <span class='ocrx_word' id='word_1_180' title='bbox 2199 2809 2412 2875; x_wconf 90' lang='lat' dir='ltr'>dicare</span> <span class='ocrx_word' id='word_1_181' title='bbox 2437 2810 2790 2875; x_wconf 87' lang='lat' dir='ltr'>meruisset.</span> <span class='ocrx_word' id='word_1_182' title='bbox 2860 2809 3030 2876; x_wconf 89' lang='lat' dir='ltr'>Nam</span> 
     </span>
     <span class='ocr_line' id='line_1_22' title="bbox 670 2925 3029 3013; baseline 0 -20"><span class='ocrx_word' id='word_1_183' title='bbox 670 2932 734 2993; x_wconf 89' lang='lat' dir='ltr'>et</span> <span class='ocrx_word' id='word_1_184' title='bbox 775 2926 944 2992; x_wconf 89' lang='lat' dir='ltr'>hunc</span> <span class='ocrx_word' id='word_1_185' title='bbox 986 2926 1128 2993; x_wconf 92' lang='lat' dir='ltr'>ideo</span> <span class='ocrx_word' id='word_1_186' title='bbox 1174 2946 1329 3013; x_wconf 88' lang='lat' dir='ltr'>prae</span> <span class='ocrx_word' id='word_1_187' title='bbox 1374 2925 1666 2993; x_wconf 91' lang='lat' dir='ltr'>omnibus</span> <span class='ocrx_word' id='word_1_188' title='bbox 1712 2925 2072 2992; x_wconf 88' lang='lat' dir='ltr'>christianis</span> <span class='ocrx_word' id='word_1_189' title='bbox 2116 2926 2370 3010; x_wconf 87' lang='lat' dir='ltr'>regibus</span> <span class='ocrx_word' id='word_1_190' title='bbox 2416 2925 2929 3011; x_wconf 89' lang='lat' dir='ltr'>potentissimum</span> <span class='ocrx_word' id='word_1_191' title='bbox 2958 2926 3029 2993; x_wconf 91' lang='lat' dir='ltr'>in</span> 
     </span>
     <span class='ocr_line' id='line_1_23' title="bbox 668 3041 3029 3127; baseline 0 -18"><span class='ocrx_word' id='word_1_192' title='bbox 668 3042 849 3109; x_wconf 89' lang='lat' dir='ltr'>bellis</span> <span class='ocrx_word' id='word_1_193' title='bbox 888 3041 1085 3109; x_wconf 85' lang='lat' dir='ltr'>fuisse</span> <span class='ocrx_word' id='word_1_194' title='bbox 1116 3042 1452 3126; x_wconf 88' lang='lat' dir='ltr'>credimus,</span> <span class='ocrx_word' id='word_1_195' title='bbox 1501 3042 1670 3127; x_wconf 87' lang='lat' dir='ltr'>quia,</span> <span class='ocrx_word' id='word_1_196' title='bbox 1717 3062 1873 3126; x_wconf 91' lang='lat' dir='ltr'>quos</span> <span class='ocrx_word' id='word_1_197' title='bbox 1904 3062 2018 3109; x_wconf 92' lang='lat' dir='ltr'>suo</span> <span class='ocrx_word' id='word_1_198' title='bbox 2051 3042 2329 3108; x_wconf 89' lang='lat' dir='ltr'>dominio</span> <span class='ocrx_word' id='word_1_199' title='bbox 2361 3041 2756 3125; x_wconf 88' lang='lat' dir='ltr'>subiugabat,</span> <span class='ocrx_word' id='word_1_200' title='bbox 2788 3041 3029 3109; x_wconf 85' lang='lat' dir='ltr'>Christi</span> 
     </span>
     <span class='ocr_line' id='line_1_24' title="bbox 669 3157 3030 3243; baseline 0 -18"><span class='ocrx_word' id='word_1_201' title='bbox 669 3158 913 3225; x_wconf 91' lang='lat' dir='ltr'>nomini</span> <span class='ocrx_word' id='word_1_202' title='bbox 957 3158 1308 3226; x_wconf 87' lang='lat' dir='ltr'>dedicabat.</span> <span class='ocrx_word' id='word_1_203' title='bbox 1381 3157 1541 3224; x_wconf 90' lang='lat' dir='ltr'>Cum</span> <span class='ocrx_word' id='word_1_204' title='bbox 1588 3162 1801 3225; x_wconf 90' lang='lat' dir='ltr'>autem</span> <span class='ocrx_word' id='word_1_205' title='bbox 1844 3157 2126 3243; x_wconf 87' lang='lat' dir='ltr'>requiem</span> <span class='ocrx_word' id='word_1_206' title='bbox 2172 3158 2598 3243; x_wconf 89' lang='lat' dir='ltr'>praestitisset</span> <span class='ocrx_word' id='word_1_207' title='bbox 2626 3159 2687 3224; x_wconf 89' lang='lat' dir='ltr'>ei</span> <span class='ocrx_word' id='word_1_208' title='bbox 2714 3157 3030 3225; x_wconf 88' lang='lat' dir='ltr'>Dominus</span> 
     </span>
     <span class='ocr_line' id='line_1_25' title="bbox 672 3273 3032 3361; baseline 0 -20"><span class='ocrx_word' id='word_1_209' title='bbox 672 3295 713 3341; x_wconf 92' lang='lat' dir='ltr'>a</span> <span class='ocrx_word' id='word_1_210' title='bbox 755 3274 1182 3361; x_wconf 90' lang='lat' dir='ltr'>compluribus</span> <span class='ocrx_word' id='word_1_211' title='bbox 1237 3275 1514 3341; x_wconf 90' lang='lat' dir='ltr'>inimicis</span> <span class='ocrx_word' id='word_1_212' title='bbox 1572 3274 1737 3356; x_wconf 88' lang='lat' dir='ltr'>suis,</span> <span class='ocrx_word' id='word_1_213' title='bbox 1795 3273 2166 3341; x_wconf 81' lang='lat' dir='ltr'>convocavit</span> <span class='ocrx_word' id='word_1_214' title='bbox 2209 3294 2426 3341; x_wconf 90' lang='lat' dir='ltr'>omnes</span> <span class='ocrx_word' id='word_1_215' title='bbox 2472 3274 2581 3359; x_wconf 91' lang='lat' dir='ltr'>qui</span> <span class='ocrx_word' id='word_1_216' title='bbox 2627 3274 2743 3341; x_wconf 91' lang='lat' dir='ltr'>sub</span> <span class='ocrx_word' id='word_1_217' title='bbox 2789 3273 3032 3341; x_wconf 88' lang='lat' dir='ltr'>ditione</span> 
     </span>
     <span class='ocr_line' id='line_1_26' title="bbox 671 3389 3032 3477; baseline 0 -20"><span class='ocrx_word' id='word_1_218' title='bbox 671 3412 788 3457; x_wconf 87' lang='lat' dir='ltr'>sua</span> <span class='ocrx_word' id='word_1_219' title='bbox 843 3396 1025 3457; x_wconf 90' lang='lat' dir='ltr'>erant</span> <span class='ocrx_word' id='word_1_220' title='bbox 1079 3390 1352 3457; x_wconf 91' lang='lat' dir='ltr'>maiores</span> <span class='ocrx_word' id='word_1_221' title='bbox 1409 3389 1767 3456; x_wconf 89' lang='lat' dir='ltr'>sacerdotes</span> <span class='ocrx_word' id='word_1_222' title='bbox 1829 3395 1894 3456; x_wconf 90' lang='lat' dir='ltr'>et</span> <span class='ocrx_word' id='word_1_223' title='bbox 1945 3390 2264 3477; x_wconf 89' lang='lat' dir='ltr'>principes</span> <span class='ocrx_word' id='word_1_224' title='bbox 2325 3395 2515 3475; x_wconf 89' lang='lat' dir='ltr'>atque</span> <span class='ocrx_word' id='word_1_225' title='bbox 2567 3390 3032 3457; x_wconf 80' lang='lat' dir='ltr'>studiosissime</span> 
     </span>
     <span class='ocr_line' id='line_1_27' title="bbox 673 3503 3030 3594; baseline -0 -21"><span class='ocrx_word' id='word_1_226' title='bbox 673 3508 1015 3594; x_wconf 85' lang='lat' dir='ltr'>quaesivit,</span> <span class='ocrx_word' id='word_1_227' title='bbox 1071 3506 1381 3592; x_wconf 91' lang='lat' dir='ltr'>quomodo</span> <span class='ocrx_word' id='word_1_228' title='bbox 1428 3526 1647 3572; x_wconf 82' lang='lat' dir='ltr'>veram</span> <span class='ocrx_word' id='word_1_229' title='bbox 1701 3503 1890 3572; x_wconf 90' lang='lat' dir='ltr'>fidem</span> <span class='ocrx_word' id='word_1_230' title='bbox 1935 3526 2276 3591; x_wconf 83' lang='lat' dir='ltr'>veramque</span> <span class='ocrx_word' id='word_1_231' title='bbox 2327 3505 2701 3590; x_wconf 86' lang='lat' dir='ltr'>religionem</span> <span class='ocrx_word' id='word_1_232' title='bbox 2757 3506 2824 3572; x_wconf 90' lang='lat' dir='ltr'>in</span> <span class='ocrx_word' id='word_1_233' title='bbox 2885 3507 3030 3572; x_wconf 88' lang='lat' dir='ltr'>uni-</span> 
     </span>
     <span class='ocr_line' id='line_1_28' title="bbox 670 3621 3030 3708; baseline 0 -19"><span class='ocrx_word' id='word_1_234' title='bbox 670 3644 854 3690; x_wconf 86' lang='lat' dir='ltr'>verso</span> <span class='ocrx_word' id='word_1_235' title='bbox 909 3643 1104 3708; x_wconf 87' lang='lat' dir='ltr'>regno</span> <span class='ocrx_word' id='word_1_236' title='bbox 1165 3643 1279 3689; x_wconf 87' lang='lat' dir='ltr'>suo</span> <span class='ocrx_word' id='word_1_237' title='bbox 1334 3621 1636 3689; x_wconf 91' lang='lat' dir='ltr'>firmaret.</span> <span class='ocrx_word' id='word_1_238' title='bbox 1731 3621 2058 3701; x_wconf 87' lang='lat' dir='ltr'>Quaesivit</span> <span class='ocrx_word' id='word_1_239' title='bbox 2111 3623 2305 3688; x_wconf 91' lang='lat' dir='ltr'>etiam</span> <span class='ocrx_word' id='word_1_240' title='bbox 2362 3622 2773 3689; x_wconf 88' lang='lat' dir='ltr'>nihilominus</span> <span class='ocrx_word' id='word_1_241' title='bbox 2819 3642 3030 3689; x_wconf 88' lang='lat' dir='ltr'>sacer-</span> 
     </span>
     <span class='ocr_line' id='line_1_29' title="bbox 674 3738 3034 3826; baseline -0.001 -19"><span class='ocrx_word' id='word_1_242' title='bbox 674 3741 851 3807; x_wconf 87' lang='lat' dir='ltr'>dotes</span> <span class='ocrx_word' id='word_1_243' title='bbox 897 3740 1098 3807; x_wconf 88' lang='lat' dir='ltr'>bonae</span> <span class='ocrx_word' id='word_1_244' title='bbox 1143 3739 1299 3826; x_wconf 87' lang='lat' dir='ltr'>spei,</span> <span class='ocrx_word' id='word_1_245' title='bbox 1348 3759 1503 3825; x_wconf 90' lang='lat' dir='ltr'>quos</span> <span class='ocrx_word' id='word_1_246' title='bbox 1548 3739 1618 3805; x_wconf 92' lang='lat' dir='ltr'>in</span> <span class='ocrx_word' id='word_1_247' title='bbox 1666 3738 2010 3806; x_wconf 82' lang='lat' dir='ltr'>Saxoniam</span> <span class='ocrx_word' id='word_1_248' title='bbox 2055 3738 2378 3822; x_wconf 78' lang='lat' dir='ltr'>dirigeret,</span> <span class='ocrx_word' id='word_1_249' title='bbox 2432 3740 2543 3824; x_wconf 87' lang='lat' dir='ltr'>qui</span> <span class='ocrx_word' id='word_1_250' title='bbox 2584 3740 2757 3826; x_wconf 89' lang='lat' dir='ltr'>ipsos</span> <span class='ocrx_word' id='word_1_251' title='bbox 2805 3758 3034 3806; x_wconf 88' lang='lat' dir='ltr'>secun-</span> 
     </span>
     <span class='ocr_line' id='line_1_30' title="bbox 674 3853 3030 3942; baseline -0 -20"><span class='ocrx_word' id='word_1_252' title='bbox 674 3855 826 3922; x_wconf 90' lang='lat' dir='ltr'>dum</span> <span class='ocrx_word' id='word_1_253' title='bbox 881 3853 1367 3921; x_wconf 85' lang='lat' dir='ltr'>ecclesiasticam</span> <span class='ocrx_word' id='word_1_254' title='bbox 1422 3853 1612 3921; x_wconf 90' lang='lat' dir='ltr'>fidem</span> <span class='ocrx_word' id='word_1_255' title='bbox 1670 3855 1966 3921; x_wconf 90' lang='lat' dir='ltr'>docerent</span> <span class='ocrx_word' id='word_1_256' title='bbox 2019 3854 2399 3940; x_wconf 64' lang='lat' dir='ltr'>domosqueb</span> <span class='ocrx_word' id='word_1_257' title='bbox 2447 3855 2885 3942; x_wconf 89' lang='lat' dir='ltr'>episcoporum</span> <span class='ocrx_word' id='word_1_258' title='bbox 2931 3860 3030 3921; x_wconf 79' lang='lat' dir='ltr'>et⁶</span> 
     </span>
     <span class='ocr_line' id='line_1_31' title="bbox 675 3968 3031 4038; baseline 0 -1"><span class='ocrx_word' id='word_1_259' title='bbox 675 3970 969 4037; x_wconf 90' lang='lat' dir='ltr'>ecclesias</span> <span class='ocrx_word' id='word_1_260' title='bbox 1015 3970 1487 4038; x_wconf 87' lang='lat' dir='ltr'>constituerent.</span> <span class='ocrx_word' id='word_1_261' title='bbox 1562 3968 1688 4037; x_wconf 88' lang='lat' dir='ltr'>Sed</span> <span class='ocrx_word' id='word_1_262' title='bbox 1734 3990 1878 4036; x_wconf 92' lang='lat' dir='ltr'>cum</span> <span class='ocrx_word' id='word_1_263' title='bbox 1924 3990 2174 4036; x_wconf 91' lang='lat' dir='ltr'>omnem</span> <span class='ocrx_word' id='word_1_264' title='bbox 2219 3970 2504 4037; x_wconf 90' lang='lat' dir='ltr'>ordinem</span> <span class='ocrx_word' id='word_1_265' title='bbox 2536 3970 3031 4038; x_wconf 86' lang='lat' dir='ltr'>ecclesiasticum</span> 
     </span>
     <span class='ocr_line' id='line_1_32' title="bbox 674 4085 3029 4175; baseline 0 -22"><span class='ocrx_word' id='word_1_266' title='bbox 674 4087 742 4153; x_wconf 92' lang='lat' dir='ltr'>in</span> <span class='ocrx_word' id='word_1_267' title='bbox 784 4085 898 4153; x_wconf 88' lang='lat' dir='ltr'>illa</span> <span class='ocrx_word' id='word_1_268' title='bbox 941 4087 1195 4172; x_wconf 90' lang='lat' dir='ltr'>regione</span> <span class='ocrx_word' id='word_1_269' title='bbox 1239 4087 1634 4170; x_wconf 88' lang='lat' dir='ltr'>tradidisset,</span> <span class='ocrx_word' id='word_1_270' title='bbox 1683 4086 1955 4173; x_wconf 84' lang='lat' dir='ltr'>qualiter</span> <span class='ocrx_word' id='word_1_271' title='bbox 2002 4086 2239 4154; x_wconf 89' lang='lat' dir='ltr'>ibidem</span> <span class='ocrx_word' id='word_1_272' title='bbox 2283 4088 2698 4153; x_wconf 85' lang='lat' dir='ltr'>monasticam</span> <span class='ocrx_word' id='word_1_273' title='bbox 2745 4087 3029 4175; x_wconf 89' lang='lat' dir='ltr'>discipli-</span> 
     </span>
     <span class='ocr_line' id='line_1_33' title="bbox 674 4194 3090 4290; baseline 0 -21"><span class='ocrx_word' id='word_1_274' title='bbox 674 4203 859 4269; x_wconf 70' lang='lat' dir='ltr'>nam*¹</span> <span class='ocrx_word' id='word_1_275' title='bbox 903 4204 1232 4270; x_wconf 86' lang='lat' dir='ltr'>instituere</span> <span class='ocrx_word' id='word_1_276' title='bbox 1276 4204 1618 4290; x_wconf 84' lang='lat' dir='ltr'>potuisset,</span> <span class='ocrx_word' id='word_1_277' title='bbox 1673 4203 1956 4269; x_wconf 84' lang='lat' dir='ltr'>invenire</span> <span class='ocrx_word' id='word_1_278' title='bbox 2000 4203 2314 4289; x_wconf 87' lang='lat' dir='ltr'>nequivit,</span> <span class='ocrx_word' id='word_1_279' title='bbox 2361 4203 2520 4269; x_wconf 88' lang='lat' dir='ltr'>nisi·</span> <span class='ocrx_word' id='word_1_280' title='bbox 2565 4208 2814 4270; x_wconf 91' lang='lat' dir='ltr'>tantum</span> <span class='ocrx_word' id='word_1_281' title='bbox 2860 4204 3033 4288; x_wconf 90' lang='lat' dir='ltr'>quod</span> <span class='ocrx_word' id='word_1_282' title='bbox 3084 4194 3090 4200; x_wconf 43' lang='lat'>⁸</span> 
     </span>
     <span class='ocr_line' id='line_1_34' title="bbox 674 4317 3030 4407; baseline 0 -22"><span class='ocrx_word' id='word_1_283' title='bbox 674 4317 845 4385; x_wconf 89' lang='lat' dir='ltr'>illius</span> <span class='ocrx_word' id='word_1_284' title='bbox 901 4321 1106 4402; x_wconf 89' lang='lat' dir='ltr'>gentis</span> <span class='ocrx_word' id='word_1_285' title='bbox 1167 4319 1486 4402; x_wconf 79' lang='lat' dir='ltr'>homineS,</span> <span class='ocrx_word' id='word_1_286' title='bbox 1556 4339 1714 4403; x_wconf 88' lang='lat' dir='ltr'>quos</span> <span class='ocrx_word' id='word_1_287' title='bbox 1770 4319 2020 4385; x_wconf 90' lang='lat' dir='ltr'>obsides</span> <span class='ocrx_word' id='word_1_288' title='bbox 2077 4324 2141 4386; x_wconf 92' lang='lat' dir='ltr'>et</span> <span class='ocrx_word' id='word_1_289' title='bbox 2194 4320 2478 4406; x_wconf 83' lang='lat' dir='ltr'>captivos</span> <span class='ocrx_word' id='word_1_290' title='bbox 2536 4325 2821 4407; x_wconf 90' lang='lat' dir='ltr'>tempore</span> <span class='ocrx_word' id='word_1_291' title='bbox 2879 4339 3030 4386; x_wconf 93' lang='lat' dir='ltr'>con-</span> 
     </span>
    </p>
   </div>
   <div class='ocr_carea' id='block_1_3' title="bbox 812 4469 3026 4635">
    <p class='ocr_par' dir='ltr' id='par_1_6' title="bbox 812 4469 3026 4635">
     <span class='ocr_line' id='line_1_35' title="bbox 812 4469 3026 4530; baseline 0 -14"><span class='ocrx_word' id='word_1_292' title='bbox 812 4484 855 4517; x_wconf 75' lang='lat' dir='ltr'>a.</span> <span class='ocrx_word' id='word_1_293' title='bbox 888 4473 967 4517; x_wconf 78' lang='lat' dir='ltr'>aut</span> <span class='ocrx_word' id='word_1_294' title='bbox 998 4473 1042 4527; x_wconf 81' lang='lat'>2,</span> <span class='ocrx_word' id='word_1_295' title='bbox 1073 4472 1127 4516; x_wconf 83' lang='lat' dir='ltr'>ut</span> <span class='ocrx_word' id='word_1_296' title='bbox 1158 4471 1202 4517; x_wconf 84' lang='lat'>3.</span> <span class='ocrx_word' id='word_1_297' title='bbox 1294 4469 1341 4516; x_wconf 87' lang='lat' dir='ltr'>b.</span> <span class='ocrx_word' id='word_1_298' title='bbox 1373 4469 1535 4515; x_wconf 87' lang='lat' dir='ltr'>domos</span> <span class='ocrx_word' id='word_1_299' title='bbox 1567 4471 1611 4515; x_wconf 97' lang='grc'>2.</span> <span class='ocrx_word' id='word_1_300' title='bbox 1633 4470 1678 4515; x_wconf 82' lang='grc'>3.</span> <span class='ocrx_word' id='word_1_301' title='bbox 1773 4483 1815 4515; x_wconf 87' lang='lat' dir='ltr'>c.</span> <span class='ocrx_word' id='word_1_302' title='bbox 1846 4471 1982 4529; x_wconf 80' lang='lat' dir='ltr'>atque</span> <span class='ocrx_word' id='word_1_303' title='bbox 2015 4472 2057 4515; x_wconf 84' lang='lat'>2.</span> <span class='ocrx_word' id='word_1_304' title='bbox 2080 4471 2124 4516; x_wconf 76' lang='lat'>8.</span> <span class='ocrx_word' id='word_1_305' title='bbox 2221 4470 2266 4517; x_wconf 88' lang='lat' dir='ltr'>d.</span> <span class='ocrx_word' id='word_1_306' title='bbox 2299 4470 2565 4530; x_wconf 83' lang='lat' dir='ltr'>religionem</span> <span class='ocrx_word' id='word_1_307' title='bbox 2584 4473 2628 4517; x_wconf 97' lang='grc'>2.</span> <span class='ocrx_word' id='word_1_308' title='bbox 2650 4472 2694 4516; x_wconf 84' lang='grc'>3.</span> <span class='ocrx_word' id='word_1_309' title='bbox 2789 4484 2832 4516; x_wconf 88' lang='lat' dir='ltr'>e.</span> <span class='ocrx_word' id='word_1_310' title='bbox 2863 4483 2958 4518; x_wconf 89' lang='lat' dir='ltr'>non</span> <span class='ocrx_word' id='word_1_311' title='bbox 2980 4472 3026 4517; x_wconf 80' lang='lat'>3.</span> 
     </span>
     <span class='ocr_line' id='line_1_36' title="bbox 820 4563 2250 4635; baseline 0.001 -16"><span class='ocrx_word' id='word_1_312' title='bbox 820 4566 868 4619; x_wconf 91' lang='lat' dir='ltr'>l.</span> <span class='ocrx_word' id='word_1_313' title='bbox 905 4565 973 4621; x_wconf 90' lang='lat' dir='ltr'>V.</span> <span class='ocrx_word' id='word_1_314' title='bbox 1011 4580 1180 4635; x_wconf 85' lang='lat' dir='ltr'>supra</span> <span class='ocrx_word' id='word_1_315' title='bbox 1213 4581 1269 4634; x_wconf 86' lang='lat' dir='ltr'>p.</span> <span class='ocrx_word' id='word_1_316' title='bbox 1294 4564 1346 4634; x_wconf 85' lang='lat'>5,</span> <span class='ocrx_word' id='word_1_317' title='bbox 1382 4580 1438 4619; x_wconf 90' lang='lat' dir='ltr'>n.</span> <span class='ocrx_word' id='word_1_318' title='bbox 1467 4565 1514 4618; x_wconf 91' lang='lat'>1.</span> <span class='ocrx_word' id='word_1_319' title='bbox 1658 4565 1715 4619; x_wconf 84' lang='lat'>2.</span> <span class='ocrx_word' id='word_1_320' title='bbox 1751 4563 2019 4621; x_wconf 82' lang='lat' dir='ltr'>Gorbeiae</span> <span class='ocrx_word' id='word_1_321' title='bbox 2053 4580 2250 4621; x_wconf 81' lang='lat' dir='ltr'>novae.</span> 
     </span>
    </p>
   </div>
  </div>
 </body>
</html>
