3319 5242
667 404 756 472 46
1299 422 1904 472 onnonoemnns
1949 423 2391 473 consummas

421 567 563 624 1145
670 570 952 649 caverat,
1011 570 1075 632 et
1127 564 1341 630 omnia
1381 565 1634 632 fuerant
1677 571 1897 632 nostra
1939 571 2223 633 reserata
2267 572 2333 633 et
2374 567 2444 632 in
2489 563 2824 651 propatulo
2868 582 3019 631 con-

329 641 441 689 Dec.
457 643 641 690 25—26

438 3247 467 3300 1
477 3244 577 3300 146

393 3318 486 3366 Ian.
500 3319 633 3366 Mart.

669 682 894 747 stituta
916 717 1000 726 —
1024 681 1277 764 navigio
1301 687 1626 765 venerunt,
1657 683 2013 769 pomerium
2036 683 2445 765 transierunt,
2469 683 2741 767 criptam
2764 686 3020 748 sanctae

668 795 907 865 Mariae
951 798 1207 882 quidam
1252 818 1330 864 ex
1373 797 1501 864 illis
1547 798 2066 882 conscenderunt,
2113 798 2427 883 quatinus,
2474 802 2540 865 ct
2569 796 2782 864 ablata
2810 797 3019 863 orien-

667 913 783 980 tali
811 914 1089 980 fenestra
1123 914 1466 980 sanctuarii
1478 925 1520 998 ⁸,
1559 913 1924 1000 expedicius
1953 915 2193 981 intrare
2223 918 2289 980 et
2319 914 2494 981 exire
2521 913 2682 981 inibi
2710 913 3015 980 valerent.

667 1029 1177 1116 Introspicientes
1218 1035 1429 1097 autem
1459 1030 1827 1114 sacrarium,
1874 1030 2080 1097 visum
2111 1035 2209 1096 est
2239 1030 2352 1115 eis,
2399 1029 2869 1096 multitudinem
2898 1029 3021 1095 mi-

666 1144 853 1212 litum
880 1147 948 1211 in
979 1147 1172 1213 armis
1203 1147 1704 1213 exornatissimis
1736 1146 1825 1213 ibi
1855 1147 2217 1216 consistere.
2274 1146 2407 1225 Que
2435 1146 2588 1212 dum
2620 1147 2782 1213 socii·
2807 1146 3021 1212 audis-

668 1267 809 1328 sent
857 1282 977 1329 nec
1017 1261 1208 1329 fidem
1251 1263 1737 1346 adhibuissent,
1795 1262 1952 1329 alios
1998 1263 2272 1330 secundo
2320 1282 2395 1328 ac
2437 1262 2634 1329 tercio
2680 1262 3022 1330 ascendere

667 1378 1107 1459 instituerunt3
1158 1378 1267 1463 qui
1312 1399 1549 1464 omnes,
1597 1380 1690 1446 sic
1736 1400 1804 1446 se
1849 1379 2103 1463 vidisse,
2151 1379 2450 1445 adtestati
2496 1384 2661 1447 sunt.
2734 1378 2834 1445 De
2870 1378 3021 1446 inde

669 1494 748 1560 ad
793 1494 1102 1562 australes
1148 1493 1364 1562 valvas
1409 1494 1633 1580 templi
1680 1495 2003 1579 accedunt,
2052 1494 2296 1561 aditum
2341 1501 2634 1580 querunt,
2682 1515 2805 1580 quo
2850 1495 3020 1562 desi-

667 1609 887 1677 derata
937 1610 1323 1697 repperiant.
1416 1610 1661 1676 Assunt
1717 1631 1863 1695 ergo
1918 1611 2222 1678 divinitus
2267 1611 2477 1696 missi,
2534 1611 2602 1677 in
2647 1610 3017 1678 habitudine

666 1725 960 1809 militari,
1020 1725 1324 1811 qualitate
1375 1727 1672 1813 premissi
1682 1726 1727 1793 ¹³.
1821 1726 1921 1792 nli
1964 1727 2374 1794 nihilominus
2422 1732 2487 1793 et
2529 1727 2621 1794 ibi
2665 1748 2773 1794 eos
2819 1747 3019 1794 anno-

667 1846 932 1925 scentes,
980 1842 1109 1908 acsi
1148 1842 1356 1909 forent
1397 1863 1554 1927 quos
1588 1843 1657 1908 in
1687 1844 1961 1910 sacrario
1991 1843 2301 1926 viderant,
2350 1842 2756 1910 abscedentes
2770 1855 2790 1880 ⁰
2821 1843 3021 1927 igitur

666 1977 795 2025 non
840 1963 979 2025 acto
1028 1959 1309 2043 negotio,
1357 1958 1593 2043 degunt
1637 1979 1923 2026 seorsum
1969 1959 2161 2046 positi
2206 1979 2436 2042 magno
2480 1959 2829 2026 intersticio
2844 2007 2865 2043 ,
2922 1964 3018 2042 ut,

665 2073 778 2141 ubi
831 2073 988 2140 lassi
1042 2094 1169 2141 non
1224 2074 1566 2142 subsistere
1620 2080 1732 2141 aut
1775 2075 2012 2143 durare¹
2048 2076 2444 2162 nequissent,
2508 2074 2698 2141 aliam
2742 2075 3020 2142 adeundi

665 2190 838 2256 viam
880 2189 1254 2257 obtinerent.
1326 2189 1715 2258 orientalem
1758 2192 1973 2276 itaque
2016 2192 2260 2278 criptae
2287 2192 2635 2258 fenestram
2665 2191 2900 2258 adeunt
2929 2196 3015 2276 et,

665 2307 724 2373 si
769 2306 921 2392 quid
964 2306 1188 2373 horum
1236 2307 1440 2374 simile
1486 2308 1572 2373 sit
1614 2308 1810 2374 etiam
1851 2308 1973 2392 ibi,
2019 2308 2254 2375 rescire
2298 2307 2537 2374 volunt.
2630 2307 2744 2374 Set
2783 2306 3017 2374 nihilo-

665 2423 875 2490 minus
921 2422 1222 2489 divinitus
1271 2428 1586 2506 ostensos,
1635 2425 1745 2509 qui
1788 2444 1916 2490 non
1962 2422 2272 2490 affuerant
2317 2423 2750 2507 elementarie,
2796 2423 3021 2490 vident

664 2540 893 2606 fratres
963 2544 1026 2607 et
1091 2538 1381 2606 laudibus
1439 2539 1672 2604 divinis
1732 2540 1996 2605 audiunt
2050 2540 2337 2606 devotius
2395 2540 2723 2621 insistere3
2791 2539 3020 2626 hisque

666 2662 987 2724 consertos
1032 2677 1160 2723 non
1203 2656 1410 2722 nullos
1454 2656 1845 2723 honestiores
1890 2656 2183 2723 miliciae.
2252 2656 2575 2723 Recedunt
2617 2677 2767 2742 ergo
2811 2656 3017 2723 denuo

669 2779 734 2841 et
776 2794 847 2840 se
889 2773 1239 2840 recondunt
1283 2772 1366 2839 ad
1409 2772 1723 2859 potiorem
1766 2772 2057 2840 fortunae
2087 2773 2580 2859 oportunitatem
2609 2774 2678 2841 in
2707 2774 3016 2860 pomerio.

665 2888 1043 2957 Benedictus
1074 2893 1286 2956 autem
1315 2889 1647 2972 Dominus,
1680 2909 1795 2975 per
1825 2909 2030 2973 quem,
2061 2890 2299 2955 frustra
2327 2888 2522 2956 talem
2540 2884 2576 2974 ¹,
2615 2889 3019 2977 opperientes

1458 3026 1658 3091 usque
1686 3004 1968 3090 inibique
1994 3005 2432 3093 perdurantes,
2477 3006 2709 3073 infecto
2754 3006 3019 3091 negocio

1466 3237 1718 3321 lateque
1762 3241 2030 3322 rotante,
2078 3236 2480 3304 affirmabant
2506 3238 2634 3325 ipsi
2661 3238 2853 3321 fures,
2898 3257 3020 3305 nos

1425 3348 1690 3419 festum²
1722 3352 2013 3419 revisere.
2084 3352 2264 3420 Unde
2297 3354 2493 3421 nimio
2524 3375 2758 3441 pavore
2796 3373 3017 3421 omnes

667 3489 783 3537 nos
827 3470 1171 3557 perterriti,
1216 3470 1466 3551 fratres,
1514 3469 1682 3535 cives
1730 3473 1794 3535 et
1835 3467 2226 3536 honestiores
2258 3469 2682 3538 Huxarientes
2714 3475 2778 3537 et
2805 3468 3017 3536 humi-

664 3585 854 3654 liores
912 3586 1154 3652 strenui
1168 3634 1187 3669 ,
1246 3585 1315 3651 in
1358 3585 1479 3651 hoc
1522 3584 1845 3669 conventi,
1903 3585 2198 3670 quatinus
2256 3591 2321 3652 et
2376 3587 2568 3653 armis
2624 3586 2853 3653 muniti
2898 3607 3018 3673 per

666 3702 836 3769 vices
882 3722 1030 3768 suas
1075 3702 1391 3768 custodias
1437 3706 1764 3768 servarent
1807 3702 1977 3768 circa
2021 3702 2368 3768 sacrarium
2414 3702 2834 3770 sollicitudine
2867 3722 3017 3789 per-

665 3817 865 3902 vigili.
943 3817 1122 3896 Quod
1168 3822 1233 3886 et
1274 3818 1513 3884 factum
1556 3823 1654 3885 est
1697 3817 1971 3885 Domino
2016 3818 2550 3903 amminiculante,
2595 3820 2733 3886 sine
2777 3838 2900 3905 quo
2945 3819 3018 3886 in

666 3954 901 4001 vanum
945 3933 1213 4017 vigilant
1256 3935 1366 4019 qui
1410 3934 1776 4001 custodiunt
1818 3934 2140 4001 civitatem
2153 3930 2206 4017 ³3
2256 3935 2421 4019 quod
2465 3940 2530 4001 et
2560 3935 2786 4002 exinde
2815 3934 3019 4003 claret

668 4050 1041 4135 evidentiae,
1089 4050 1238 4136 quia
1284 4056 1348 4118 et
1390 4071 1506 4118 nos
1540 4050 1880 4118 admodum
1910 4052 2114 4138 pauci.
2184 4050 2349 4116 Nam
2394 4050 2709 4118 diutinum
2736 4056 3012 4138 tempus,

669 4185 792 4253 quo
849 4166 1165 4234 durabant
1217 4188 1433 4234 eorum
1477 4167 1965 4235 coadunationes
2011 4172 2076 4233 et
2117 4173 2392 4234 terrores
2436 4168 2714 4234 minaces
2727 4216 2747 4252 ,
2802 4167 2872 4234 id
2917 4174 3019 4235 est

668 4283 749 4349 ad
792 4283 1089 4370 paschale
1131 4284 1394 4369 festum,
1451 4284 1800 4369 nequibant
1842 4282 2062 4349 haberi
2106 4303 2221 4369 per
2264 4288 2479 4350 noctes
2526 4283 2840 4368 singulas,
2903 4284 3018 4370 qui

811 4440 851 4473 a.
883 4427 1154 4475 scanctuarii
1186 4446 1226 4475 c.
1327 4427 1374 4474 b.
1407 4446 1467 4473 an
1500 4428 1752 4487 premissa?
1852 4439 1893 4472 c.
1926 4425 2199 4473 abcedentes
2232 4445 2272 4474 c.
2376 4426 2422 4473 d.
2451 4426 2667 4489 phascale
2699 4444 2738 4472 c.

810 4532 860 4587 1.
896 4547 976 4588 sc.
998 4531 1447 4603 oportunitatem.
1590 4532 1645 4588 2.
1680 4535 1811 4587 aute
1845 4527 2005 4587 Mart.
2028 4532 2117 4587 31.
2260 4531 2315 4586 3.
2351 4531 2555 4587 Psalm.
2584 4531 2704 4598 126,
2730 4491 2797 4585 1.
