3319 5242
882 480 1181 527 wmALm
1222 479 1596 529 urrsronffl
1640 478 1861 526 so-sa
2421 460 2546 527 155

219 640 322 705 que
363 625 518 686 tuae
565 623 817 705 amitae,
865 641 979 709 pro
1026 642 1152 707 qua
1180 623 1438 707 rogasti,
1485 627 1784 689 consueta
1813 620 2195 709 apostolicae
2225 620 2392 687 sedis
2423 620 2547 687 cle-

216 736 441 803 mentia
493 758 612 824 per
666 738 966 806 nuncium
1023 743 1310 804 nostrum
1324 787 1343 823 ,
1404 759 1591 824 quem
1651 738 1733 804 ad
1785 744 2000 825 partes
2059 736 2201 803 illas
2252 737 2548 803 duximus

216 853 650 920 destinandum
664 904 684 938 ,
743 860 995 922 auctore
1039 853 1310 921 Domino
1324 904 1343 938 ,
1402 858 1708 940 quantum
1763 874 1907 921 cum
1960 854 2289 921 honestate
2332 857 2551 919 nostra

212 971 570 1055 poterimus,
617 971 951 1057 providere
995 971 1370 1038 curabimus.
1442 969 1755 1055 Ceterum,
1800 971 1869 1037 in
1905 970 2136 1057 puerili
2166 974 2370 1037 aetate
2400 989 2548 1036 con-

213 1086 461 1151 stitutus
474 1136 493 1169 ,
541 1087 635 1152 ita
677 1087 859 1154 bonis
906 1091 972 1153 et
1012 1086 1292 1154 honestis
1338 1087 1581 1154 actibus
1626 1086 1988 1154 incumbere
2033 1087 2307 1170 studeas,
2353 1090 2425 1152 ut
2469 1085 2549 1152 de

210 1184 325 1269 tuis
380 1203 776 1270 successibus
830 1209 1035 1270 mater
1078 1210 1191 1270 tua
1234 1209 1453 1272 sancta
1495 1202 1782 1271 Romana
1827 1203 2131 1271 aecclesia
2171 1202 2540 1287 gratuletur.

210 1317 369 1384 Data
410 1317 629 1386 Remis
673 1319 974 1387 Kalendis
1017 1319 1279 1408 Aprilis,

211 1529 326 1600 81.
378 1533 704 1619 Euqenaae
732 1532 843 1599 ΠΙ
860 1556 1047 1621 papa
1091 1534 1409 1620 episcopos
1454 1543 1521 1597 et
1555 1535 1803 1600 abbates
1852 1535 2210 1600 Teutonicos
2252 1533 2547 1608 Heius-ico

375 1649 810 1715 Romanorum
854 1650 991 1735 reqo‘
1036 1650 1248 1714 adesse
1290 1649 1473 1714 iubet.
2268 1645 2377 1729 (M.
2413 1646 2547 1729 65.)

377 1779 700 1864 Eugenius
731 1782 1064 1868 episcopus
1095 1801 1313 1847 servus
1344 1800 1672 1847 servorum
1693 1780 1817 1848 Dei
1844 1780 2307 1848 venerabilibus
2333 1782 2550 1848 fratri-

210 1895 317 1962 bus
363 1896 855 1984 archiepiscopis
885 1897 1197 1985 episcopis
1229 1901 1293 1963 et
1321 1895 1567 1963 dilectis
1596 1896 1747 1964 filiis
1778 1897 2130 1982 abbatibus,
2174 1918 2291 1985 per
2321 1899 2549 1964 Teuto-

207 2012 413 2078 nicum
455 2032 721 2096 regnum
765 2014 1145 2097 constitutis,
1191 2011 1459 2080 salutem
1495 2018 1560 2080 et
1588 2013 2000 2100 apostolicam
2029 2013 2544 2081 benedictionem.

378 2127 560 2195 Sicut
622 2130 954 2197 manifeste
1009 2133 1225 2196 vestra
1289 2128 1626 2216 prudentia
1680 2131 2103 2214 recognoscit,
2172 2130 2546 2197 karissimus

207 2242 365 2311 filius
412 2250 629 2312 noster
662 2245 991 2313 Cunradus
1020 2245 1445 2312 Romanorum
1489 2265 1624 2329 reX,
1672 2245 1873 2311 divini
1919 2246 2153 2312 amoris
2196 2245 2548 2312 fervoribus

209 2361 535 2445 excitatus,
581 2359 867 2430 vivificae
911 2364 1114 2429 crucis
1161 2363 1340 2446 signo
1387 2367 1700 2449 suscepto,
1747 2362 1829 2427 ad
1874 2361 2309 2429 debellandam
2346 2362 2546 2429 idol&

204 2483 442 2544 aarum
498 2477 812 2544 insaniam
859 2484 925 2545 et
969 2478 1050 2544 ad
1094 2478 1332 2545 cultum
1378 2477 1707 2544 christiani
1749 2479 2024 2545 nominis
2068 2479 2547 2566 propagandum

207 2614 337 2661 sese
366 2593 637 2661 viriliter
678 2613 752 2662 ac
779 2599 1072 2682 potenter
1102 2595 1394 2662 accinxit.
1465 2593 1626 2662 Cum
1655 2594 1870 2680 itaque
1900 2595 2189 2663 omnibus
2220 2616 2300 2663 ex
2329 2602 2545 2663 nostro

208 2710 397 2778 simus
442 2708 652 2778 officio
696 2710 1013 2778 debitores
1026 2760 1045 2795 ,
1092 2731 1208 2798 pro
1254 2712 1393 2798 ipso
1437 2716 1654 2779 tamen
1698 2714 1901 2796 magis
1946 2712 2246 2779 debemus
2292 2720 2356 2779 et
2397 2733 2546 2800 pro-

207 2827 458 2913 pensius
502 2826 793 2894 volumus
839 2846 977 2894 esse
1022 2827 1292 2894 solliciti.
1360 2826 1543 2894 Unde
1585 2828 2048 2895 fraternitatem
2086 2835 2364 2896 vestram
2400 2850 2546 2916 pre-

210 2944 481 3011 sentibus
527 2943 937 3010 exhortamur
980 2943 1264 3030 epistolis
1297 2949 1362 3010 et
1391 2944 1779 3010 exhortando
1808 2946 2203 3029 mandamus,
2225 3004 2228 3009 .
2250 2947 2546 3031 quatinus

210 3057 536 3128 karissimo
592 3057 724 3126 filio
781 3064 1000 3126 nostro
1045 3057 1348 3143 Henrico,
1405 3060 1639 3125 iuniori
1682 3061 1819 3144 regi
1862 3060 2287 3127 Romanorum
2302 3112 2321 3145 ,
2375 3063 2543 3146 regis

211 3174 463 3243 illustris
493 3175 814 3242 Cuonradi
845 3173 999 3259 filio,
1047 3174 1382 3259 diligenter
1426 3180 1491 3242 et
1531 3174 1801 3243 fideliter
1847 3178 2158 3243 assistatis
2203 3182 2269 3243 et
2310 3177 2377 3243 in
2421 3177 2541 3262 his,

213 3310 362 3377 quae
404 3292 486 3359 ad
531 3291 735 3378 patris
782 3292 882 3357 sui
926 3291 1228 3358 honorem
1263 3297 1328 3358 et
1354 3293 1536 3375 regni
1565 3297 1803 3359 statum
1830 3293 2149 3379 pertinere
2177 3298 2541 3380 noscuntur,

210 3413 276 3473 ut
324 3429 453 3495 pax
509 3428 627 3495 per
684 3407 1133 3494 omnipotentis
1179 3407 1301 3474 Dei
1352 3407 1624 3492 gratiam
1669 3409 1737 3474 in
1780 3409 2032 3496 populis
2077 3408 2201 3475 sibi
2245 3410 2542 3478 subiectis

211 3523 447 3610 integra
487 3528 914 3607 conservetur,
963 3544 1149 3610 opem
1195 3525 1253 3590 ei
1286 3529 1365 3590 et
1377 3523 1730 3609 consilium,
1778 3526 2026 3611 quando
2055 3532 2335 3593 vestrum
2364 3528 2543 3593 auxi-

211 3638 358 3707 lium
398 3639 849 3728 postulaverit,
895 3640 1275 3727 inpendatis.
1369 3640 1676 3707 Nolumus
1723 3642 2064 3727 siquidem,
2119 3647 2193 3708 ut
2236 3644 2351 3710 sub
2395 3664 2543 3731 pro-

213 3758 468 3825 tectione
513 3756 686 3824 beati
714 3755 890 3823 Petri
931 3756 1000 3823 in
1044 3756 1245 3843 patris
1286 3757 1385 3823 sui
1416 3758 1704 3824 absentia
1734 3757 2127 3844 aliquatenus
2157 3759 2413 3827 honoris
2443 3761 2543 3827 sui

213 3870 646 3941 detrimentum
674 3872 777 3940 vel
805 3873 1119 3940 defectum
1150 3874 1450 3939 incurrat.
1507 3872 1678 3940 Data
1704 3873 1920 3942 Remis
1950 3874 2249 3942 Kalendis
2278 3875 2538 3963 Aprilis.

218 4081 332 4152 82.
383 4088 559 4169 Quae
590 4089 870 4175 praedia
914 4087 1388 4154 Kaminatensia
1432 4088 1700 4170 Ιαᾶἰίῆα,
1750 4090 2060 4156 abbatissa
2105 4091 2368 4174 deiecta,
2415 4092 2540 4157 dis-

380 4205 707 4270 tribues-iv.

2594 623 2734 679 1148

2580 699 2689 759 Apr-
2717 698 2742 745 1

2595 1785 2735 1840 1148

2581 1860 2690 1920 Apr.
2717 1859 2742 1906 1

379 4334 626 4402 Domna
655 4334 889 4403 Iuthita
933 4334 1252 4402 abbatissa
1294 4336 1451 4402 haec
1494 4336 1671 4403 dedit
1699 4337 1776 4404 de
1805 4336 2043 4424 prediis
2072 4336 2880 4406 Kaminatensis1146-1148

222 4448 557 4536 aecclesiae,
602 4441 940 4538 postquam
984 4451 1273 4538 deposita
1315 4452 1453 4519 fuit.
1522 4451 1622 4520 De
1651 4453 1828 4520 curia
1853 4452 1978 4520 An.
2010 4473 2302 4521 mansum
2343 4475 2538 4521 unum

355 4604 395 4638 ι
429 4595 611 4657 μείω,
642 4612 720 4655 ap.
749 4598 957 4643 namu
990 4595 1109 4643 εοιι.
1133 4596 1197 4641 ιι.
1223 4610 1274 4655 ρ.
1294 4596 1389 4643 234
1417 4613 1459 4643 ι..
1485 4613 1531 4642 a.
