3319 5242
1028 433 1328 482 wmALm
1370 434 1706 484 nms'rona
1751 434 1857 482 167.
2482 418 2566 485 27
2569 419 2613 486 9

441 573 628 642 Nunc
668 575 884 661 itaque
918 575 1000 643 ad
1027 575 1382 643 litterarum
1413 582 1669 642 tuarum
1696 575 1896 643 lineas
1925 595 2364 663 responsurae,
2410 579 2617 664 primo
2657 583 2796 640 1149

261 695 518 775 gratum
561 691 761 758 habeo
807 696 870 758 et
914 690 1122 776 laudo,
1170 691 1338 777 quod
1383 692 1460 759 de
1506 697 1643 759 arte
1689 697 1799 758 tua
1826 712 2005 760 meae
2031 691 2415 761 laudationis
2446 716 2618 761 sum-

261 807 454 894 psisti
501 807 849 892 exordium,
894 808 1077 874 iuxta
1117 807 1276 873 illud
1318 806 1561 874 Flacci:

1331 923 1510 1002 Quod
1554 924 1943 991 medicorum
1988 928 2106 1006 est,

661 1037 1052 1105 Promittunt
1093 1039 1341 1124 medici,
1388 1044 1667 1106 tractant
1708 1038 1963 1106 fabrilia
2007 1039 2171 1106 fabri
2191 1035 2225 1105 ¹.

261 1154 377 1222 Set
422 1155 592 1239 vide,
637 1175 718 1221 ne
763 1155 1070 1222 erraverit
1111 1155 1414 1222 iudicium
1459 1160 1659 1240 tuum,
1709 1156 1876 1241 quod
1918 1155 1988 1221 in
2031 1176 2134 1222 me
2176 1155 2506 1223 scientiam
2552 1165 2617 1226 et

256 1271 626 1338 facundiam
678 1270 1024 1357 predicanti
1037 1321 1057 1355 ,
1117 1291 1279 1356 quae
1326 1271 1436 1338 illo
1483 1270 1791 1339 Marciani
1835 1271 2130 1358 Capellae
2171 1272 2507 1359 multiplici
2551 1280 2617 1341 et

258 1387 643 1470 enigmatico
690 1386 1093 1473 epithalamio
1106 1383 1130 1417 ²
1174 1386 1541 1471 figurantur.
1695 1387 1886 1454 Artes
1933 1407 2095 1472 quae
2138 1388 2432 1455 dicuntur
2456 1389 2614 1456 libe-

256 1502 427 1569 rales
474 1507 542 1569 et
584 1508 813 1587 cetera,
860 1524 1021 1588 quae
1064 1505 1143 1571 de
1187 1505 1504 1571 medicina
1530 1504 1633 1571 vel
1680 1503 2065 1588 agricultura
2109 1504 2485 1590 scribuntur,
2532 1505 2612 1572 ab

256 1618 522 1704 optimis
566 1620 1039 1705 preceptoribus
1072 1621 1318 1706 accepi3
1364 1620 1724 1686 divinarum
1770 1619 2226 1705 expositionem
2255 1619 2613 1688 litterarum

255 1735 295 1801 a
349 1734 684 1800 catholicis
741 1740 806 1800 et
837 1736 1241 1801 ‘doctissimis
1296 1737 1454 1803 viris
1518 1737 1730 1802 minus
1790 1756 1978 1820 quam
2032 1737 2281 1803 deceret
2334 1737 2613 1804 studiose

253 1850 508 1932 audivi3
554 1849 904 1917 multorum
941 1856 1248 1918 tractatus
1294 1857 1359 1917 et
1387 1853 1870 1918 commentarios
1916 1857 2048 1918 tam
2079 1853 2147 1917 in
2176 1851 2392 1918 divina
2421 1873 2612 1938 quam

250 1966 324 2031 in
381 1965 655 2033 seculari
707 1965 1068 2033 litteratura
1121 1966 1379 2055 perlegi.
1564 1967 1674 2034 Set
1717 1988 1881 2051 vaga
1935 1974 1998 2034 et
2048 1968 2382 2055 multiplex
2424 1966 2611 2035 lectio

251 2088 569 2168 quantum
600 2080 783 2149 affert
809 2083 1174 2169 voluptatis,
1205 2088 1454 2149 tantum
1486 2083 1692 2150 aufert
1718 2083 2030 2150 utilitatis,
2085 2084 2336 2150 Phisico
2365 2082 2607 2169 loquor.

249 2198 754 2265 Cacostomacha
796 2203 945 2265 sunt
986 2199 1174 2285 plura
1217 2204 1282 2266 et
1325 2200 1577 2267 diversa
1619 2199 1878 2284 fercula,
1926 2204 1990 2267 et
2022 2205 2286 2267 onerant
2315 2199 2611 2266 valitudi-

247 2334 405 2381 nem
460 2315 681 2401 pocius
741 2335 931 2399 quam
983 2313 1291 2381 reficiunt.
1394 2315 1500 2382 Ad
1554 2321 1886 2382 consuetos
1944 2321 2008 2382 et
2062 2315 2381 2402 simplices
2436 2315 2609 2382 cibos

250 2431 689 2515 remittuntur,
735 2432 845 2517 qui
887 2430 1237 2517 peregrinis
1280 2437 1345 2499 et
1373 2432 1569 2498 variis
1600 2437 1888 2516 egrotare
1918 2436 2238 2518 ceperunt.
2299 2430 2608 2514 Prodigus

249 2545 425 2613 filius
454 2546 752 2634 cupiebat
778 2553 1066 2614 ventrem
1096 2567 1281 2613 suum
1310 2546 1576 2636 implere
1610 2548 1690 2613 de
1734 2546 2002 2633 siliquis,
2038 2568 2193 2633 quas
2231 2546 2408 2634 porci
2438 2566 2607 2613 com-

252 2663 532 2731 edebant
543 2659 586 2747 ⁸,
646 2665 798 2749 quia
849 2665 1031 2732 iuxta
1086 2664 1483 2752 psalmistam
1541 2664 1773 2731 oblitus
1820 2669 1958 2731 erat
2001 2665 2326 2730 comedere
2376 2683 2607 2750 panem

252 2801 444 2847 suum
454 2775 494 2844 ⁴.
564 2778 898 2867 Multiplex
943 2781 1131 2849 lectio
1177 2786 1243 2847 et
1285 2781 1550 2846 summis
1595 2779 1791 2848 labris
1837 2780 2169 2867 degustata
2212 2779 2444 2845 mulcet
2473 2779 2606 2845 ani-

253 2916 465 2978 mum,
518 2916 644 2961 non
691 2898 924 2984 pascit3
982 2896 1273 2980 delectat,
1317 2916 1446 2962 non
1488 2897 1766 2963 instruit.
1856 2896 1976 2963 Est
2020 2896 2288 2981 quedam
2334 2894 2610 2961 avaricia

253 3011 324 3078 in
369 3011 658 3096 scientia,
704 3013 872 3080 unde
914 3018 982 3080 et
1022 3012 1216 3100 primi
1260 3016 1553 3099 parentes
1597 3013 1892 3097 temptati
1935 3017 2113 3079 sunt:
2158 3014 2361 3078 Ενίιὼ
2403 3010 2611 3096 inquit

253 3132 419 3201 sicut
462 3130 562 3194 dii
600 3133 856 3197 scientes
902 3132 1133 3197 bonum
1167 3143 1225 3197 et
1253 3130 1491 3195 malum
1501 3125 1543 3193 ⁶.
1605 3127 1809 3195 Multa
1837 3128 2165 3194 discuntur
2191 3147 2319 3193 non
2346 3130 2606 3213 propter

253 3244 541 3311 studium
593 3251 692 3311 set
743 3252 1007 3332 propter
1063 3246 1527 3329 curiositatem,
1594 3265 1722 3311 non
1778 3249 1851 3309 ut
1907 3244 2105 3310 simus
2158 3242 2450 3309 meliores
2509 3247 2607 3308 set

255 3358 677 3447 superbiores.
782 3360 1062 3429 Scientia
1117 3363 1287 3428 enim
1341 3359 1548 3445 inflat,
1606 3360 1838 3428 caritas
1894 3357 2144 3427 edificat
2156 3354 2200 3423 ⁶.
2294 3357 2605 3442 Legitime

253 3476 453 3561 igitur
496 3476 799 3542 utendum
845 3497 922 3544 ea
930 3473 972 3561 ⁷,
1026 3497 1186 3563 quae
1229 3477 1412 3543 iuxta
1455 3475 1811 3562 apostolum
1857 3475 2232 3560 destruetur,
2278 3479 2351 3540 ut
2393 3468 2605 3540 illam⁸

255 3600 607 3678 teneamus,
653 3614 813 3678 quae
856 3613 1178 3679 nunquam
1225 3592 1460 3659 excidit
1471 3588 1513 3657 ⁹.

435 3710 657 3795 Neque
699 3709 817 3776 hoc
856 3709 1018 3793 dico,
1063 3715 1135 3793 ut
1174 3714 1238 3776 te
1283 3730 1323 3775 a
1363 3708 1570 3774 studio
1609 3706 1860 3793 legendi
1903 3707 2249 3773 meditandi
2294 3705 2606 3773 scribendi

260 3847 332 3893 ac
383 3825 783 3894 declamandi
837 3825 1206 3893 deterream.
1287 3825 1360 3891 In
1417 3845 1683 3909 quorum
1739 3821 2048 3889 curriculo
2103 3842 2273 3889 nunc
2328 3824 2605 3889 maxime

259 3963 506 4028 versor,
565 3941 724 4009 illud
771 3943 1022 4028 assequi
1066 3961 1463 4029 summopere
1509 3941 1905 4024 desiderans,
1963 3944 2035 4004 ut
2088 3959 2193 4023 ea,
2239 3959 2399 4024 quae
2439 3938 2601 4022 lego,

260 4060 603 4127 memoriae
655 4060 960 4126 tenaciori
1015 4056 1475 4140 commendem;
1534 4062 1598 4124 et
1652 4057 1721 4122 in
1764 4056 1884 4123 hoc
1926 4076 2028 4122 me
2074 4074 2365 4121 exercere
2410 4051 2601 4136 sole0,

261 4182 331 4243 ut
383 4180 534 4263 post
585 4173 821 4242 lectum
876 4175 1130 4260 aliquod
1181 4175 1533 4261 cuiuspiam
1577 4172 1853 4240 nodosae
1898 4172 2242 4257 questionis
2287 4167 2601 4252 volumen,

404 4358 455 4414 1.
489 4358 627 4413 Hor.
650 4373 738 4427 ep.
762 4357 834 4413 11.
861 4359 910 4426 1,
946 4358 1063 4413 115.
1092 4358 1214 4413 116.
1321 4358 1371 4411 2.
1411 4373 1466 4412 v.
1491 4371 1659 4426 supra
1693 4372 1747 4426 p.
1775 4356 1882 4411 275
1916 4371 1972 4409 n.
2000 4355 2048 4408 1.
2157 4353 2207 4407 3.
2239 4352 2376 4406 Luc.
2401 4351 2486 4419 15,
2513 4351 2599 4406 16.

264 4447 317 4502 4.
350 4449 443 4504 Ps.
469 4448 591 4516 101,
613 4448 666 4502 5.
764 4447 818 4503 5.
854 4447 992 4503 Gen.
1019 4447 1073 4517 3,
1094 4447 1149 4502 5.
1245 4448 1299 4502 6.
1336 4446 1368 4501 1
1394 4446 1520 4503 Cor.
1543 4446 1597 4515 8,
1623 4447 1676 4501 1.
1772 4445 1822 4499 7.
1860 4441 2111 4499 scientia.
2204 4442 2258 4497 8.
2295 4440 2599 4498 caritatem.

263 4535 316 4591 9.
350 4538 379 4592 1
406 4536 535 4595 Gor.
560 4536 645 4606 13,
667 4535 722 4591 8.
