3319 5242
952 443 1251 492 wmxnm
1293 442 1669 492 amsa-omn
1711 443 1818 491 453.
1854 442 1962 492 454.
2495 429 2628 496 585

284 586 618 670 diligentia
651 585 1067 672 deposcimus,
1116 586 1409 672 quatinus
1439 585 1519 653 ob
1547 585 1710 652 hanc
1739 587 2182 654 necessitatem
2209 588 2631 675 prenominati
2670 596 2807 653 1157

286 704 503 770 domni
548 702 878 789 P(hilippi)
936 702 1215 790 episcopi
1260 702 1611 770 absentiam
1655 702 1890 771 intuitu
1934 708 2148 772 nostre
2193 704 2524 791 peticionis
2571 711 2635 780 et
2693 671 2788 719 ω’

286 820 533 887 servitii
575 819 898 906 pacienter
942 818 1285 902 sufferatis3
1334 824 1521 905 atque
1563 839 1868 923 personas
1913 819 2330 905 honorabiles,
2375 842 2633 908 presen-

286 938 450 1004 tium
495 926 981 1023 presentatores,
1027 933 1405 1019 legationem
1451 936 1586 1002 eius
1633 934 1714 1002 ad
1758 940 2035 1003 vestram
2079 936 2482 1023 prudentiam
2526 939 2634 1006 de-

286 1054 582 1137 ferentes,
628 1050 1116 1119 misericorditer
1161 1057 1226 1118 et
1268 1053 1337 1119 111
1381 1051 1713 1120 dilectione
1757 1052 2116 1119 remittatis.
2188 1053 2331 1140 Ipse
2378 1054 2632 1140 etenim,

287 1169 507 1247 divina
550 1168 754 1253 gratia
799 1168 878 1236 ab
921 1168 1278 1235 imminenti
1322 1167 1601 1254 periculo
1649 1174 1923 1255 ereptuS,
1969 1168 2080 1235 ubi
2125 1174 2188 1236 et
2232 1170 2480 1256 quando
2513 1172 2632 1238 sibi

287 1291 505 1352 vestra
548 1285 901 1351 sublimitas
939 1283 1406 1369 significaverit,
1450 1305 1567 1371 pro
1597 1288 1930 1372 prenotato
1960 1286 2210 1370 negotio
2243 1285 2477 1372 absque
2506 1292 2633 1354 ter-

252 1402 713 1487 giversatione
767 1422 836 1469 se
892 1405 1103 1469 vestro
1160 1401 1519 1487 conspectui
1573 1400 1983 1488 presentabit.
2076 1399 2297 1469 Gratia
2347 1401 2470 1470 Dei
2524 1424 2638 1470 vo-

287 1518 554 1586 biscum.

288 1729 474 1801 454.
519 1734 836 1798 Adrianus
856 1731 964 1797 IV
973 1754 1157 1818 papa
1182 1731 1464 1798 Wibaldo
1504 1734 1732 1813 scribit,
1778 1756 1843 1797 se
1862 1734 2064 1824 fidem
2092 1755 2216 1797 non
2245 1735 2511 1799 tribuere
2537 1737 2634 1819 iis,

518 1851 626 1936 qui
682 1872 821 1913 eum
876 1848 1087 1913 dicant
1135 1849 1204 1913 in
1251 1847 1520 1913 Graecia
1580 1849 1874 1913 adversus
1926 1850 2240 1914 ecclesiam
2284 1850 2639 1916 Romanam

515 1966 759 2030 stetisse.
830 1964 1062 2046 Monet,
1108 1973 1180 2028 ut
1221 1962 1534 2029 Fridevici
1555 1962 1600 2028 I
1628 1966 2023 2050 imperatoris
2066 1967 2420 2031 suasoribus
2466 1968 2639 2032 obm'-

516 2090 700 2145 tatur.
2315 2079 2424 2161 (M.
2459 2084 2639 2166 439.)

472 2213 792 2281 Adrianus
817 2212 1145 2300 episcopus
1170 2232 1389 2280 servus
1412 2232 1739 2279 servorum
1758 2210 1882 2278 Dei
1905 2210 2132 2278 dilecto
2155 2210 2284 2280 filio
2300 2212 2641 2300 W(ibaldo)
2698 2233 2834 2289 1157

292 2330 658 2399 Stabulensi
703 2330 915 2396 abbati
961 2328 1229 2397 salutem
1276 2335 1341 2396 et
1384 2328 1794 2416 apostolicam
1835 2328 2353 2397 benedictionem.
2674 2307 2768 2354 ¹⁸²
2790 2307 2850 2354 ¹⁹

356 2494 367 2507 .
473 2446 890 2514 Devotionem
933 2445 1140 2529 illam,
1195 2465 1405 2532 quam,
1452 2444 1603 2511 dum
1646 2464 1909 2531 presens
1955 2465 2146 2529 esses,
2194 2445 2487 2514 discretio
2532 2452 2644 2515 tua

290 2566 478 2636 nobis
526 2563 842 2648 exhibuit,
897 2561 1304 2630 adtendentes
1318 2612 1338 2648 ,
1382 2560 1577 2629 nichil
1624 2560 1796 2628 aliud
1840 2561 1917 2629 de
1962 2581 2234 2649 persona
2275 2568 2406 2649 tua,
2454 2586 2642 2651 quam

295 2682 467 2770 quod
510 2681 708 2769 probo
752 2681 889 2747 viro
937 2684 1000 2746 et
1044 2679 1267 2747 devoto
1313 2677 1442 2745 filio
1488 2678 1838 2762 conveniat,
1887 2679 2286 2747 arbitramur.
2359 2680 2513 2749 Inde
2557 2684 2643 2750 si-

296 2798 552 2886 quidem
599 2803 722 2881 est,
771 2796 957 2882 quod,
1002 2794 1154 2863 licet
1193 2795 1453 2882 plurimi
1499 2800 1781 2862 astruere
1823 2795 2187 2881 moliantur,
2234 2798 2401 2883 quod
2443 2799 2645 2867 multa

293 2918 366 2983 in
397 2914 623 2981 Grecia
667 2918 878 3000 preter
926 2933 1065 2979 eam
1113 2933 1301 2998 quam
1346 2911 1424 2978 de
1458 2918 1521 2978 te
1557 2911 1861 2978 habemus
1891 2912 2249 2998 opinionem
2279 2919 2499 2981 contra
2525 2937 2643 2983 nos

295 3037 365 3100 et
418 3035 686 3102 matrem
733 3035 906 3096 tuam
954 3033 1418 3095 sacrosanctam
1461 3027 1811 3094 Romanam
1857 3026 2223 3095 aecclesiam
2268 3030 2463 3097 fueris
2510 3052 2644 3098 ma-

296 3148 620 3232 chinatus,
690 3166 804 3212 nos
864 3151 1077 3212 tamen
1133 3144 1281 3211 huic
1334 3144 1666 3211 assertioni
1722 3142 1910 3211 fidem
1964 3143 2256 3212 nolumus
2313 3147 2639 3232 adhibere3

298 3265 594 3352 quoniam
644 3283 719 3329 ea
764 3262 1033 3346 devotio,
1081 3282 1269 3348 quam
1315 3279 1527 3358 coram
1569 3260 1815 3347 positus
1860 3260 2042 3328 nobis
2084 3262 2445 3348 exhibuisti,
2490 3264 2646 3332 talia

296 3401 415 3448 nos
448 3379 700 3447 credere
729 3399 858 3445 non
887 3378 1219 3465 permittit.
1282 3376 1616 3444 Caeterum
1647 3376 1814 3462 quia,
1849 3381 1920 3442 ut
1949 3377 2040 3443 ait
2069 3379 2344 3464 quidam,
2377 3400 2642 3466 sequens

300 3498 437 3564 vita
478 3496 715 3562 iudicat
758 3494 836 3561 de
880 3496 1112 3582 priori,
1167 3515 1247 3561 ex
1289 3492 1518 3559 futuris
1566 3492 1979 3578 attendimus,
2027 3495 2177 3579 quid
2222 3495 2300 3562 de
2343 3497 2644 3583 predictis

300 3613 557 3682 credere
614 3611 972 3679 debeamus.
1154 3611 1461 3691 Quoniam
1516 3610 1712 3694 igitur
1765 3610 1935 3677 circa
1987 3611 2391 3679 karissimum
2442 3611 2644 3681 filium

299 3735 590 3797 nostrum
632 3727 1075 3810 F(ridericum)
1106 3726 1530 3794 Romanorum
1572 3727 2021 3813 imperatorem
2068 3728 2321 3813 quidam
2369 3749 2506 3797 esse
2550 3731 2645 3797 di-

302 3850 561 3929 cuntur,
609 3844 716 3931 qui
763 3844 843 3910 ad
885 3844 1005 3910 hoc
1048 3843 1252 3910 modis
1299 3843 1588 3911 omnibus
1636 3841 1981 3929 elaborant,
2025 3847 2098 3909 ut
2141 3845 2209 3910 111
2254 3845 2464 3912 31111110
2510 3847 2643 3913 eius

303 3965 737 4030 sacrosanctae
758 3959 1078 4027 Romanae
1109 3958 1446 4027 aecclesiae
1478 3959 1873 4027 devotionem
1905 3959 2295 4046 extinguant,
2326 3960 2644 4028 dilectioni

302 4084 452 4146 tuae
484 4098 600 4164 per
635 4075 979 4164 apostolica
1008 4077 1245 4163 scripta
1272 4076 1665 4161 mandamus,
1714 4077 2006 4162 quatinus
2036 4076 2216 4142 iuxta
2243 4075 2643 4163 prudentiam

302 4202 481 4262 tuam
527 4194 742 4280 pravis
788 4193 1290 4277 suggestionibus
1333 4192 1588 4259 illorum
1632 4192 1921 4275 obsistas,
1970 4196 2033 4258 et
2062 4192 2415 4278 predictum
2443 4193 2644 4281 impe-

302 4316 581 4380 ratorem
637 4311 706 4376 in
747 4310 1149 4377 veneratione
1208 4309 1586 4396 apostolicae
1639 4308 1806 4376 sedis
1823 4358 1842 4392 ,
1898 4307 2062 4374 sicut
2113 4307 2327 4393 debet,
2387 4329 2643 4378 moneas

304 4446 699 4517 permanere,
746 4427 838 4493 ita
879 4432 952 4492 ut
996 4426 1035 4493 a
1077 4426 1240 4492 bono
1288 4429 1352 4492 et
1394 4430 1566 4492 recto
1612 4444 1801 4491 sensu
1844 4422 2077 4490 nullius
2120 4425 2372 4510 penitus
2419 4445 2644 4512 sugge-

306 4543 620 4613 stionibus
648 4548 991 4612 moveatur.
1053 4543 1156 4611 Ex
1184 4542 1305 4611 hoc
1333 4542 1501 4610 enim
1530 4560 1717 4609 nosse
1745 4539 2112 4628 poterimus,
2159 4541 2312 4628 quid
2340 4541 2418 4611 de
2448 4544 2645 4612 animi
