3319 5242
716 411 849 478 394
1471 429 1769 477 wmanm
1811 428 2141 478 anToLA
2185 431 2293 478 sos.

495 575 684 758 nuzo
717 572 1135 659 suscepimus,
1183 571 1264 638 ad
1308 591 1498 657 quam
1526 576 1738 638 vestro
1783 570 2044 638 consilio
2079 591 2154 638 ac
2181 576 2395 640 vestra
2426 574 2686 642 licentia
2719 577 3051 645 secundum

660 664 999 755 ⁰divinam
1037 682 1496 755 ordinationem
1522 689 1947 775 pervenimus,
1992 688 2061 754 in
2091 709 2218 775 qua
2246 690 2440 757 etiam
2469 711 2509 758 a
2536 693 2745 779 primo
2774 694 3049 779 ingressu

717 809 932 871 nostro
977 805 1046 870 in
1088 804 1407 872 laboribus
1451 805 1777 871 hominum
1821 804 2055 871 fuimus
2101 811 2167 871 et
2200 826 2343 873 cum
2373 807 2732 876 hominibus
2761 808 3050 895 flagellati

717 917 983 987 sumus&
1045 919 1344 1006 Labores,
1392 941 1547 1007 quos
1593 921 1662 986 in
1706 921 1926 987 eadem
1972 920 2276 990 aecclesia
2301 925 2624 1007 graviores
2650 928 3048 1013 susumus,

716 1042 864 1104 sunt
918 1038 995 1104 de
1051 1036 1352 1105 aecclesia
1394 1033 1882 1121 Kaminatensiss
1939 1037 2018 1104 de
2073 1038 2297 1124 quibus
2343 1060 2422 1106 ex
2465 1046 2651 1126 parte
2690 1041 3049 1111 stemnius

715 1159 925 1221 vestra
971 1154 1241 1236 audivit;
1290 1155 1356 1219 in
1403 1173 1557 1238 quos
1604 1174 1684 1218 ex
1728 1156 2044 1220 communi
2086 1154 2357 1222 fratrum
2401 1161 2467 1222 et
2507 1154 2795 1226 fidelium
2825 1158 3049 1229 neode-

712 1272 845 1338 siae
899 1272 1215 1338 sententia
1266 1271 1337 1336 in
1381 1270 1738 1336 innocentia
1783 1270 2035 1354 quidem
2079 1276 2299 1338 nostra
2338 1272 2608 1357 ingressi
2648 1293 2915 1360 sumus,
2964 1281 3050 1344 set

711 1387 901 1453 duras
945 1387 1383 1455 tribulationes
1429 1406 1545 1472 pro
1585 1386 1801 1453 eodem
1834 1386 2108 1473 capitulo
2140 1389 2573 1475 sustinuimus,
2617 1387 2773 1457 dum
2792 1390 2893 1459 nd
2916 1412 3048 1480 per-

708 1501 975 1570 ficienda
1019 1524 1178 1589 quae
1223 1503 1651 1569 inchoavimus
1700 1508 1765 1568 et
1806 1504 1888 1569 ad
1916 1504 2246 1572 retinenda
2273 1506 2494 1573 eadem
2519 1506 2689 1575 bona
2708 1507 3048 1579 aeoelesim

710 1620 933 1688 devote
979 1640 1053 1687 ac
1094 1618 1365 1687 fideliter
1411 1620 1782 1686 assistimus.
1847 1620 1979 1686 Nec
2025 1621 2104 1688 ab
2151 1642 2226 1687 ea
2271 1622 2388 1688 hoc
2421 1627 2707 1711 temporo
2732 1623 2935 1693 salvo
2946 1625 3048 1693 bo-

708 1758 861 1804 nore
907 1742 1122 1802 nostro
1170 1735 1561 1822 aliquatenus
1608 1737 1900 1803 recedere
1932 1758 2288 1823 possumus,
2332 1738 2460 1805 nisi
2489 1759 2633 1807 eam
2656 1740 2729 1808 in
2755 1742 3049 1809 maximis
3147 1724 3161 1739 ⁶

707 1852 1284 1941 perturbationibus
1331 1852 1618 1920 deserere
1665 1853 1948 1939 velimus,
2003 1854 2171 1941 quod
2214 1874 2331 1922 nec
2373 1860 2654 1923 vestram
2692 1856 3050 1927 fi'atemita·

707 1975 839 2037 tem
893 1969 1055 2036 velle
1123 1970 1433 2037 credimus
1502 1990 1620 2041 uec
1689 1976 1942 2038 nostrae
2007 1970 2321 2038 honestati
2386 1991 2737 2057 congruum
2798 1974 3048 2043 ecimus.

708 2085 980 2154 Proinde
1031 2086 1506 2161 dilectissimam
1545 2087 1731 2163 nobis
1775 2088 2235 2155 fraternitatem
2280 2093 2557 2156 vestram
2599 2108 2935 2178 rogamus,
2987 2097 3052 2160 ut

707 2224 951 2270 moram
994 2210 1275 2272 nostram
1323 2211 1387 2272 et
1432 2205 1782 2272 absentiam
1827 2205 2276 2290 equanimiter,
2330 2205 2867 2290 quemadmodum
2904 2227 3049 2296 nepo

707 2321 1149 2406 consuevistis,
1206 2327 1279 2387 ut
1323 2321 1536 2388 dilecti
1579 2319 1697 2387 filii
1741 2319 2052 2388 sufferatis
2065 2371 2086 2406 ,
2147 2326 2212 2389 et
2256 2321 2536 2389 defectus
2578 2326 2833 2393 vestm
2866 2325 2945 2393 in
2980 2344 3051 2393 οι

706 2440 1000 2523 caritate,
1057 2459 1182 2524 qua
1234 2458 1350 2506 nos
1408 2438 1700 2523 diligitis,
1758 2438 2080 2524 pacienter
2138 2438 2453 2522 toleretis3
2510 2444 2577 2507 et
2630 2458 2937 2511 mm
2956 2440 3049 2511 Ιώ

706 2554 925 2623 diebus
982 2549 1218 2641 festis⁸,
1273 2556 1342 2623 in
1398 2555 1624 2642 quibus
1676 2555 1880 2621 maior
1923 2574 2260 2623 concursus
2303 2554 2525 2644 populi
2569 2561 2649 2624 ct>
2678 2556 2890 2626 maiu-
2928 2557 3047 2628 fio·

708 2672 965 2758 quentia
1011 2672 1178 2759 apud
1208 2692 1321 2739 vos
1365 2692 1504 2739 esse
1548 2671 1728 2755 solet,
1772 2692 1855 2738 ne
1889 2671 2077 2739 alicui
2112 2678 2453 2760 paupertas
2482 2677 2696 2740 vestra
2723 2681 3046 2762 appareat,

706 2788 1068 2871 diligentius
1114 2790 1407 2855 caveatis.
1582 2787 1875 2855 Ceterum
1919 2790 2312 2876 prepositum
2356 2795 2635 2856 vestrum
2682 2796 2748 2857 et
2793 2791 3045 2859 cellera-

703 2905 872 2971 rium
931 2908 996 2971 et
1050 2910 1194 2971 ante
1253 2906 1494 2971 exitum
1548 2909 1835 2971 nostrum
1894 2926 1935 2971 a
1976 2905 2154 2972 vobis
2198 2907 2346 2972 viva
2387 2926 2540 2974 voce
2597 2911 2662 2974 et
2714 2908 3046 2994 postmodo

703 3043 819 3110 per
863 3021 1106 3089 litteras
1152 3027 1400 3088 nostras
1446 3022 1727 3089 studiose
1770 3022 2298 3108 commonuimus,
2344 3022 2640 3109 quatinus
2686 3042 2834 3091 cum
2882 3024 3046 3091 omni

704 3138 1033 3224 diligentia
1075 3143 1386 3223 curarent,
1432 3160 1512 3206 ne
1558 3138 1835 3224 aliquam
1878 3138 2327 3222 negligentiam
2368 3140 2438 3206 in
2482 3140 2811 3227 prebenda
2840 3147 3046 3208 vestra

702 3256 1061 3344 paciamini.
1144 3255 1345 3334 Quam
1390 3256 1942 3324 commonitionem
1984 3260 2267 3322 nostram
2311 3257 2368 3322 si
2411 3256 2570 3324 bene
2615 3263 3042 3341 servaverunt,

702 3394 830 3440 non
873 3391 1136 3460 parvam
1178 3372 1450 3456 gratiam
1494 3372 1620 3439 sibi
1663 3371 1833 3458 apud
1875 3391 1991 3439 nos
2034 3372 2526 3456 collocaverunt3
2578 3375 2635 3441 si
2680 3379 2898 3442 autem
2940 3394 3045 3442 ne-

701 3489 1064 3573 glexerunt,
1140 3507 1268 3554 non
1342 3488 1655 3557 modicum
1728 3492 2012 3555 nostram
2075 3488 2561 3557 benivolentiam
2629 3489 3041 3559 offenderunt.

701 3604 1139 3673 Mandavimus
1182 3609 1473 3691 preterea
1516 3605 1771 3689 decano,
1814 3609 1906 3690 ut,
1951 3605 2007 3671 si
2052 3604 2149 3671 illi
2191 3606 2604 3692 neglexerint,
2648 3608 2792 3695 ipse
2836 3615 3044 3678 tamen

701 3741 830 3788 non
882 3720 1162 3805 negligat
1217 3741 1290 3788 ac
1346 3721 1424 3788 de
1477 3722 1795 3788 communi
1849 3719 2109 3788 consilio
2165 3722 2299 3790 sive
2353 3723 2430 3790 de
2472 3724 2662 3791 rebus
2707 3726 3043 3794 aecclesiae

702 3837 835 3905 sive
878 3837 1288 3924 undecunque
1331 3837 1566 3924 possit,
1611 3838 1669 3905 si
1711 3839 1806 3905 ita
1848 3857 2103 3906 necesse
2144 3840 2356 3924 fuerit,
2400 3859 2599 3926 usque
2643 3841 2727 3908 ad
2769 3843 3041 3910 reditum

700 3959 988 4021 nostrum
1033 3955 1309 4022 defectus
1340 3959 1583 4023 vestros
1630 3953 1941 4041 suppleat.
2009 3954 2180 4023 Ante
2225 3956 2439 4023 omnia
2481 3961 2693 4024 autem
2729 3959 3042 4026 unanimi·

700 4076 898 4139 tatem
951 4077 1226 4139 vestram
1280 4071 1502 4139 intime
1557 4071 1869 4138 monendo
1926 4091 2218 4156 rogamus
2231 4122 2250 4158 ,
2307 4078 2380 4141 ut
2433 4074 2859 4143 benivolentia
2910 4074 3041 4158 illa,

701 4208 826 4274 qua
879 4208 994 4255 nos
1050 4208 1199 4275 sepe
1243 4189 1575 4276 portastis,
1632 4187 1824 4255 etiam
1870 4208 2036 4255 nunc
2078 4189 2356 4258 defectus
2401 4195 2647 4258 vestros
2691 4197 2757 4259 et
2797 4211 3038 4259 moram

841 4372 891 4426 1.
936 4371 1028 4428 ΡΒ.
1067 4373 1151 4442 72,
1189 4372 1241 4428 5.
1420 4375 1473 4429 2.
1519 4371 1556 4428 i.
1590 4388 1637 4429 e.
1688 4372 1759 4428 de
1803 4372 1903 4429 lite
1950 4388 2076 4429 cum
2122 4372 2383 4431 Heinrico
2437 4373 2703 4445 episcopo
2748 4373 3037 4431 Mindensi.

697 4460 1046 4607 ξᾶἣιὶιᾶοιιᾶυζεῢ
1089 4461 1348 4533 dubium,
1407 4462 1542 4533 quin
1587 4460 1659 4518 de
1705 4462 1903 4520 diebus
1952 4468 2306 4534 pentecostes
2353 4465 2421 4533 (4
2465 4465 2612 4522 Iunii
2658 4465 2828 4534 1150)
2887 4464 3038 4520 dieat
