3319 5242
743 437 872 504 140
1440 455 1737 502 wmALm
1779 455 2153 503 nmsroma
2194 456 2270 502 62.
2301 456 2377 502 ea.

744 598 786 667 6
799 596 867 666 2.
931 600 1255 666 Wibaldus
1305 599 1583 664 Guidoni
1646 600 1808 663 sedis
1876 599 2250 685 apostolicae
2313 599 2680 664 cancellario
2736 599 2952 664 scr-‘bit
3006 598 3080 664 de

933 738 1043 780 suo
1091 716 1180 780 ad
1224 738 1362 780 eum
1403 716 1622 780 itinere
1631 740 1657 797 ,·
1703 716 1890 780 mittit
1930 716 2269 780 remedium
2301 725 2516 780 contra
2543 716 2758 780 vitium
2769 714 3077 801 sriqon'e5

928 832 1105 896 addit
1147 832 1224 895 de
1269 833 1526 918 captivis
1568 831 1857 898 liberatis.
2793 827 2905 905 (Μ.
2939 828 3076 911 27.)

564 983 702 1038 1147
915 971 1161 1038 Dilecto
1216 973 1384 1059 patri
1442 976 1507 1038 et
1562 972 1765 1037 amico
1826 991 1937 1037 suo
1984 970 2259 1038 Guidoni
2312 976 2565 1038 sanctae
2607 970 2932 1039 Romanae
2977 991 3077 1038 ec-

574 1058 688 1104 N⁰'‘
739 1087 965 1155 clesiae
1021 1087 1327 1153 cardinali
1385 1088 1646 1154 diacono
1666 1084 1702 1172 ¹,
1763 1087 2142 1174 apostolicae
2197 1088 2364 1155 sedis
2417 1087 2821 1173 cancellario,
2879 1088 3079 1155 frater

735 1203 1060 1271 Wibaldus
1106 1204 1227 1270 Dei
1273 1204 1481 1287 gratia
1522 1204 1857 1269 minimum
1905 1204 2071 1289 quod
2117 1209 2233 1289 est,
2280 1225 2348 1271 se
2394 1204 2604 1291 ipsum
2650 1210 2715 1271 et
2757 1224 2893 1270 sua.

914 1319 1184 1406 Scripsit
1237 1319 1420 1386 nobis
1480 1319 1749 1386 eruditio
1807 1315 2055 1386 vestra²
2101 1326 2165 1386 et
2206 1331 2462 1387 verum·
2508 1326 2635 1405 est,
2692 1321 2841 1406 quia
2886 1342 3077 1388 verus

735 1456 911 1502 amor
955 1437 1192 1502 otiosus
1239 1456 1376 1502 esse
1418 1455 1546 1501 non
1573 1439 1801 1521 potest.
1867 1436 2028 1502 Hlud
2061 1437 2251 1504 etiam
2282 1458 2441 1523 eque
2472 1441 2712 1504 certum
2742 1442 2858 1519 est,
2909 1436 3078 1521 quod

734 1553 904 1618 idem
950 1571 1135 1618 verus
1181 1571 1358 1617 amor
1387 1570 1504 1617 nec
1534 1557 1862 1638 suspectus
1893 1573 2011 1619 nec
2039 1554 2421 1639 suspiciosus
2451 1558 2568 1637 est,
2612 1573 2729 1620 nec
2756 1553 3076 1639 accipiens

734 1689 853 1734 nec
908 1673 1312 1734 contemnens
1366 1688 1722 1753 personam.
1814 1668 1968 1735 Inde
2024 1675 2149 1753 est,
2208 1670 2374 1755 quod
2417 1689 2778 1735 mensuram
2820 1673 3076 1735 nostrae

733 1784 1071 1871 parvitatis
1132 1783 1535 1868 excedentes,
1600 1790 1848 1851 vestrae
1905 1784 2263 1854 celsitudini
2320 1805 2463 1851 cum
2519 1785 2790 1870 quadam
2845 1783 3079 1850 fiducia

733 1900 923 1987 plane
980 1905 1042 1966 et
1098 1900 1279 1984 quasi
1335 1900 1716 1985 coequaliter
1769 1900 1942 1987 loqui
1996 1908 2060 1968 et
2103 1902 2377 1969 scribere
2421 1901 2892 1983 consuevimus,
2952 1920 3076 1967 nou

736 2016 1147 2099 attendenteS,
1196 2017 1298 2082 cui
1338 2015 1689 2101 scribimuS,
1737 2024 1835 2085 set
1864 2023 2167 2103 quantum
2196 2017 2533 2102 diligimus,
2670 2016 2767 2083 De
2798 2017 3076 2084 adventu

733 2137 948 2199 nostro
996 2132 1076 2197 ad
1119 2152 1231 2198 vos
1277 2131 1369 2198 sic
1414 2134 1807 2219 ordinabitiS,
1853 2141 1926 2201 ut
1968 2139 2247 2201 vestram
2291 2133 2727 2201 excellentiam
2760 2132 2985 2200 deceat
3014 2138 3076 2200 et

730 2254 984 2315 nostrae
1028 2247 1425 2314 inbecillitati
1455 2251 1803 2317 conveniat.
1938 2250 2227 2317 Misimus
2255 2250 2435 2317 vobis
2470 2250 2824 2316 antidotum
2854 2256 3075 2317 contra

729 2365 929 2449 frigus
986 2364 1272 2431 hiemale.
1346 2364 1445 2430 Sit
1500 2365 1619 2432 hoc
1665 2367 2135 2433 diacalamentis
2149 2362 2191 2451 ⁸,
2251 2368 2414 2452 quod
2459 2367 2608 2434 licet
2651 2367 2879 2449 exiguo
2926 2387 3072 2453 pro·

733 2481 891 2548 stet*
936 2482 1163 2567 pretio,
1212 2501 1368 2565 eque
1414 2486 1626 2548 tamen
1671 2489 1895 2569 potens
1941 2488 2057 2567 est,
2102 2488 2175 2549 ut
2216 2484 2401 2569 inops
2431 2482 2778 2549 Arduenna
2822 2484 3071 2567 asserit,

732 2599 896 2664 sicut
924 2597 1416 2681 diamargariton
1429 2592 1469 2664 ⁴.
1594 2598 1998 2686 Obsequium,
2031 2599 2197 2685 quod
2227 2599 2454 2666 domno
2485 2619 2689 2685 papae
2721 2603 2785 2665 et
2814 2605 3072 2667 sanctae

730 2713 1047 2780 Romanae
1106 2714 1365 2782 ecclesie
1418 2716 1487 2781 in
1531 2715 1874 2783 liberandis
1919 2717 2185 2803 captivis
2230 2716 2661 2802 inpendimus,
2723 2720 2786 2782 et
2833 2722 3072 2784 attente

731 2830 1248 2898 commendabitis
1316 2836 1380 2896 et
1442 2831 1761 2916 eleganter
1821 2833 2155 2915 ornabitis;
2226 2832 2392 2917 quod
2449 2853 2527 2898 ex
2580 2831 2811 2898 litteris
2825 2882 2844 2917 ,
2915 2854 3068 2919 quas

729 2948 958 3014 domno
1015 2968 1220 3033 papae
1274 2948 1562 3015 misimus
1575 2945 1618 3033 ⁵,
1678 2953 1742 3015 et
1797 2969 1877 3015 ex
1928 2948 2279 3032 legatorum
2321 2953 2681 3014 nostrorum
2726 2949 2876 3015 viva
2921 2969 3067 3016 voce

727 3064 973 3150 plenius
1019 3063 1404 3148 intelligetiS.

735 3285 855 3356 63.
919 3288 1236 3354 Wibaldus
1271 3287 1548 3353 Guidoni
1593 3288 1963 3352 cancellario
1999 3288 2230 3374 papali
2266 3289 2478 3353 scribit
2506 3288 2583 3352 de
2612 3286 2842 3376 officiis
2872 3312 2915 3353 a
2943 3312 3066 3354 sese

914 3426 1131 3490 papae
1149 3404 1484 3490 praestitis.
1543 3403 1911 3469 Coenobium
1946 3403 2308 3469 Stabtdeme
2338 3405 2737 3469 commendat.
2797 3400 2907 3483 (M.
2932 3404 3062 3485 48.)

547 3557 683 3612 1147
906 3543 1271 3610 Reverendo
1328 3544 1498 3629 patri
1554 3564 1667 3609 suo
1723 3549 1788 3610 et
1830 3544 2083 3610 domino
2131 3543 2406 3610 Guidoni
2448 3549 2703 3610 sanctae
2747 3544 3065 3612 Romanae

518 3645 557 3678 ⁰‘
584 3630 693 3678 Dm
731 3660 1031 3728 ecclesiae
1077 3658 1416 3726 cardinali⁰
1463 3654 1725 3726 diacono
1745 3656 1782 3744 ¹,
1830 3660 2210 3746 apostolicae
2241 3661 2407 3727 sedis
2438 3660 2827 3745 cancellario,
2873 3663 3066 3729 frater

729 3777 1056 3845 Wibaldus
1101 3776 1221 3842 Dei
1267 3777 1474 3859 gratia
1515 3776 1832 3842 modicum
1875 3777 1941 3843 id
1989 3778 2154 3862 quod
2200 3781 2315 3860 est,
2361 3796 2428 3842 se
2472 3776 2700 3862 ipsum.

911 3892 1087 3959 Sicut
1129 3892 1311 3959 nobis
1358 3891 1757 3976 significastis
1803 3929 1888 3939 ——
1934 3914 2051 3960 nec
2084 3893 2202 3959 hoc
2231 3898 2466 3959 temere
2495 3892 2732 3958 dictum
2762 3899 2878 3979 est,
2924 3893 3062 3981 plus

733 4010 901 4077 enim
944 4014 1103 4075 nutu
1151 4009 1190 4074 a
1230 4008 1409 4075 vobis
1458 4009 1799 4095 accipimus
1847 4030 2034 4093 quam
2081 4009 2370 4075 audimus
2402 4046 2485 4056 -
2516 4010 2594 4076 de
2629 4010 2889 4075 servitio
2920 4030 3061 4096 pro-

730 4125 1071 4193 curationis
1126 4125 1341 4191 domni
1384 4145 1590 4211 papae
1636 4126 1729 4191 ita
1774 4124 2026 4191 solliciti
2068 4125 2334 4209 fuimus,
2390 4131 2462 4191 ut
2507 4131 2570 4192 et
2611 4127 2803 4213 primi
2845 4126 2916 4192 in
2961 4127 3059 4192 de-

874 4299 915 4331 a.
954 4289 1021 4332 sic
1054 4287 1156 4332 cod.
1184 4303 1269 4346 pro
1303 4287 1489 4332 eertum.
1611 4284 1657 4330 b.
1702 4287 1806 4344 pret
1836 4302 1875 4330 c.
1999 4298 2039 4330 c.
2079 4284 2297 4331 cardinali
2328 4302 2412 4331 om.
2439 4303 2478 4331 c.

873 4383 924 4436 1.
971 4379 1068 4437 SS.
1103 4380 1334 4437 cosmae
1376 4386 1438 4435 ct
1482 4379 1756 4435 Damiani.
1909 4379 1960 4433 2.
2009 4395 2095 4448 ep.
2122 4381 2190 4434 47
2239 4395 2407 4449 supra
2452 4395 2507 4449 p.
2535 4380 2655 4434 125.
2797 4380 2851 4434 3.
2899 4378 3053 4435 medi-

733 4485 925 4526 camen
973 4486 1005 4527 e
1042 4468 1376 4526 calamintha
1409 4472 1679 4537 paratum.
1820 4468 1873 4523 4.
1917 4469 2218 4525 remedium
2268 4473 2530 4525 contusas
2573 4467 2896 4539 margaritae
2938 4483 3054 4523 con·

731 4560 931 4616 tineus.
1068 4559 1122 4614 5.
1163 4574 1252 4629 ep.
1276 4558 1344 4613 61
1383 4572 1551 4627 supra
1583 4572 1640 4627 p.
1669 4558 1787 4613 139.
