3319 5242
712 439 840 504 268
1465 453 1761 500 wmALm
1801 450 2132 500 amsmm
2180 451 2285 498 161.

534 603 673 658 1149
709 597 1138 663 moderatione
1184 597 1526 682 respondit,
1574 601 1643 661 ut
1686 615 1804 661 nec
1847 595 2047 680 patris
2095 593 2389 679 proderet
2429 591 2665 685 vicium
2708 611 2828 657 nec
2868 591 3045 657 falsi·

711 716 860 780 tatis
904 714 1252 779 incurreret
1296 719 1640 799 peccatum.
1735 711 2007 777 Proinde
2051 731 2166 776 uos
2213 728 2287 776 ac
2328 729 2444 796 per
2487 727 2603 773 nos
2650 727 2869 774 omnes
2914 709 3047 775 fere

710 831 909 896 tocius
936 829 1243 895 Saxoniae
1275 829 1531 895 abbates
1554 833 1830 894 vestram
1855 827 2249 893 clementiam
2279 823 2603 891 humiliter
2630 823 3045 911 inploramus,

711 951 800 1030 ut,
846 947 996 1032 quia
1039 945 1401 1012 scandalum
1446 945 1664 1010 hocin
1708 944 2020 1030 principio
2064 947 2313 1009 vestrae
2356 941 2438 1007 ad
2480 941 2764 1023 regimen
2810 941 3050 1007 aeccle·-

711 1064 1029 1129 siasticum
1074 1062 1489 1148 promotionis
1546 1060 1857 1147 pullulare
1917 1067 1981 1127 et
2024 1078 2350 1144 erumpere
2393 1058 2811 1144 presumpsit,
2868 1063 3051 1124 tanto

708 1180 772 1244 id
819 1180 1212 1245 discretionis
1259 1177 1394 1244 zelo
1440 1178 1804 1260 corrigatis,
1862 1182 1934 1241 ut
1989 1175 2290 1242 aecclesia
2333 1174 2453 1239 Dei
2497 1173 2797 1257 gaudeat,
2852 1193 2931 1240 se
2974 1173 3053 1240 de

708 1301 918 1362 vestra
974 1297 1236 1361 scientia
1288 1292 1618 1359 nobilitate
1678 1314 1751 1358 ac
1805 1293 2091 1379 potentia
2132 1291 2447 1357 invenisse
2492 1288 2822 1374 solatium«,
2860 1296 2947 1356 ot
2980 1291 3052 1356 in

707 1412 925 1478 diebus
972 1413 1165 1477 vestri
1197 1409 1531 1476 sacerdotii
1574 1409 1777 1474 omnis
1817 1409 2209 1495 presumptio
2241 1405 2641 1472 conculcem
2682 1410 2748 1472 et
2788 1405 3056 1472 iusfieia

707 1535 770 1593 et
814 1528 1047 1594 veritas
1092 1528 1361 1613 accipiat
1405 1527 1879 1591 incrementum.
1971 1524 2203 1590 Scienti
2253 1524 2453 1607 legem
2498 1522 2841 1608 loquimur,
2910 1521 3048 1589 Er

705 1643 873 1729 pulsi
920 1647 1030 1707 aut
1072 1643 1372 1728 expoliati
1417 1641 1603 1707 rebus
1651 1642 1781 1706 suis
1808 1641 2021 1706 vocari
2064 1640 2144 1705 ad
2174 1660 2429 1706 causam
2456 1658 2574 1706 nec
2600 1636 3044 1725 iudicat-ipos·

707 1764 882 1841 sunt,
944 1760 1240 1843 quoniam
1284 1778 1410 1823 non
1458 1762 1554 1823 est
1597 1758 2029 1843 privilegium,
2089 1776 2209 1841 quo
2268 1754 2575 1842 expoliari
2618 1754 2895 1840 possint
2918 1755 3053 1820 iam

705 1875 960 1956 nudati3
1009 1880 1231 1940 cuncta
1258 1895 1428 1957 vero,
1463 1894 1620 1959 quae
1657 1875 1747 1939 eis
1779 1873 1988 1939 ablata
2017 1878 2182 1956 sunt,
2221 1872 2523 1958 potestati
2552 1889 2771 1937 eorum
2798 1869 3057 1954 legibm

707 1993 1230 2075 redintegrentur,
1280 1997 1343 2056 et
1386 1990 1717 2076 postmodo
1762 2009 1889 2054 non
1936 1989 2051 2054 sub
2098 1989 2348 2072 angusti
2380 1987 2685 2074 temporis
2715 1986 2945 2073 spacio
2973 1986 3057 2053 ad

707 2128 959 2174 causam
1007 2107 1333 2174 dicendam
1362 2112 1683 2188 vocentur,
1732 2111 1828 2171 set
1862 2111 2107 2170 tantum
2137 2105 2439 2190 temporis
2470 2102 2880 2190 spaciumois
2914 2102 3058 2190 ple-

705 2245 853 2289 nam
899 2225 1178 2289 omnium
1223 2244 1434 2290 rerum
1482 2243 1739 2288 suarum
1794 2222 2155 2287 facultatem
2203 2220 2575 2287 habentibus
2619 2218 3054 2303 indulgeatur,

706 2346 1011 2426 quantum
1043 2340 1342 2427 expoliati
1374 2338 1474 2405 vel
1506 2338 1756 2424 expulsi
1797 2358 1933 2404 esse
1964 2338 2254 2403 videntur
2273 2333 2306 2402 ².
2377 2336 2549 2415 Quod
2596 2357 2744 2401 vero
2791 2335 3056 2420 dicitur,

707 2458 855 2542 quia
898 2461 1159 2542 propter
1204 2456 1437 2522 bonum
1481 2455 1658 2540 pacis
1706 2455 1790 2519 sit
1835 2459 2109 2537 amotus,
2168 2474 2248 2519 ne
2292 2454 2454 2519 forte
2498 2451 2941 2518 vehementius
2989 2453 3059 2518 in

707 2593 850 2640 eum
896 2573 1171 2639 sevirent
1213 2572 1524 2655 monachi,
1573 2575 1819 2637 avertat
1851 2569 2022 2636 Deus
2068 2569 2229 2636 banc
2272 2588 2493 2656 pacem
2539 2573 2603 2634 et
2647 2568 2765 2633 hoc
2808 2567 3057 2635 boumn

708 2690 785 2755 ab
832 2688 1135 2755 aecclesia
1165 2710 1297 2772 sua,
1344 2695 1417 2754 ut
1443 2688 1673 2774 prelati
1705 2688 1964 2773 propter
1991 2686 2109 2751 hoc
2135 2686 2399 2769 fugiant,
2445 2706 2526 2751 ne
2556 2683 2798 2750 subditi
2826 2704 3055 2751 eorum

704 2806 1039 2871 insaniant.
1110 2805 1274 2883 Quin
1319 2806 1535 2891 pocius
1591 2803 1687 2868 illi
1743 2802 2088 2888 proiciendi
2135 2807 2284 2868 sunt
2326 2806 2391 2867 et
2432 2800 2616 2884 longe
2662 2806 2849 2866 extra
2888 2799 3057 2867 fines

703 2921 1045 3005 relegandi,
1093 2922 1221 3006 qui,
1261 2921 1503 2988 abiecta
1530 2919 1825 3006 propriae
1866 2918 2274 3005 professionis
2305 2917 2542 3000 regula,
2588 2936 2915 2983 sacrorum
2946 2937 3057 2984 ca-

703 3058 940 3103 nonum
985 3037 1290 3102 institutis
1337 3042 1557 3102 contra
1600 3040 1815 3121 patres
1849 3040 2174 3099 armantur
2219 3039 2301 3116 et,
2350 3034 2501 3098 dum
2545 3033 2624 3099 de
2668 3051 2796 3098 uno
2842 3033 3053 3119 ipsius

705 3175 965 3238 excessu
1010 3158 1494 3238 conqueruntur,
1542 3151 1854 3217 scandalis
1900 3149 2202 3215 mundum
2248 3148 2514 3235 implere
2558 3168 2683 3213 non
2724 3153 3051 3215 verentur.

703 3270 937 3336 Mittite
968 3269 1296 3336 Corbeiam
1331 3269 1473 3333 illos
1513 3268 1933 3333 ferocissimos
1964 3267 2134 3331 viros
2166 3301 2249 3311 -—
2287 3266 2394 3351 qui
2440 3265 2740 3330 adversus
2788 3265 3054 3332 abbates

706 3407 851 3452 suos
907 3386 1084 3471 prius
1144 3390 1338 3467 agunt
1381 3385 1652 3452 fustibus
1711 3404 1899 3468 quam
1957 3382 2306 3448 rationibus
2322 3431 2341 3465 ,
2391 3385 2535 3447 ante
2579 3381 2812 3466 pugnis
2858 3401 3050 3465 quam

704 3501 933 3584 verbis,
983 3506 1045 3565 et
1088 3506 1237 3565 tunc
1279 3500 1558 3586 primum
1604 3500 1910 3565 infamare
1954 3518 2069 3584 per
2113 3498 2351 3583 scripta
2393 3497 2724 3582 incipiunt,
2780 3516 2923 3562 cum
2970 3497 3052 3563 de

706 3623 840 3683 tota
868 3618 1347 3699 congregatione
1389 3623 1452 3682 et
1491 3622 1625 3682 tota
1656 3616 1909 3682 abbatia
1938 3613 2295 3700 expulerint
2324 3650 2407 3659 —
2442 3619 2513 3679 ut
2542 3614 2746 3679 sciant
2776 3614 3050 3700 prophe-

705 3739 838 3799 tam
885 3753 1020 3799 esse
1066 3734 1130 3797 in
1166 3727 1412 3797 Israel².
1483 3732 1711 3798 Vestra
1753 3732 1946 3814 igitur
1991 3730 2304 3813 discretiO,
2352 3734 2564 3795 vestra
2606 3731 2834 3816 pietas,
2882 3730 3047 3815 quod

704 3870 820 3935 per
863 3869 1129 3914 canones
1174 3848 1419 3914 factura
1464 3853 1588 3931 est,
1646 3848 1837 3913 faciet
1878 3867 1993 3932 per
2046 3845 2544 3912 misericordiam
2590 3866 2693 3929 ac,
2750 3848 3048 3913 restituto

707 3965 930 4031 abbate
960 3965 1026 4029 in
1057 3985 1269 4030 rerum
1300 3985 1372 4030 ac
1403 3965 2000 4050 possessionissuae
2029 3963 2410 4046 integritate,
2445 3962 2525 4027 ad
2554 3982 2800 4049 paoem,
2825 3963 2883 4028 si
2911 3961 3047 4028 fieri

704 4087 931 4169 potest,
979 4086 1204 4146 cuncta
1245 4081 1587 4163 revocabit,
1634 4080 1735 4146 vel
1765 4085 1967 4145 certe·
1998 4080 2216 4144 iudicii
2247 4079 2536 4144 examine
2565 4079 2865 4144 universa
2893 4099 3045 4165 pen-

706 4198 886 4264 sabit.
957 4196 1329 4263 Benedictus
1361 4197 1554 4279 DeuS,
1603 4196 1712 4281 qui
1757 4196 1930 4261 dedit
1966 4196 2166 4278 vobiS,
2214 4196 2280 4259 in
2328 4194 2613 4281 partibus
2660 4194 2789 4260 illis
2835 4195 3046 4260 omnia

704 4333 920 4399 posse,
981 4333 1386 4398 quaecunque
1438 4313 1848 4398 inspiraverit
1902 4311 2080 4378 vobis
2126 4310 2317 4392 velle3
2378 4315 2565 4394 atque
2621 4310 2766 4378 ideo
2812 4310 3039 4376 bonum

846 4512 888 4544 a.
926 4501 1003 4545 cte
1036 4500 1139 4546 cod.

851 4603 901 4656 1.
939 4600 1022 4658 Cf.
1049 4604 1269 4658 Decret.
1294 4601 1545 4659 Gratiani
1579 4603 1641 4657 P.
1667 4602 1716 4658 2.
1745 4617 1795 4657 c.
1820 4605 1870 4657 2.
1909 4618 1966 4672 q.
1988 4602 2052 4673 23
2088 4605 2148 4658 et
2174 4616 2229 4658 c.
2256 4603 2311 4658 3.
2331 4617 2387 4672 q.
2412 4602 2462 4656 1.
2598 4602 2653 4656 2.
2688 4601 2726 4656 4
2749 4600 2883 4671 Reg.
2909 4596 2959 4666 5,
2976 4598 3038 4652 8.
