3319 5242
958 443 1258 493 wmALm
1296 442 1630 492 nrrsrou
1674 440 1781 489 188.
2407 425 2536 492 217

237 590 378 675 ipsos
424 587 660 671 facere,
714 592 907 675 prout
951 585 1226 672 Spiritus
1271 590 1524 652 sanctus
1570 585 1639 651 in
1684 584 1949 652 articulo
1994 583 2298 671 temporis
2344 584 2539 669 dedit,
2585 589 2726 645 1148

237 705 298 771 de
354 705 646 827 karitate,
724 704 803 805 de
869 703 1260 786 obedientia,
1330 703 1408 770 de
1473 701 1831 769 humilitate
1896 721 2250 769 sermonem
2318 664 2615 770 habui--N

236 841 367 887 mus.
483 818 674 900 Quo
725 792 1095 904 terminato,
1151 819 1411 886 maioris
1455 819 1826 886 monasterii
1870 820 2229 906 prepositus
2276 841 2539 905 surgens

236 938 416 1021 egredi
457 937 706 1004 volebat
756 938 836 1004 ad
879 935 1352 1003 Louthewicum
1397 937 1692 1003 comitem
1720 936 2148 1020 regionarium
2179 940 2243 1003 et
2272 937 2352 1003 ad
2384 937 2541 1004 alios

237 1054 505 1138 quosdam
558 1053 771 1121 laicos.
843 1052 956 1120 Set
996 1057 1279 1120 retentus
1325 1059 1423 1121 est
1467 1074 1507 1119 a
1549 1053 1760 1136 nobis,
1816 1051 2089 1118 multum
2132 1055 2543 1122 suadentibus

235 1176 287 1236 et
320 1171 686 1257 petentibus,
743 1175 818 1236 ut
862 1190 1002 1236 cum
1047 1169 1350 1236 fratribus
1397 1170 1549 1254 suis,
1598 1170 1708 1255 qui
1749 1170 1818 1234 in
1861 1174 2146 1256 tempore
2192 1170 2543 1239 discordiae

235 1286 298 1352 de
334 1288 705 1354 monasterio
752 1287 988 1372 egressi
1031 1286 1135 1353 vel
1178 1286 1360 1353 eiecti
1396 1287 1667 1370 fuerant,
1712 1287 1781 1352 in
1811 1284 2208 1353 concordiam
2237 1288 2541 1373 redirent,

233 1408 316 1486 ut,
368 1405 420 1469 si
460 1404 537 1471 de
583 1404 886 1471 electione
931 1402 1243 1487 agendum
1299 1408 1496 1486 esset,
1553 1404 1610 1468 is
1669 1403 1747 1470 ab
1793 1403 2083 1470 omnibus
2128 1406 2545 1472 communiter

232 1517 556 1605 eligeretur,
605 1521 714 1606 qui
760 1519 1050 1587 omnibus
1091 1539 1348 1606 preesse
1394 1519 1667 1586 deberet.
1737 1518 2307 1586 Dissimulabamus
2352 1522 2542 1605 enim,

234 1636 379 1719 quod
429 1657 684 1704 causam
741 1635 992 1704 differre
1045 1636 1378 1719 vellemne,
1436 1635 1635 1703 donec
1687 1636 1850 1702 forte
1893 1637 1963 1701 in
2007 1636 2292 1722 ipsorum
2332 1638 2542 1705 verbis

231 1750 317 1817 vel
354 1773 420 1819 re
463 1753 701 1840 aliquid
745 1759 966 1840 aptum
1012 1758 1077 1820 et
1107 1752 1507 1819 commodum
1534 1753 1820 1820 invenire
1847 1772 2200 1839 possemus,
2247 1774 2369 1840 quo
2400 1754 2544 1821 abs-

230 1887 335 1952 que
385 1869 619 1937 invidia
675 1876 740 1937 et
789 1871 964 1954 odio,
1031 1870 1263 1937 infecto
1319 1870 1572 1953 negotio
1639 1869 2121 1935 discederemus.
2305 1870 2543 1956 Itaque,

226 1984 389 2051 nobis
433 1986 671 2055 duobus
719 1992 783 2053 et
825 1985 1128 2053 fratribus
1175 1987 1283 2071 qui
1328 1986 1656 2053 nobiscum
1699 1991 2005 2053 venerant
2046 1986 2338 2071 remotis,
2397 2006 2545 2074 pro-

227 2099 344 2167 lixa
390 2103 842 2171 consultatione
884 2124 1020 2170 rem
1065 2102 1135 2168 in
1177 2108 1428 2190 tempus
1472 2108 1832 2187 traxerunt,
1890 2094 2322 2188 revocatisque
2364 2104 2547 2170 nobis

227 2217 284 2283 in
336 2222 672 2286 armarium
729 2220 1034 2287 librorum
1082 2226 1147 2286 et
1191 2220 1488 2286 adhibitis
1534 2240 1794 2286 suorum
1823 2220 2093 2286 fratrum
2138 2220 2356 2307 paucis
2370 2269 2390 2304 ‚
2447 2241 2548 2286 re·-

226 2337 622 2421 sponderunt,
695 2356 764 2402 se
818 2356 963 2402 cum
1019 2336 1257 2403 eisdem
1311 2336 1612 2404 fratribus
1625 2386 1645 2421 ‚
1704 2357 1820 2424 pro
1880 2337 2104 2421 quibus
2159 2336 2549 2403 intercedere

223 2451 600 2538 volebamus,
656 2452 1052 2520 reconciliari
1107 2473 1233 2519 non
1287 2452 1508 2540 posse,
1565 2453 1693 2519 nisi
1744 2453 2033 2519 ordinato
2075 2453 2254 2540 prius
2302 2452 2548 2537 abbate,

225 2569 320 2654 qui
363 2590 468 2638 eos
510 2591 768 2638 monere
813 2575 879 2638 et
920 2589 1143 2654 cogere
1190 2571 1583 2638 auctoritatis
1629 2569 1768 2638 iure
1813 2575 2046 2658 posset.
2116 2572 2206 2639 Et
2250 2573 2408 2660 quid
2451 2570 2548 2637 in-

223 2705 397 2769 quam
454 2690 607 2755 laici
651 2691 968 2755 vobiscum
1024 2690 1103 2754 de
1155 2692 1422 2754 instanti
1471 2692 1718 2776 neyotio
1766 2689 2195 2754 contulerunt?
2351 2689 2548 2754 »Ναί-

223 2802 336 2869 lam
378 2805 675 2892 inquiunt
708 2829 1052 2893 personam
1097 2807 1436 2893 obliqatam
1481 2821 1538 2874 et
1578 2811 1650 2872 in
1695 2808 1825 2873 alio
1868 2809 2246 2872 monaeterio
2289 2806 2548 2871 ordina-

222 2931 336 2984 tam
387 2936 462 2988 ut
515 2945 906 2988 meumamue
918 2971 938 3003 ‚
1009 2923 1401 3008 hortantum„
1570 2924 1759 2989 Recte
1812 2923 2073 3008 inquam
2144 2935 2202 2988 et
2255 2925 2552 2987 canonice

219 3059 286 3099 ac
325 3040 401 3104 de
444 3063 624 3105 sacre
666 3040 921 3126 requlae
949 3043 1251 3106 cententia
1277 3061 1387 3104 vos
1416 3053 1685 3105 monent.
1757 3039 1911 3106 Cum
1956 3042 2121 3105 enim
2154 3039 2338 3104 huius
2366 3060 2546 3103 mon-

220 3158 425 3221 asterii
471 3159 786 3243 possessio
833 3159 1084 3243 pariter
1129 3168 1186 3221 et
1237 3165 1456 3221 caera·
1500 3158 1753 3223 domino
1805 3169 2019 3222 noetro
2065 3156 2358 3242 pontifici
2414 3155 2548 3220 Ro-

217 3290 390 3336 mano
424 3277 776 3359 pertineat,
835 3277 892 3337 ie
937 3273 1112 3338 vobis
1158 3273 1476 3359 eliqendue
1522 3277 1670 3355 erit,
1726 3276 1831 3338 cui
1871 3274 2208 3338 secundum
2252 3284 2552 3337 vetustam

221 3389 491 3455 coenobii
553 3393 748 3455 vestri
810 3391 1178 3476 diqnitatem
1241 3412 1500 3455 manum
1565 3393 1885 3477 imponere
1934 3392 2156 3476 possit.
2252 3387 2334 3455 Si
2388 3391 2554 3453 enim

221 3506 571 3572 ordinatum
628 3507 910 3571 abbatem
967 3507 1226 3593 dificia,
1291 3505 1636 3593 optandum
1681 3509 1900 3594 potine
1959 3527 2150 3593 quam
2206 3507 2550 3591 impetran-

220 3621 354 3685 dum
396 3623 578 3689 vobio
609 3626 761 3700 erit,-
807 3627 1108 3710 quoniam
1153 3626 1453 3689 canonico
1501 3636 1559 3689 et
1601 3625 1834 3689 directo
1882 3623 2193 3689 electionis
2235 3624 2377 3686 iure
2413 3642 2555 3685 cum

219 3737 343 3821 ipso
387 3763 580 3827 aqere
622 3763 753 3806 non
787 3743 1099 3827 poteritne,
1148 3753 1238 3805 set
1278 3741 1472 3806 multo
1520 3740 1733 3805 labore
1778 3763 1854 3805 ac
1889 3740 2184 3826 precibus
2217 3741 2553 3803 insinuan-

220 3853 354 3918 dum
412 3860 533 3922 erit
545 3905 565 3937 ‚
628 3879 790 3945 quae
843 3879 952 3922 voe
1005 3860 1334 3922 necessitas
1391 3881 1433 3921 a
1476 3869 1837 3922 sanctarum
1893 3858 2140 3921 tramite
2191 3855 2556 3941 reqnlarum

219 3970 453 4038 deviare
500 3974 890 4061 compulerit.
959 3973 1257 4039 Preterea
1303 3975 1529 4039 domno
1559 3996 1799 4061 papae,
1849 3995 2030 4061 quem
2058 3976 2190 4038 iam
2234 3972 2349 4036 diu
2378 3971 2571 4035 labo*

221 4107 350 4153 rare
372 4090 667 4175 fecistis,
728 4091 805 4154 de
847 4091 1021 4155 vobis
1055 4113 1433 4177 perena-sum
1479 4102 1567 4155 eet
1611 4114 1653 4154 a
1696 4091 1941 4170 multa,
1998 4091 2169 4177 quod
2201 4088 2554 4174 postposito

221 4201 338 4269 Dei
384 4210 615 4272 timore
685 4228 892 4271 omnes
953 4228 1073 4292 que
1127 4219 1333 4272 vestra
1391 4220 1538 4272 eunt
1602 4209 1878 4294 quaeratis
1939 4218 1996 4271 et
2049 4226 2177 4269 non
2238 4224 2356 4290 que
2410 4202 2556 4267 Iesu

223 4315 468 4401 C'Jmtsti3
525 4345 732 4409 neque
787 4334 988 4388 mum
1041 4323 1215 4388 vobis
1268 4334 1383 4403 eet,
1443 4335 1514 4389 ut
1557 4345 1697 4388 eum
1741 4323 1818 4388 de
1861 4333 2055 4386 cetero
2100 4320 2557 4385 inconsiderate

224 4452 450 4523 aqentee
484 4441 580 4505 ad
608 4440 1011 4505 iracundiam
1030 4462 1383 4527 provocare
1409 4462 1538 4506 non
1569 4441 1856 4505 timeam}-
1914 4435 2089 4502 Haec
2114 4434 2312 4502 verba
2336 4437 2558 4501 nostra

349 4593 389 4627 a.
429 4584 502 4630 sic
534 4581 672 4638 θοάς
706 4571 1024 4628 annuntio?
