3319 5242
700 403 827 468 110
1475 421 1770 467 wmALm
1814 420 2142 468 ams‘ronA
2184 421 2259 467 32.

700 559 820 630 32.
866 559 1183 628 Wibaldus
1225 562 1586 629 Reinhardo
1645 565 1855 629 abbati
1899 564 2306 629 Reinlmsensi
2359 563 2702 649 respondet.
2780 563 2884 628 De
2926 587 3029 627 su-

870 689 1077 765 scepta
1122 680 1371 744 abbatia
1405 679 1751 745 Corbeiensi
1784 680 2262 766 gratulationem
2299 703 2422 765 pro
2456 679 2841 744 »columbina
2885 681 3030 742 sim-

860 794 1177 879 plicitate«
1225 797 1445 880 arym‘c.
2752 791 2861 874 (M.
2898 793 3031 873 35.)

521 937 654 991 1147
867 917 1229 983 Reverendo
1274 918 1444 1003 patri
1487 935 1561 983 ac
1596 919 1950 1004 preceptori
1980 938 2093 984 suo
2121 916 2528 999 R(einhardo)
2559 915 3025 984 Renechusensi

694 1033 906 1100 abbati
947 1054 1096 1099 suus
1142 1033 1390 1101 auditor
1412 1032 1758 1118 Wibaldus,
1805 1034 2098 1119 quicquid
2132 1039 2228 1100 est
2267 1035 2336 1100 in
2367 1032 2671 1099 aecclesia
2700 1033 3028 1116 catholica,

692 1170 806 1236 per
851 1149 1143 1236 adeptam
1186 1150 1390 1216 cordis
1435 1150 1821 1216 mundiciam
1863 1150 2076 1217 videre
2121 1150 2327 1216 Deum
2372 1150 2631 1216 deorum
2673 1149 2743 1215 in
2790 1149 2982 1237 Syon.

868 1265 1113 1343 Quanto
1159 1266 1442 1332 caritatis
1489 1267 1697 1332 studio
1746 1267 2063 1333 actionum
2108 1272 2468 1332 nostrarum
2497 1265 2753 1332 litteras
2772 1263 2806 1351 ¹,
2856 1267 3030 1333 vide-

690 1382 839 1449 licet
884 1382 1274 1468 quarundam
1318 1381 1726 1448 molestarum
1741 1431 1760 1465 ,
1819 1384 2098 1449 omnium
2141 1403 2290 1450 vero
2330 1381 2827 1466 laboriosarum,
2887 1404 3030 1469 per-

690 1498 990 1584 legeritis,
1038 1504 1220 1565 tenor
1265 1497 1567 1585 epistolae
1610 1503 1858 1565 vestrae
1903 1499 2208 1581 declarat3
2255 1500 2324 1564 in
2370 1520 2512 1584 qua,
2559 1498 3031 1585 comprehensis

691 1616 966 1683 breviter
1021 1615 1299 1681 omnium
1358 1634 1571 1680 rerum
1616 1615 1908 1701 capitulis
1921 1665 1939 1699 ,
2001 1623 2065 1682 et
2110 1617 2187 1682 de
2234 1615 2717 1682 adversitatibus
2764 1622 3034 1702 paterna

692 1731 1124 1819 compassione
1169 1730 1524 1796 indoluistis
1571 1736 1635 1797 et
1679 1731 1761 1797 ad
1804 1732 2406 1799 commendationem
2439 1737 2693 1798 nostrae
2723 1752 3033 1818 personae

694 1868 834 1914 cum
899 1847 1037 1913 aliis
1082 1867 1198 1913 nos
1245 1847 1719 1914 defendentibus
1766 1853 2011 1930 vestrae
2059 1869 2301 1933 quoque
2345 1848 2724 1914 laudationis
2771 1848 3033 1914 titulum

694 1964 1095 2051 apposuistis.
1191 1961 1301 2029 Set
1360 1969 1434 2029 ut
1491 1969 1738 2030 vestrae
1796 1964 2118 2031 sanctitati
2176 1985 2395 2031 verum
2453 1964 2824 2050 simpliciter
2884 1984 3033 2030 con-

690 2079 1008 2164 fiteamur,
1068 2079 1202 2145 Deo
1259 2081 1350 2145 sic
1406 2100 1507 2146 res
1563 2081 1871 2146 humanas
1933 2081 2326 2164 moderante,
2382 2081 2490 2165 qui
2533 2101 2648 2146 nos
2693 2099 3034 2166 perseque-

692 2197 948 2281 bantur,
1007 2196 1256 2262 divinae
1309 2197 1576 2263 iniuriae
1635 2196 1905 2263 cultores
1961 2203 2170 2277 erant3
2231 2202 2295 2263 et
2350 2197 2634 2280 quamvis
2690 2216 2808 2281 pro
2863 2196 3037 2263 mala

690 2313 1037 2380 intentione
1103 2312 1557 2399 sempiternum
1620 2334 1699 2379 ve
1758 2318 2178 2396 mererentur,
2246 2316 2460 2378 tamen
2521 2311 2855 2377 iustissimi
2909 2312 3036 2380 Dei

690 2430 893 2496 nostri
937 2430 1117 2513 virga
1162 2434 1342 2495 erant
1373 2435 1435 2495 et
1464 2429 1722 2496 baculus
1750 2430 1982 2495 furoris
2014 2430 2166 2495 eius.
2238 2428 2369 2514 Ipsi
2399 2434 2609 2495 autem
2638 2427 3034 2510 nescierunt3

693 2551 755 2611 et
808 2546 970 2612 miro
1026 2546 1460 2634 perversitatis
1515 2545 1702 2610 modo
1762 2544 2095 2611 adversum
2151 2565 2266 2611 nos
2321 2549 2628 2611 certatum
2673 2549 2785 2609 est.
2855 2543 3036 2609 Defi-

692 2654 998 2728 cientibus
1046 2664 1353 2748 siquidem
1400 2663 1777 2728 adversariis
1821 2663 1890 2728 in
1936 2682 2125 2728 causa
2170 2667 2232 2727 et
2277 2662 2447 2727 omni
2493 2661 2777 2728 veritatis
2814 2659 3038 2728 firma-

691 2785 903 2845 mento
951 2778 1300 2861 destitutis,
1359 2799 1556 2844 unum
1602 2784 1739 2844 erat
1783 2783 2117 2863 conceptae
2165 2777 2514 2844 dolositatis
2559 2777 2901 2861 refugium,
2965 2784 3039 2844 ut

693 2914 806 2960 nos
854 2894 1149 2961 conviciis
1199 2900 1261 2961 et
1306 2895 1656 2981 obprobriis
1689 2894 2056 2976 lacerarent,
2107 2913 2261 2977 quos
2296 2895 2539 2960 ratione
2571 2914 2872 2981 superare
2901 2915 3038 2961 non

692 3015 1003 3097 poterant,
1051 3017 1115 3077 et
1156 3011 1450 3095 malignis
1497 3011 1703 3077 verbis
1749 3011 1984 3076 famam
2022 3015 2305 3075 nostram
2336 3010 2818 3076 contaminando
2851 3012 3036 3096 prius

694 3127 1049 3193 auditorum
1095 3128 1337 3192 animos
1383 3132 1601 3193 contra
1644 3147 1760 3191 nos
1807 3126 2273 3210 exacerbarent,
2320 3146 2507 3212 quam
2543 3127 2613 3192 in
2642 3146 2859 3193 eorum
2891 3146 3036 3193 cor-

694 3242 876 3310 dibus
932 3263 1146 3309 rerum
1191 3244 1424 3309 veritas
1471 3248 1687 3329 posset
1731 3242 2178 3308 convalescere.
2260 3241 2369 3308 Set
2411 3243 2695 3329 porrexit
2737 3241 3037 3310 Christus

694 3374 814 3443 pro·
856 3379 922 3425 se
966 3358 1278 3424 laboranti
1315 3356 1867 3425 clementissimam
1898 3359 2224 3424 dexteram
2268 3363 2333 3424 et
2371 3359 2545 3424 dedit
2584 3379 2724 3424 cum
2754 3363 3035 3445 tempta-

693 3474 863 3539 tione
910 3479 1300 3560 proventum,
1349 3479 1420 3539 ut
1464 3494 1789 3560 possemus
1837 3475 2165 3541 sustinere.
2243 3474 2351 3540 Hii
2389 3495 2560 3558 vero,
2608 3475 2715 3559 qui
2742 3495 2858 3541 nos
2890 3481 3034 3543 tue-

690 3589 950 3673 bantur,
1023 3590 1297 3676 equitate
1361 3610 1585 3656 causae
1648 3589 1971 3674 delectati,
2038 3591 2104 3655 in
2163 3597 2382 3657 nostra
2436 3592 2907 3658 conversatione
2970 3598 3036 3660 et

690 3705 968 3772 moribus
1023 3705 1430 3791 fallebantur,
1497 3707 1819 3773 credentes
1833 3756 1851 3790 ,
1907 3712 2039 3772 tam
2095 3706 2515 3773 necessarium
2571 3712 2702 3773 tam
2759 3708 3034 3774 arduum

690 3822 1011 3904 negotium
1068 3822 1107 3887 a
1159 3842 1428 3907 persona
1481 3822 1662 3889 exilis
1710 3828 1774 3888 et
1818 3827 2171 3889 contractae
2216 3824 2383 3889 vitae
2429 3843 2555 3888 non
2598 3823 2879 3909 potuisse
2927 3846 3032 3890 as-

691 3937 874 4002 sumi.
961 3935 1071 4003 Set
1124 3938 1479 4005 columbina
1535 3937 1937 4025 simplicitate
1996 3938 2176 4005 nobis
2232 3938 2787 4023 congratulamini,
2858 3942 3031 4025 quod

689 4052 934 4120 labores
1000 4055 1201 4120 nostri
1269 4056 1338 4121 in
1406 4055 1712 4121 catholica
1779 4054 2082 4120 aecclesia
2148 4056 2446 4137 geminati
2504 4051 2681 4121 sunt’
2738 4060 2803 4121 et
2854 4055 3030 4121 ultra

690 4168 921 4234 virium
976 4176 1333 4237 nostrarum
1387 4160 1749 4237 facultatem
1796 4171 1991 4252 aucti,
2052 4174 2116 4235 et
2159 4170 2323 4254 quod
2369 4171 2449 4236 ad
2494 4176 2740 4254 gentem
2755 4218 2774 4252 ,
2834 4191 3028 4255 quam

689 4283 1152 4370 ignorabamus,
1198 4288 1503 4371 venimus,
1550 4287 1661 4353 ubi
1707 4286 2060 4353 orationum
2104 4292 2457 4353 vestrarum
2492 4275 2739 4352 tantum
2770 4305 3024 4368 egemus

689 4401 984 4487 presidio,
1034 4408 1264 4487 quanto
1313 4408 1375 4468 et
1420 4402 1857 4468 sollicitudinis
1905 4402 2189 4468 anxietas
2237 4407 2332 4468 est
2366 4402 2740 4468 cumulatior
2770 4405 2834 4466 et
2862 4406 3022 4466 tem-

833 4526 881 4578 1.
919 4521 1002 4580 Cf.
1041 4539 1128 4592 ep.
1154 4526 1240 4579 31.
1383 4526 1432 4579 2.
1473 4530 1732 4592 suscepta
1765 4523 1986 4579 abbatia
2022 4523 2355 4579 Corbeiensi.
