3319 5242
647 394 736 461 94
1430 412 1731 460 wmmr
1771 410 2102 460 urrerem
2143 410 2218 456 ιε.

472 577 611 632 1137
650 574 723 621 ac
766 553 1105 621 veneraris.
1180 552 1347 619 Nam
1393 554 1533 639 quis
1578 554 1741 621 tanti
1784 552 1909 620 viri
1952 552 2455 619 familiaritatem
2498 553 2792 636 spernat,
2841 546 2993 615 affa-

499 649 600 697 002·
649 669 960 737 bffitatem
1003 674 1394 754 matema,
1441 670 1822 736 industriam
1866 670 2111 754 fug-iat?
2188 669 2356 735 Nam
2399 671 2473 733 ut
2516 666 2809 733 omittam
2853 684 2995 732 eao-

648 790 789 853 tera
815 787 1099 852 maxima
1126 790 1191 854 et
1221 786 1475 873 egregia
1494 786 1693 853 vestri
1722 786 1962 870 ingenii
1991 787 2381 853 monimenta
2408 783 2705 881 insignia,
2735 786 2996 850 cunctos

648 902 1086 988 praecellentis
1130 901 1399 969 Romani
1453 903 1711 989 imperii
1767 903 2085 988 sapientes
2133 901 2426 969 Tulliana
2479 899 2841 987 eloquentia
2891 919 2998 965 su-

649 1038 836 1104 peras
882 1025 947 1085 et
991 1025 1459 1087 antecessorum
1502 1023 1860 1086 vestrorum
1903 1018 2150 1103 largam
2178 1016 2676 1085 munificentiam
2706 1015 2998 1084 omnibus

649 1134 820 1202 horis
865 1137 1324 1222 momentisque
1369 1135 1720 1222 praecellis.

828 1251 1068 1337 Tantis,
1114 1255 1395 1338 inquam,
1444 1259 1509 1319 et
1552 1250 1786 1318 talibus
1833 1270 1944 1318 vos
1991 1269 2252 1317 cernens
2298 1250 2487 1316 sertis
2532 1250 2903 1318 redimitum
2938 1254 3001 1318 et

647 1367 880 1435 laureis
926 1370 1322 1453 decoratum,
1367 1369 1770 1435 itinerarium
1814 1367 1893 1434 de
1935 1366 2092 1433 locis
2137 1368 2394 1452 sanetis,
2442 1386 2481 1432 a
2524 1367 2706 1435 nobis
2751 1374 2999 1435 utcum-

649 1505 771 1570 que
828 1490 1162 1552 exaratum
1218 1490 1284 1551 et
1338 1506 1418 1552 ex
1474 1485 1765 1551 omnibus
1822 1489 1895 1550 ut
1960 1484 2056 1550 ita
2110 1483 2320 1552 dicam
2373 1482 2553 1550 libris
2607 1483 2941 1551 collectum
2959 1478 2995 1569 ¹,

648 1607 896 1669 vestrae
940 1602 1315 1688 paternitati
1360 1601 1678 1668 destinare
1724 1599 1971 1685 curavi,
2031 1615 2329 1686 poscens,
2387 1600 2455 1667 id
2501 1619 2541 1666 a
2582 1604 2798 1666 vestra
2841 1599 2997 1666 emi-

647 1718 867 1785 nentia
908 1718 1212 1784 roborari.
1286 1718 1361 1784 In
1406 1739 1527 1804 quo
1573 1739 1726 1803 rogo
1771 1738 1901 1784 non
1944 1718 2243 1786 dictantis
2288 1717 2610 1802 ignaviam
2654 1716 2769 1783 sed
2796 1720 2998 1783 mate-
3047 1747 3051 1750 ·

647 1835 813 1902 riam
860 1834 1202 1902 attendatis
1246 1834 1602 1901 utillimam.
1694 1833 1826 1901 Nec
1868 1835 2019 1901 novi
2062 1854 2177 1901 vos
2236 1838 2302 1901 et
2344 1833 2651 1919 incogniti
2694 1833 2997 1901 hactenus

650 1950 887 2037 aliquid
932 1952 1000 2017 in
1044 1952 1162 2019 hoc
1207 1952 1531 2019 itinerario
1577 1952 1972 2036 ediscituros,
2019 1951 2151 2019 sed-
2176 1970 2272 2033 ea,
2319 1970 2482 2036 quae
2509 1951 2642 2017 iam
2669 1949 2819 2017 viva
2846 1969 2999 2017 voce

647 2067 776 2134 illis
820 2068 1236 2136 referentibus
1250 2119 1270 2153 ‚
1328 2069 1438 2154 qui
1483 2068 1564 2134 ad
1608 2068 2013 2155 sepulchrum
2057 2067 2317 2134 Domini
2360 2072 2807 2154 perrexerunt,
2865 2066 2999 2133 edi·

650 2184 891 2252 dicistis
934 2185 1039 2253 vel
1081 2206 1160 2254 ea
1204 2205 1366 2271 quae
1408 2206 1526 2272 per
1569 2185 1894 2252 volumina
1932 2185 2185 2252 diversa
2221 2183 2530 2251 librorum
2569 2182 2835 2269 legistis,
2880 2202 2998 2250 nos

648 2301 754 2369 hic
794 2302 1099 2369 noveritis
1142 2302 1491 2386 collegisse.

830 2419 1003 2498 Quae
1049 2424 1262 2486 autem
1304 2417 1776 2486 indeclinabilia
1819 2422 1886 2484 et
1926 2416 2235 2483 immania
2276 2416 2733 2503 impedimenta
2776 2435 2818 2481 a
2853 2434 3001 2502 per*

651 2533 794 2602 fidis
840 2541 906 2602 et
932 2536 1254 2629 scelesti&
1302 2539 1567 2620 utroque
1613 2554 1780 2618 genu
1825 2531 2343 2617 claudicantibus,
2388 2532 2571 2598 nobis
2614 2532 3000 2617 obstiterint,

652 2673 781 2719 non
808 2653 940 2720 iam
969 2652 1194 2735 Deum,
1241 2672 1463 2718 verum
1491 2672 1604 2717 vos
1650 2651 1823 2737 ipsos
1869 2651 2173 2734 conscios,
2220 2670 2333 2715 vos
2363 2650 2535 2735 ipsos
2566 2647 2782 2716 fideles
2811 2649 3003 2717 corde

653 2768 1058 2835 clamaverim
1103 2773 1317 2836 testes.
1389 2767 1688 2834 Ceterum
1718 2766 1799 2832 ad
1829 2765 2152 2845 tantillum
2182 2765 2395 2853 spatii‚
2444 2765 2612 2851 quod
2640 2786 2676 2833 e
2706 2765 3004 2851 largitate

654 2884 905 2951 divinae
948 2883 1378 2969 indulgentiae
1418 2882 1710 2950 relictum
1741 2888 1858 2968 est,
1904 2883 2077 2950 istud
2106 2882 2480 2969 opusculum
2509 2881 2766 2949 coelesti
2793 2883 3004 2949 muni-

653 2998 906 3069 ficentia
950 3001 1146 3084 edidi3
1195 2999 1513 3067 confidens
1557 2999 1969 3066 nihilominus
2016 3000 2095 3067 de
2126 3000 2282 3084 Deo,
2329 2999 2408 3066 de
2452 3000 2688 3066 nostris
2723 2998 3003 3066 aemulis

655 3117 1026 3203 quandoque
1071 3118 1252 3185 nobis
1298 3116 1632 3185 victoriam
1678 3116 2073 3183 collaturum.
2146 3115 2324 3183 Sicut
2366 3116 2537 3183 enim
2575 3135 2900 3201 nunquam
2928 3113 3006 3182 fit

655 3253 814 3320 opus
859 3234 1160 3318 solidum,
1219 3235 1275 3300 si
1321 3234 1553 3300 artifex
1598 3232 1842 3315 omnia,
1902 3238 2093 3319 prout
2135 3233 2300 3299 ratio
2344 3232 2583 3320 poscit,
2630 3252 2758 3298 non
2804 3235 3005 3318 aptet,

655 3350 748 3417 sic
792 3350 995 3416 omnis
1026 3350 1299 3437 scriptor
1327 3369 1596 3416 manans
1625 3347 2002 3415 multimoda
2028 3349 2429 3435 verbositate,
2476 3348 2719 3416 nullam
2745 3344 3009 3415 habebit

655 3465 1001 3532 valentiam
1063 3464 1290 3532 edendi
1346 3466 1729 3552 scripturam
1786 3464 2115 3532 dulcedine
2168 3466 2428 3550 fem,
2497 3469 2687 3553 prout
2744 3463 3006 3533 Oratius

657 3581 1131 3650 strenuissimus
1180 3586 1393 3648 orator
1436 3582 1507 3647 in
1551 3582 1808 3668 scriptis
1854 3582 1986 3648 suis
2031 3581 2289 3667 reliquit
2334 3582 2579 3649 dicens:

985 3696 1191 3765 Omne
1226 3698 1376 3766 tulit
1418 3703 1748 3785 punem,
1795 3698 1906 3784 qui
1949 3697 2205 3765 miscuit
2247 3698 2404 3765 utile
2450 3694 2673 3783 dulci²,

657 3815 715 3881 si
757 3819 1097 3901 postquam
1142 3815 1414 3883 scribere
1459 3820 1741 3900 conetur,
1787 3815 2125 3882 materiam
2166 3835 2295 3881 non
2333 3815 2617 3882 rimetur.
2689 3811 2824 3880 Iam
2850 3834 3005 3882 vero

657 3929 909 3998 Christo
956 3931 1209 4017 auspice
1254 3931 1440 3999 huius
1484 3931 1758 4019 proemii
1799 3932 1923 3999 iste
1966 3932 2054 3999 sit
2095 3930 2260 3999 finis.

802 4108 852 4162 1.
898 4106 1018 4162 Hoc
1066 4107 1217 4162 Petri
1262 4107 1481 4165 diaconi
1536 4108 1866 4178 opuseulum
1921 4123 1994 4165 ex
2050 4106 2241 4163 codice
2285 4107 2570 4181 casinensi
2621 4105 2798 4162 edidit
2842 4105 3009 4163 Tosti

657 4194 840 4252 Storia
873 4195 931 4251 di
967 4197 1153 4253 Monte
1190 4196 1390 4254 Casino
1426 4197 1499 4252 11.
1540 4197 1837 4253 121—139.
1982 4198 2034 4252 2.
2073 4196 2207 4252 Hor.
2243 4196 2314 4254 de
2349 4201 2467 4252 arte
2500 4200 2649 4266 poet.
2686 4194 2811 4253 343.
