3319 5242
861 427 1160 474 wmanm
1200 425 1576 476 nmswonm
1617 426 1693 474 se.
1726 425 1802 473 67.
2376 404 2503 472 143

358 565 444 633 Ex
485 565 719 633 litteris
766 569 992 634 vestris
1037 569 1453 655 percepimus,
1497 589 1610 635 vos
1655 569 1966 634 instanter
2009 566 2260 633 veniam
2289 571 2508 652 postu·
2562 568 2699 622 1147

226 678 344 765 lare,
390 684 584 768 quod·
630 683 960 751 sollicitius
1017 690 1082 751 et
1125 685 1435 751 maturius
1483 684 1563 750 ad
1607 684 1907 750 noticiam
1953 688 2207 749 nostrae
2252 682 2505 747 humili·
2540 656 2579 689 θ’
2606 642 2719 689 Dm

224 797 332 863 tatis
367 819 488 866 non
530 802 947 887 propinquius
995 801 1370 884 accessistis,
1416 820 1753 886 personam
1797 799 2111 883 videlicet,
2160 819 2350 885 quam
2395 798 2505 864 do-

221 913 376 980 minus
423 936 605 983 meus
658 938 830 1004 papa
870 916 1102 983 Lucius
1160 920 1337 982 tanto
1395 912 1622 982 affectu
1674 916 1898 982 dilexit
1942 921 2006 981 et
2049 935 2241 1000 quam
2284 915 2508 981 tandiu

219 1027 335 1095 fovit
380 1037 441 1097 et
496 1033 597 1098 cui
652 1053 851 1118 usque
908 1033 989 1098 ad
1043 1031 1235 1098 finem
1279 1033 1410 1098 vite
1455 1052 1635 1115 suae,
1694 1033 1858 1098 sicut
1900 1052 2016 1098 nos
2062 1031 2184 1118 ipsi
2230 1030 2505 1096 vidimus

217 1149 261 1209 et
280 1167 368 1213 vos
394 1149 697 1233 scribitis,
737 1149 806 1214 in
834 1147 1007 1215 nullo
1038 1148 1255 1214 defuit.
1317 1147 1482 1214 Huic
1512 1148 1773 1233 accedit,
1805 1148 1973 1234 quod
2003 1147 2268 1214 domnus
2301 1144 2505 1213 Guido

214 1258 562 1332 Florentinus
606 1265 675 1331 in
720 1264 1000 1331 discessu
1045 1285 1158 1330 suo
1190 1265 1229 1331 a
1255 1263 1437 1331 nobis
1468 1286 1547 1332 ex
1578 1264 1886 1349 singulari
1916 1269 1979 1331 et
2005 1263 2309 1350 precipua
2335 1262 2508 1327 kari-

211 1380 324 1462 tate,
362 1401 554 1466 quam
596 1381 925 1448 nobiscum
970 1385 1036 1447 et
1078 1380 1402 1447 vobiscum
1447 1381 1671 1447 intimo
1719 1379 1945 1447 affectu
1989 1380 2172 1464 gerit,
2218 1399 2329 1445 vos
2361 1398 2507 1444 cau-

210 1511 391 1580 sasque
437 1502 681 1563 vestras
727 1496 909 1564 nobis
952 1497 1251 1583 precipue
1297 1499 1777 1564 commendavit.
1864 1496 2015 1563 Inde
2058 1495 2228 1578 fuit,
2257 1494 2423 1582 quod
2470 1515 2509 1560 a

208 1609 342 1677 vobis
385 1633 514 1679 non
558 1620 835 1699 rogatus,
880 1635 1007 1682 non
1053 1615 1446 1699 sollicitatus,
1494 1634 1715 1681 causas
1754 1619 1999 1680 vestras
2029 1617 2329 1697 tanquam
2358 1630 2507 1697 pro-

207 1725 338 1810 prias
367 1728 690 1815 hucusque
720 1731 1134 1817 proteximuS,
1183 1731 1596 1815 defendimuS,
1643 1730 2034 1813 sustulimus,
2068 1733 2132 1795 et
2160 1727 2268 1794 ubi
2297 1726 2507 1793 nullae

206 1860 383 1926 preces
441 1851 770 1932 porrectae
822 1852 1002 1932 sunt,
1058 1868 1175 1914 nos
1220 1847 1636 1934 porreximus.
1731 1847 2019 1932 Denique
2066 1847 2120 1912 si
2164 1844 2340 1912 nulla
2383 1845 2511 1912 alia

206 1975 357 2027 causa
401 1966 589 2046 esset,
634 1963 703 2028 in
746 1963 925 2030 vobis
970 1968 1183 2030 tamen
1229 1969 1327 2030 est
1355 1963 1490 2030 Deo
1536 1963 1913 2030 concedente
1943 1968 2123 2028 tanta
2149 1962 2507 2048 prudentia,

204 2079 256 2139 ut
289 2097 360 2144 ex
405 2077 585 2144 vobis
628 2079 830 2146 teneri
876 2085 940 2146 et
984 2081 1201 2146 stricte
1248 2079 1544 2166 amplecti
1572 2079 1873 2163 debeatis,
1920 2080 2029 2164 qui
2058 2078 2355 2146 ecclesiae
2385 2079 2511 2147 Ro-

203 2209 388 2261 manae
418 2195 756 2281 ,sapienter
800 2200 865 2262 et
909 2195 1246 2262 efficaciter
1292 2216 1540 2282 semper
1586 2196 1899 2262 astitistis,
1971 2195 2283 2262 Concessa
2314 2195 2509 2279 igitur

203 2326 355 2392 quam
399 2311 736 2397 postulatis
781 2312 998 2395 venia,
1050 2312 1323 2395 gratiam
1368 2316 1644 2377 vestram
1690 2316 1754 2378 et
1798 2311 2182 2395 singularem
2227 2311 2509 2378 dilectio-

202 2444 342 2512 nem,
401 2450 594 2514 quam
640 2426 906 2512 offertis,
952 2429 1236 2513 utrisque
1281 2427 1448 2494 ulnis
1495 2426 1968 2514 amplectimur,
2016 2434 2080 2495 et
2123 2429 2509 2514 presentiam

200 2550 449 2612 nostram
494 2565 612 2632 pro
657 2551 870 2611 vestra
912 2549 995 2629 et,
1042 2545 1097 2609 si
1141 2544 1287 2632 plus
1329 2563 1687 2631 possumus,
1734 2543 1913 2611 vobis
1956 2565 2074 2632 per
2114 2545 2325 2612 omnia
2361 2566 2510 2633 pro-

198 2660 497 2747 mittimuS,
547 2667 613 2730 et
656 2662 821 2729 sicut
864 2681 1005 2729 eam
1050 2661 1409 2749 specialiter
1450 2660 1800 2728 vendicatis
1812 2660 1856 2727 ¹⁸.

199 2987 299 3060 67.
350 2994 555 3060 Guido
615 2993 1020 3059 cancellarius
1062 2993 1322 3079 papalis
1376 2991 1657 3057 Wibaldo
1714 2994 1961 3075 suadet,
2018 3005 2088 3059 uc
2146 2995 2234 3059 ad
2263 3017 2510 3081 papam

349 3111 616 3174 accedat.
1134 3114 1135 3117 ’
2231 3107 2339 3189 (Μ.
2372 3108 2507 3190 47.)

346 3239 550 3307 Guido
620 3245 875 3308 sanctae
929 3239 1250 3307 Romanae
1317 3240 1614 3325 ecclesiae
1672 3241 1970 3307 diaconus
2029 3242 2366 3309 cardinalis
2386 3238 2402 3269 ¹
2446 3248 2512 3308 et
2566 3253 2701 3308 1147

194 3355 575 3423 cancellarius
621 3356 955 3423 karissimo
1004 3357 1204 3423 amico
1251 3356 1610 3424 Corbeiensi
1656 3357 1871 3425 abbati
1914 3358 2199 3426 salutem.
2543 3340 2581 3373 ‘³'
2609 3327 2720 3374 ⁰⁰⁰⁸

348 3472 720 3540 Dilectionis
767 3473 1115 3556 sinceritas,
1165 3494 1354 3557 quam
1400 3494 1550 3557 erga
1594 3478 1657 3540 te
1703 3474 1934 3542 habere
1966 3476 2337 3561 incepimus,
2381 3497 2508 3543 non

193 3586 474 3656 minuitur
518 3594 619 3655 set
661 3588 957 3677 suscipit⁶
989 3590 1463 3656 incrementum.
1536 3588 1876 3677 Scriptum,
1924 3591 2089 3676 quod
2118 3612 2234 3680 per
2263 3613 2508 3676 germa-

192 3720 325 3770 num
352 3711 634 3772 vestrum
664 3705 844 3771 nobis
874 3705 1160 3789 misistis,
1209 3704 1437 3773 domno
1468 3726 1672 3793 papae
1704 3707 2112 3774 ostendimus.
2182 3707 2268 3775 Ut
2299 3715 2511 3776 autem

193 3815 347 3886 brevi
386 3826 644 3888 utamur
689 3820 955 3906 eloquio,
1001 3821 1221 3887 amicis
1266 3822 1499 3888 nostris
1539 3822 1854 3888 malumus
1883 3844 2110 3910 parum
2137 3826 2510 3911 promittere

194 3938 248 3999 et
285 3938 549 4026 amplius
596 3937 864 4023 operari.
952 3936 1122 4003 Satis
1169 3937 1406 4004 dictum
1453 3943 1548 4005 est
1593 3939 1883 4028 sapienti.
1970 3939 2216 4007 Bonum
2259 3941 2510 4008 videtur

193 4050 370 4137 nobis,
414 4054 471 4120 si
517 4054 747 4120 domno
791 4072 993 4141 papae
1038 4059 1298 4141 propter
1341 4053 1664 4122 molestias
1707 4056 2190 4124 detrectantium
2232 4063 2509 4124 vestram

193 4165 551 4237 obtulissetis
596 4169 999 4255 presentiam.

315 4439 355 4474 1-
385 4440 478 4494 un
509 4445 548 4474 c.
672 4426 719 4474 b.
750 4428 818 4475 εἰσ
849 4427 954 4475 cod.
1072 4441 1112 4474 c.
1144 4404 1347 4489 εωοξρίῒ
1376 4446 1412 4475 c.

317 4531 368 4585 1.
402 4530 499 4588 SS.
522 4531 752 4589 cosmae
787 4536 845 4588 et
878 4531 1152 4587 Damiani.
