3319 5242
1012 474 1311 523 wmxnm
1353 473 1687 523 amaron
1727 473 1803 520 13.
2456 459 2583 526 153

240 621 308 682 111
347 614 810 700 refocilaretur,
857 616 1244 702 reduximus,
1292 617 1597 684 malentes
1643 615 2022 684 incolumem
2068 617 2149 683 ad
2180 617 2425 685 maiora
2454 638 2584 685 ser·
2641 624 2779 680 1147

241 753 385 799 vare
432 752 627 818 quam
669 737 802 799 tam
850 738 1112 800 cruenta
1153 734 1421 800 victoria
1464 734 1543 800 de
1580 733 1926 817 sagittariis
1956 732 2365 820 triumphare.
2425 734 2586 801 Cum
2621 697 2719 746 ⁰⁰¹*
2737 700 2797 747 ²⁶

241 869 384 916 vero
430 849 516 915 ad
560 868 734 917 mare
777 850 1168 917 venissemus
1215 856 1278 917 et
1321 856 1531 918 castra
1557 850 1781 916 metati
1808 849 2165 934 fuissemus,
2208 851 2278 917 in
2305 852 2588 918 maxima

239 969 634 1053 tempestate,
687 985 817 1032 non
863 971 1202 1053 expectans
1249 968 1655 1035 serenitatem
1700 989 1815 1055 pre
1858 966 2108 1052 gaudie,
2152 987 2267 1034 rex
2311 966 2587 1035 Franco-

239 1103 373 1148 rum
391 1078 408 1109 ¹
457 1082 540 1148 ad
585 1082 858 1149 tentoria
902 1088 1138 1167 nostra,
1195 1084 1378 1151 nobis
1421 1085 1868 1168 nescientibus,
1928 1084 2309 1170 supervenit,
2364 1084 2585 1152 dolens
2618 1097 2735 1145 Nov-

238 1199 494 1284 quidem
540 1198 887 1264 exercitum
929 1205 1219 1267 nostrum
1263 1201 1430 1267 fame
1479 1205 1544 1267 et
1575 1200 1793 1267 labore
1823 1201 2132 1284 attritum,
2179 1200 2257 1266 de
2287 1201 2587 1269 societate

237 1320 448 1382 autem
505 1319 724 1381 nostra
778 1335 908 1381 non
960 1336 1231 1402 parvum
1286 1316 1527 1384 habens
1582 1317 1902 1401 gaudium.
1979 1317 2122 1403 Ipse
2167 1316 2477 1402 siquidem
2523 1323 2588 1384 et

237 1451 452 1497 omnes
513 1431 833 1517 principes
891 1432 991 1497 sui
1048 1429 1317 1499 fideliter
1376 1453 1450 1500 ac
1494 1433 1718 1501 devote
1763 1433 2130 1519 obsequium
2177 1453 2361 1499 suum
2404 1434 2586 1501 nobis

238 1547 635 1635 optulerunt,
697 1547 996 1634 pecunias
1053 1549 1313 1636 insuper
1368 1569 1514 1617 suas
1561 1554 1627 1616 et
1671 1569 2057 1635 quecumque
2110 1549 2426 1617 habebant
2475 1569 2586 1617 vo-

236 1662 469 1731 luntati
515 1669 771 1731 nostrae
817 1665 1232 1751 exponebant.
1372 1664 1707 1733 Coniuncti
1752 1687 1899 1750 ergo
1945 1687 2088 1733 cum
2122 1667 2321 1753 copiis
2350 1667 2585 1734 nostris

237 1786 298 1847 et
338 1780 743 1868 principibus
756 1830 775 1865 ,
835 1800 1100 1866 quorum
1147 1781 1403 1867 quidam
1448 1782 1775 1849 nobiscum
1816 1787 2252 1849 remanserant
2265 1832 2284 1868 ,
2331 1783 2587 1868 quidam

236 1895 474 1964 infirmi
521 1902 586 1963 et
628 1917 743 1983 pre
787 1897 1055 1984 penuria
1098 1899 1404 1984 pecuniae
1449 1900 1627 1985 sequi
1672 1919 1800 1966 non
1844 1898 2141 1967 valebant
2184 1903 2250 1967 31
2288 1899 2367 1967 011
2407 1899 2474 1966 id
2505 1900 2585 1967 ab

237 2014 524 2080 exercitu
576 2013 986 2098 recedebant,
1045 2035 1242 2100 usque
1297 2015 1379 2082 ad
1424 2014 1728 2083 Sanctum
1770 2015 2111 2083 Iohannem
2123 2010 2166 2099 ⁸,
2221 2014 2331 2081 ubi
2376 2014 2587 2103 sepul-

235 2129 460 2196 chrum
504 2129 641 2196 eius
680 2136 744 2197 et
775 2150 1010 2196 manna
1044 2132 1352 2198 scaturire
1381 2133 1682 2216 cernitur,
1729 2131 1965 2216 absque
1995 2132 2166 2198 omni
2196 2130 2585 2217 difficultate,

236 2245 618 2314 celebraturi
659 2245 792 2313 illic
834 2243 1235 2314 nativitatem
1279 2247 1569 2332 Domini,
1631 2248 2053 2334 pervenimus.
2130 2247 2254 2315 Ubi
2296 2269 2412 2335 per
2470 2249 2585 2316 ali-
2617 2267 2728 2316 noe.
2743 2270 2805 2318 2⁵

236 2368 392 2448 quot
437 2362 575 2428 dies
619 2369 1052 2449 repausantes,
1108 2365 1257 2450 quia
1301 2372 1366 2432 31
1406 2384 1524 2432 1103
1567 2362 1905 2430 infirmitas
1952 2369 2018 2431 31
2058 2364 2292 2431 multos
2338 2370 2585 2432 nostro-

234 2500 379 2546 rum
424 2478 768 2563 invaserat,
816 2487 1189 2567 recuperata
1235 2482 1506 2548 sanitate
1550 2481 1891 2567 procedere
1930 2480 2313 2566 volebamus,
2359 2486 2459 2548 set
2485 2483 2588 2548 in-

237 2594 596 2663 valescente
642 2597 994 2681 egritudine
1038 2618 1436 2685 nequaquam
1480 2598 1575 2666 ire
1619 2597 1952 2667 valuimus.
2021 2596 2157 2666 Rex
2200 2599 2396 2684 igitur
2440 2618 2586 2667 cum

235 2714 525 2781 exercitu
569 2712 851 2781 dolenter
893 2716 1234 2801 profectus,
1283 2720 1589 2802 quantum
1631 2717 1841 2803 potuit
1881 2736 1998 2783 nos
2041 2716 2423 2804 prestolatus
2465 2722 2583 2801 est,

233 2835 335 2898 set
404 2828 657 2896 diutina
716 2828 1053 2898 infirmitas
1107 2852 1224 2899 nos
1283 2833 1505 2899 tenuit.
1688 2832 1867 2911 Quod
1922 2852 2066 2899 cum
2119 2833 2317 2900 frater
2370 2839 2585 2902 noster

235 2944 587 3014 Grecorum
641 2947 989 3034 imperator
1045 2948 1321 3033 audiret,
1378 2949 1782 3016 vehementer
1836 2947 2107 3015 indoluit
2157 2954 2223 3015 et
2265 2969 2410 3016 cum
2452 2948 2586 3016 filia

233 3068 459 3130 nostra
513 3062 926 3131 dilectissima
982 3065 1415 3151 imperatrice,
1474 3085 1591 3131 3113
1645 3063 1941 3132 videlicet
1989 3064 2284 3149 coniuge,
2341 3065 2423 3132 ad
2466 3086 2583 3134 nos

233 3200 626 3267 prepropere
670 3180 1013 3265 descendit,
1057 3180 1405 3249 liberaliter
1447 3181 1629 3248 nobis
1677 3185 1742 3247 et
1778 3181 2168 3268 principibus
2203 3182 2436 3248 nostris
2468 3202 2585 3249 sua

235 3301 299 3362 et
342 3296 709 3363 necessaria
753 3296 835 3362 ad
878 3298 1002 3365 iter
1045 3302 1335 3365 nostrum
1377 3297 1676 3382 largiens,
1723 3298 2019 3383 quatinus
2065 3298 2104 3364 3
2145 3297 2407 3365 medicis
2451 3298 2582 3366 suis

234 3412 424 3479 citius
484 3431 878 3497 curaremur,
939 3413 1119 3498 quasi
1172 3415 1237 3480 vi
1282 3413 1893 3500 Constantinopolim
1935 3415 2004 3480 in
2046 3414 2354 3501 palatium
2399 3436 2583 3482 suum

236 3529 515 3613 reduxit,
561 3533 811 3596 tantum
856 3529 986 3596 illic
1028 3530 1211 3597 nobis
1255 3530 1511 3597 honoris
1545 3531 1868 3615 exhibens,
1918 3535 2222 3616 quantum
2258 3530 2417 3597 nulli
2444 3553 2584 3598 um-

237 3666 431 3731 quam
476 3645 908 3731 predecessori
952 3651 1171 3713 nostro
1218 3647 1569 3713 exhibitum
1613 3667 1752 3714 esse
1797 3646 2170 3714 audivimus.
2249 3648 2401 3715 Inde
2445 3649 2582 3715 1113-

237 3761 626 3849 rosolymam
704 3762 1019 3829 dominica
1094 3762 1518 3831 Reminiscere
1539 3758 1563 3791 ⁸
1615 3762 1928 3850 proficisci
1997 3765 2331 3861 statuimus
2344 3814 2363 3849 ,
2446 3764 2582 3833 Deo

239 3882 497 3945 auctore
550 3898 785 3944 novum
841 3877 1186 3946 exercitum
1239 3880 1331 3946 ibi
1385 3880 1453 3945 in
1508 3876 1776 3967 pascha⁴
1834 3879 2155 3948 collecturi
2168 3931 2188 3965 ,
2257 3886 2322 3948 et
2374 3881 2581 3948 Rohas

238 3995 615 4081 processuri.
684 3993 773 4061 Ut
817 4000 1028 4062 autem
1072 3994 1230 4061 illud
1272 3997 1395 4062 iter
1437 4001 1728 4063 nostrum
1756 3996 1930 4064 Deus
1974 4018 2346 4085 prosperum
2375 3998 2583 4065 facere

240 4111 565 4195 dignetur,
625 4116 698 4177 ut
750 4110 889 4198 ipse
946 4131 1086 4179 ores
1143 4116 1208 4178 et
1260 4112 1490 4180 1131133
1544 4118 1688 4180 11103
1744 4134 1925 4181 01313
1977 4114 2205 4198 facias,
2266 4118 2332 4180 31
2382 4115 2582 4180 0111111-

240 4227 357 4294 11113
410 4226 701 4295 fidelibus
756 4248 871 4295 nos
925 4228 1282 4295 committas
1340 4234 1406 4296 et
1448 4230 1956 4298 commendatum
1999 4228 2146 4297 fidei
2188 4234 2337 4297 tuae
2379 4229 2580 4296 filium

241 4349 526 4411 nostrum
570 4344 824 4429 habeas,
870 4343 1284 4432 postulamus.

382 4476 433 4531 1.
454 4475 774 4533 Ludovieus
795 4475 922 4532 VII.
1029 4477 1081 4532 2.
1108 4474 1408 4546 Ephesum.
1513 4477 1566 4532 3.
1594 4476 1734 4533 1148
1755 4477 1911 4533 Mart.
1937 4476 1989 4532 7.
2090 4476 2143 4532 4.
2171 4476 2310 4533 1148
2333 4476 2471 4547 Apr.
2492 4477 2576 4533 11.
