3319 5242
767 432 893 499 126
1440 451 1739 498 wmumr
1780 450 2153 500 urrerem
2196 451 2314 498 47—
2328 450 2405 498 49.

515 597 652 652 1147
762 590 1141 676 quibuslibet
1185 590 1326 658 aliis
1370 593 1578 659 minus
1622 593 1859 659 factum
1905 598 2031 677 est,
2078 612 2197 659 nec
2238 596 2497 680 propter
2540 591 2910 658 nunciorum
2951 595 3077 656 tuo-

425 674 533 730 p⁰⁸t
552 671 649 717 Im
666 673 727 717 ²²
760 728 903 773 rum
958 708 1294 792 incuriam,
1354 709 1504 794 quia
1556 729 1672 795 pro
1728 710 1968 776 viribus
2021 708 2341 793 laborant,
2399 728 2600 794 neque
2646 728 2761 795 pro
2807 706 3078 792 ignaviae

758 827 1013 890 nostrae
1068 830 1284 911 tepore
1332 824 1401 891 id
1444 826 1693 892 noveris
1739 826 2058 892 accidisse.
2131 824 2201 891 Si
2245 845 2394 892 vero
2438 831 2626 891 nacta
2670 824 3081 926 oportunitate

761 959 876 1026 pro
930 941 1254 1007 commodo
1308 946 1417 1008 tuo
1471 943 1706 1010 iterum
1759 940 2021 1009 officiosi
2074 961 2212 1009 esse
2263 941 2641 1028 poterimus,
2695 957 3082 1027 nequaquam

762 1061 978 1124 autore
1020 1056 1290 1125 Domino
1334 1058 1745 1143 negligemus,

761 1268 887 1340 48.
939 1272 1262 1339 Com-adas
1307 1271 1418 1339 III
1457 1297 1571 1338 rea:
1612 1272 1894 1339 Wibaldo
1939 1274 2196 1338 nunciat
2204 1321 2222 1352 ‚
2278 1294 2343 1336 se
2387 1274 2456 1337 in
2504 1270 2838 1337 Graeciam
2875 1292 3087 1357 perve-

934 1390 1112 1453 nisse.
1188 1386 1550 1453 Heinrioum
1593 1411 1799 1475 reyem
1844 1390 2244 1454 commendat.
2818 1383 2930 1467 (Μ.
2964 1382 3090 1462 31.)

587 1524 722 1578 1147
937 1520 1306 1587 Cuonradus
1351 1519 1473 1586 Dei
1525 1522 1733 1605 gratia
1784 1520 2209 1588 Romanorum
2250 1541 2366 1586 rex
2416 1517 2706 1586 Wibaldo
2750 1514 3094 1585 venerabili

587 1611 626 1644 ε’
644 1598 724 1644 ω’
759 1636 1122 1704 Corbeiensi
1167 1635 1379 1702 abbati
1424 1637 1695 1720 gratiam
1739 1657 1918 1703 suam
1966 1643 2029 1704 et
2074 1657 2257 1703 omne
2302 1636 2554 1703 bonum.

937 1752 1025 1819 Ut
1080 1772 1412 1840 processus
1467 1753 1713 1819 itineris
1759 1753 1960 1819 nostri
2006 1753 2087 1820 ad
2131 1753 2616 1839 prosperitatem
2660 1750 2855 1815 totius
2904 1748 3099 1817 eccle-

760 1867 893 1933 siae
937 1873 1002 1933 et
1043 1866 1346 1935 honorem
1388 1870 1568 1952 regni
1612 1871 1817 1936 nostri
1846 1869 2083 1953 tendat,
2130 1865 2428 1952 suffragio
2460 1868 2815 1934 orationum
2845 1871 3100 1932 tuarum

760 1983 1105 2069 plurimum
1150 1984 1437 2051 adiuvari
1482 2005 1807 2072 speramus
1855 1991 1919 2053 et
1961 1985 2253 2072 petimus.
2331 1982 2428 2051 De
2474 1989 2643 2050 statu
2685 1983 2884 2067 igitur
2931 1983 3103 2049 inco-

757 2098 1067 2166 lumitatis
1109 2106 1383 2184 nostrae,
1428 2102 1498 2167 in
1544 2123 1666 2187 quo
1712 2101 1915 2168 adhuc
1955 2102 2212 2184 fuimus,
2259 2099 2580 2167 dilectioni
2607 2106 2756 2167 tuae
2785 2097 3106 2184 significa-

759 2236 919 2282 mus.
991 2215 1145 2282 Sani
1174 2215 1310 2283 Deo
1354 2218 1590 2300 gratias
1638 2223 1704 2285 et
1740 2218 1972 2302 integri
2013 2238 2248 2284 sumus.
2319 2215 2440 2283 Per
2467 2215 2814 2300 Ungariam
2843 2216 3107 2283 descen-

760 2330 977 2399 dentes
1035 2333 1103 2399 in
1161 2332 1452 2399 Greciam
1506 2354 1705 2420 usque
1761 2336 2196 2420 pervenimus3
2256 2333 2367 2399 ubi
2424 2354 2463 2399 a
2516 2352 2663 2417 rege
2721 2331 3077 2400 Grecorum
3094 2326 3111 2357 ¹

758 2447 1096 2515 honorifice
1162 2449 1343 2515 nobis
1411 2451 1701 2516 servitur.
1884 2450 2181 2517 Preterea
2245 2448 2535 2516 fidelitati
2592 2456 2738 2516 tuae
2802 2449 3116 2516 dilectum

758 2562 959 2631 filium
1004 2570 1290 2631 nostrum
1336 2568 1638 2634 attentius
1685 2568 2215 2651 commendamus,
2260 2572 2573 2652 rogantes,
2622 2566 2921 2652 quatinus
2955 2586 3114 2655 pue-

756 2681 972 2747 ritiam
1017 2682 1150 2748 eius
1195 2682 1544 2767 gubernare
1590 2689 1654 2750 et
1699 2705 1915 2769 regere
1959 2689 2071 2750 tua
2113 2704 2241 2750 non
2286 2684 2533 2751 desinat
2578 2683 2936 2769 prudentia.

759 2892 885 2964 49.
939 2897 1324 2963 Corbeienses
1369 2921 1508 2964 cum
1554 2897 1620 2965 S.
1665 2901 1884 2965 abbate
1927 2902 1995 2964 in
2034 2901 2309 2986 qratiam
2353 2910 2753 2965 revertuntur.
2822 2899 3118 2981 Movent,

933 3024 1004 3078 ut
1044 3013 1325 3079 Wibaldo
1374 3014 1721 3100 opituletur.
2819 3012 2934 3094 (M.
2977 3014 3119 3095 74.)

584 3154 720 3210 1147
930 3144 1295 3212 Reverendo
1352 3146 1422 3213 in
1479 3145 1729 3213 Christo
1782 3146 1955 3232 patri
2010 3152 2074 3213 et
2127 3146 2312 3213 fratri
2366 3146 2702 3213 karissimo
2760 3144 2824 3212 S.
2890 3148 3125 3215 abbati

753 3261 949 3329 frater
977 3261 1054 3328 E.
1086 3262 1263 3348 prior
1293 3266 1357 3328 et
1385 3263 1579 3329 ceteri
1606 3262 1835 3328 fratres
1867 3260 2274 3329 Corbeienses
2303 3263 2650 3330 fraternam
2679 3261 3126 3331 dilectionem.

932 3376 1312 3445 Petitionem
1356 3383 1653 3462 vestram,
1703 3398 1892 3463 quam
1936 3379 2254 3445 mediante
2300 3378 2635 3446 karissimo
2678 3381 2862 3465 patre
2900 3385 2974 3446 et
3007 3380 3128 3446 do-

658 3486 661 3489 ’
754 3491 927 3559 mino
983 3500 1200 3559 nostro
1241 3492 1531 3560 Wibaldo
1588 3493 1813 3562 abbate
1870 3500 2086 3561 nostre
2131 3495 2434 3581 parvitati
2479 3494 2828 3582 optulistis,
2891 3496 3131 3563 debita

754 3610 1109 3677 reverentia
1154 3611 1565 3696 suscepimus,
1613 3615 1678 3677 et
1722 3611 2018 3696 quicquid
2061 3612 2131 3677 in
2161 3631 2275 3678 nos
2307 3612 2577 3679 scienter
2607 3611 2707 3677 vel
2737 3611 3133 3695 ignoranter

757 3725 1141 3810 deliquistiS,
1202 3726 1437 3811 absque
1495 3727 1893 3794 simulatione
1947 3728 2337 3810 remisimu83
2396 3733 2459 3795 et
2514 3732 2764 3794 nostrae
2811 3728 3134 3795 societati

758 3842 993 3909 arctius
1037 3842 1528 3929 incorporatum,
1576 3843 1836 3927 diligere
1883 3849 1946 3910 et
1988 3843 2297 3911 honorare
2343 3849 2407 3911 et
2436 3843 2681 3927 exiguis
2711 3845 3134 3913 orationibus

756 3958 990 4024 nostris
1046 3959 1427 4045 participare
1470 3980 1583 4026 vos
1643 3965 1707 4027 et
1762 3959 2190 4027 desideramus
2247 3964 2312 4026 et
2361 3960 2778 4026 concedimus.
2872 3960 2953 4026 In
3008 3962 3136 4029 ad·

755 4079 949 4141 ventu
1006 4074 1177 4141 enim
1225 4075 1497 4161 predicti
1550 4076 1754 4163 patris
1810 4076 2014 4142 nostri
2071 4076 2153 4141 ad
2197 4096 2311 4142 nos
2372 4077 2583 4142 omnia
2623 4074 3137 4144 inimicitiarum

757 4189 1000 4257 semina
1041 4192 1293 4276 penitus
1346 4192 1625 4259 extincta
1669 4197 1848 4274 sunt,
1897 4191 2194 4277 quoniam
2235 4191 2402 4257 inter
2444 4192 2608 4275 illos,
2655 4212 2811 4277 quos
2857 4191 3142 4261 dissen-

758 4306 953 4373 sionis
1000 4306 1276 4392 procella
1319 4307 1685 4392 disiecerat,
1743 4308 1881 4394 ipse
1927 4328 1995 4375 se
2039 4309 2350 4391 medium,
2396 4313 2695 4393 tanquam
2738 4306 2946 4374 bonus
3005 4331 3140 4377 an-

755 4421 992 4508 gularis
1037 4423 1243 4510 lapis,'
1270 4444 1416 4491 vere
1460 4424 1744 4489 caritatis
1786 4429 1851 4490 et
1890 4424 2195 4491 discretae
2224 4423 2601 4490 humilitatis
2631 4423 2873 4509 glutino
2901 4424 3142 4495 inter-

898 4556 946 4610 1.
995 4554 1295 4611 Emanuele
1329 4555 1676 4624 imperatore.
