3319 5242
723 463 856 529 452
1392 474 1691 523 wmALm
1731 470 2106 520 ners'ronm
2147 470 2254 516 ses.
2288 469 2395 515 324.

548 626 684 681 1151
723 621 940 708 parvis
987 616 1301 702 suffragiis
1356 621 1422 684 et
1474 616 1756 683 maximo
1800 612 2100 701 periculo.
2281 608 2446 689 Quid
2490 609 2570 676 de
2614 627 2815 674 causa
2855 610 3062 672 nostra

548 700 681 746 Mart.

722 758 792 803 m
837 731 1045 802 curia¹
1089 735 1174 801 sit
1218 739 1446 818 actum,
1491 738 1628 799 tam
1673 752 1754 799 ex
1797 731 2026 797 litteris
2073 728 2314 795 domini
2354 725 2562 793 nostri
2605 725 2776 808 regis
2816 722 2901 789 ad
2930 742 3064 788 con·

724 858 983 921 ventum
1026 850 1237 917 missis
1283 870 1473 936 quam
1518 869 1599 917 ex
1638 849 1786 915 viva
1823 846 2174 931 legatorum
2214 836 2611 911 nostrorum²
2640 860 2797 906 voce
2825 838 3066 926 plenius

724 970 962 1056 poteris
1008 968 1347 1034 addiscere.
1530 965 1819 1032 Domnus
1864 983 1978 1029 rex
2024 963 2264 1028 curiam
2303 960 2371 1025 in
2402 951 2673 1045 pascha⁸
2705 955 2939 1043 Spirae
2980 973 3070 1020 ce-

723 1085 1014 1168 lebrabit,
1061 1088 1125 1150 et
1166 1085 1233 1148 in
1281 1077 1536 1149 001818*
1567 1082 1626 1147 01
1672 1099 1996 1147 occurrere
2045 1077 2212 1164 apud
2241 1072 2604 1162 Bopardam
2642 1072 2808 1139 iussi
2838 1083 3070 1152 sumne,

726 1200 1086 1268 descensuri
1131 1219 1273 1265 cum
1321 1218 1394 1265 eo
1439 1217 1636 1282 usque
1681 1196 1751 1261 in
1778 1195 2059 1261 Ulterius
2091 1185 2513 1271 Traiectum‘3
2559 1207 2679 1255 nec
2721 1206 3071 1275 speramus,

723 1339 838 1384 nos
885 1317 964 1383 ab
1019 1337 1093 1383 eo
1138 1336 1325 1402 posse
1375 1313 1666 1380 recedere
1723 1317 1869 1378 ante
1924 1316 2212 1376 octavam
2265 1300 2722 1395 pentecostes⁸,
2782 1302 2989 1371 etiam
3028 1302 3074 1368 si

723 1435 1067 1521 impetrare
1110 1432 1488 1518 poterimuS,
1535 1449 1616 1495 ne
1662 1446 1873 1495 secum
1917 1446 2117 1511 usque
2160 1416 2609 1490 Ratisbonam⁷
2651 1425 3072 1488 transeamus.

902 1550 1085 1615 Nunc
1128 1567 1276 1630 ergo
1323 1545 1652 1630 diligentia
1679 1549 1792 1610 tua
1818 1544 2001 1609 nobis
2042 1541 2368 1608 celerrime
2397 1536 2820 1622 renunciabit,
2864 1541 3075 1603 utrum

725 1664 1083 1751 prepositus
1114 1663 1581 1728 amministrare
1609 1660 1911 1727 fratribus
1955 1660 2085 1725 suis
2131 1651 2452 1724 intendat⁸
2483 1659 2594 1721 aut
2633 1653 3076 1741 prepositurae

726 1778 1000 1847 officium
1047 1779 1356 1845 abdicare.
1446 1776 1590 1843 Non
1636 1781 1735 1844 est
1778 1775 1946 1842 enim
1991 1775 2193 1839 nostri
2237 1771 2568 1859 propositi,
2622 1769 3075 1837 detrimentum

727 1897 1037 1962 sustinere
1081 1896 1149 1959 in
1195 1915 1288 1979 eo,
1333 1896 1404 1960 in
1450 1914 1572 1982 quo
1617 1894 1758 1980 ipse
1799 1893 2075 1958 fructum
2110 1888 2477 1977 susceperit.
2545 1887 2634 1953 Et
2661 1885 2925 1972 quando
2953 1894 3076 1953 008-

727 2012 896 2078 sabit
950 2012 1416 2078 amministrare
1430 2061 1449 2096 ,
1518 2014 1722 2077 cesset
1776 2014 1840 2076 et
1897 2007 2210 2089 villicar03
2281 2025 2425 2072 cum
2484 2002 2673 2091 plane
2726 2001 3073 2084 videamua

727 2127 1046 2214 publicam
1078 2127 1497 2194 substantiam
1526 2125 1795 2213 privatis
1826 2130 1890 2191 et
1917 2121 2328 2190 inmoderatis
2361 2119 2719 2207 sumptibus
2745 2116 3072 2205 extirpari.

729 2243 1197 2327 Verumtamen,
1244 2250 1584 2329 utcumque
1628 2242 1766 2329 ipse
1812 2261 1879 2307 80
1922 2245 2131 2325 gerat,
2193 2238 2248 2304 si
2294 2237 2607 2304 defectum
2651 2235 2916 2319 fecerit,
2973 2239 3076 2300 tua

725 2360 1070 2444 industria,
1129 2361 1398 2446 sumptis
1456 2358 1534 2426 de
1577 2358 1873 2425 thesauro
1921 2354 2219 2422 000108180
2263 2351 2662 2440 pignoribus,
2721 2350 3076 2417 necessaria

725 2475 1028 2542 fratribus
1072 2474 1339 2541 sollicite
1385 2473 1760 2561 providebit.
1924 2471 2223 2538 Rescribe
2264 2469 2447 2536 nobis
2494 2467 2573 2533 de
2616 2467 2868 2532 cunctis
2913 2464 3073 2532 solli·

727 2592 880 2676 cite;
939 2597 1002 2659 et
1047 2591 1199 2678 quid
1242 2610 1451 2659 comes
1496 2589 1921 2658 Herimannus
1966 2592 2187 2675 postea
2229 2586 2309 2653 de
2365 2582 2669 2652 aecclesia
2712 2580 3072 2651 Corbeiensi

727 2709 1113 2793 tractaverit,
1160 2713 1226 2776 et
1255 2707 1408 2793 quid
1443 2707 1524 2773 ad
1551 2706 1799 2773 litteras
1830 2705 2046 2771 domni
2073 2703 2242 2787 regis
2273 2702 2354 2768 ad
2382 2720 2645 2790 presens
2673 2699 3068 2786 respondeat.

734 2918 911 2991 324.
955 2924 1277 2989 Conradus
1303 2922 1417 2988 ΙΠ
1445 2946 1558 2987 rex
1592 2921 1951 3009 Euqenium
1982 2919 2088 2986 III
2111 2937 2357 3007 papam
2399 2926 2599 3002 rogat,
2648 2925 2719 2980 ut
2742 2912 3071 2980 Heriman-

950 3063 1101 3105 num
1146 3040 1500 3126 episcopum
1533 3040 1982 3104 Traieotensem
2016 3035 2354 3125 confimat,
2402 3044 2458 3098 et
2491 3030 2776 3097 Ottonem
2805 3032 3070 3095 comitem

954 3157 1031 3222 de
1085 3157 1222 3221 Ara
1277 3156 1356 3221 ab
1403 3153 1698 3220 Heinrioo
1755 3155 2041 3239 episcopo
2086 3150 2421 3215 Leodiensi
2474 3150 2541 3212 in
2597 3148 3070 3212 communionem

950 3272 1150 3357 recipi
1190 3272 1415 3337 iubeat.
2450 3301 2453 3308 «
2757 3259 2871 3343 (Μ.
2905 3257 3069 3339 306.)

558 3411 697 3464 1150
787 3450 824 3485 ,
908 3403 1336 3470 Dilectissimo
1382 3402 1552 3489 patri
1597 3421 1711 3467 800
1740 3399 2079 3485 E(ugenio)
2113 3403 2367 3465 sanctae
2394 3396 2715 3464 Romanae
2746 3393 3073 3461 aecclesiae

556 3483 688 3530 Mart.

735 3539 980 3585 summo
1026 3517 1309 3606 pontifici
1336 3517 1715 3601 C(onradus)
1748 3516 1871 3583 Dei
1904 3516 2111 3600 gratia
2137 3514 2564 3582 Romanorum
2596 3532 2713 3579 rex
2743 3516 2809 3578 et
2838 3528 3074 3598 semper

736 3640 1038 3719 augustus
1093 3633 1349 3701 filialem
1405 3655 1519 3721 per
1565 3633 1778 3701 omnia
1822 3631 2224 3700 dilectionem
2268 3636 2334 3699 et
2376 3630 2653 3697 debitam
2697 3628 2769 3694 in
2811 3627 3074 3694 Domino

734 3752 1169 3828 reverentiam.

914 3867 1195 3935 Vacante
1233 3866 1620 3935 Traiectensi
1668 3865 2035 3953 episcopatu
2079 3869 2226 3952 post
2268 3863 2617 3930 discessum
2658 3860 2806 3948 piae
2850 3877 3078 3927 memo-

735 3984 869 4050 riae
925 3982 1225 4051 Harberti
1279 3982 1589 4070 episcopi,
1655 3981 1945 4049 misimus
2002 3981 2084 4046 ad
2139 3980 2405 4048 eandem
2461 3977 2794 4046 ecclesiam
2850 3975 3078 4060 legatos

737 4106 987 4168 nostros
1044 4120 1187 4167 cum
1243 4100 1589 4182 mandatis,
1646 4102 1856 4165 motus
1912 4097 2312 4181 temerarios,
2373 4096 2483 4181 qui
2525 4095 2594 4160 in
2634 4093 2827 4160 rebus
2874 4091 3079 4158 huius-

883 4224 932 4277 1.
979 4221 1450 4292 Nurenbergensi‚
1500 4236 1551 4275 0.
1589 4218 1681 4275 die
1730 4219 1798 4274 18
1832 4218 2033 4274 Martii.
2094 4218 2163 4273 V.
2213 4216 2358 4273 infra
2401 4234 2457 4272 n.
2481 4216 2534 4272 5.
2679 4216 2733 4269 2.
2781 4213 2929 4269 Hinc
2969 4208 3074 4266 veri

739 4311 1078 4366 simillimum
1115 4317 1216 4381 est,
1254 4310 1571 4366 wibaldum
1611 4308 1797 4363 curiae
1831 4306 2279 4377 Nurenbergensi
2315 4303 2652 4360 interfuisse.
2781 4304 2832 4357 3.
2873 4301 3006 4370 Apr.
3027 4299 3074 4352 8.

738 4403 793 4455 4.
840 4401 977 4470 Apr.
1005 4401 1091 4456 15.
1234 4400 1286 4454 5.
1332 4399 1727 4467 Nurenbergae
1763 4398 1893 4452 circ.
1919 4396 1974 4451 d.
2002 4397 2070 4450 18
2094 4396 2252 4450 Mart.
2278 4392 2587 4450 Conradum
2615 4407 2803 4462 regem
2830 4389 2937 4446 hoc
2958 4389 3075 4443 Tra·

740 4490 946 4544 iectum
971 4488 1136 4544 eundi
1162 4488 1453 4542 consilium
1480 4487 1711 4556 cepisse,
1738 4485 1899 4541 facile
1924 4490 2154 4554 apparet
2177 4500 2246 4540 ex
2271 4499 2356 4551 ep.
2385 4483 2491 4555 324
2516 4479 2675 4536 infra.
2791 4481 2843 4534 6.
2870 4477 3007 4534 Iuni.
3028 4475 3075 4528 3.

741 4579 792 4634 7.
830 4579 900 4634 V.
925 4593 1053 4646 epp.
1078 4577 1184 4632 319
1209 4581 1267 4631 et
1289 4577 1395 4631 320
1428 4592 1597 4646 supra
1630 4591 1685 4645 p.
1711 4575 1837 4630 449.
1980 4575 2034 4629 8.
2070 4573 2139 4628 V.
2165 4589 2253 4641 ep.
2279 4573 2385 4627 322
2422 4586 2589 4639 supra
2620 4585 2679 4638 p.
2701 4569 2825 4624 451.
