3319 5242
721 355 853 423 290
1479 373 1777 421 wmanm
1818 370 2148 422 nr1s'rona
2192 369 2300 419 1⁷0.

548 521 685 575 1149
719 516 1027 583 fecerunt.
1090 514 1201 582 Set
1244 516 1300 581 si
1342 515 1779 599 recordemini,
1827 515 1994 600 quod
2036 516 2248 602 ipsum
2277 518 2469 600 caput
2494 518 2804 597 nostrum,
2846 511 3030 599 ipm

661 629 1066 699 creatorem
1112 637 1176 698 et
1217 631 1681 718 redemptorem
1726 637 2035 716 nostrum,
2080 631 2291 718 ipsum
2334 629 2554 697 mundi
2595 630 2800 696 tocius
2831 633 2898 695 et
2923 648 3033 693 om-

720 747 898 812 nium
954 768 1165 814 rerum
1220 748 1544 814 dominum
1602 749 1898 835 princeps
1949 747 2226 815 invidiae
2270 744 2555 813 diabolus
2600 746 2680 813 de
2723 743 3035 832 pinnaculo

720 863 942 950 templi
986 864 1363 950 precipitare
1404 865 1597 931 noxia
1624 864 2031 951 persuasione
2062 863 2291 945 voluit3
2339 863 2396 929 si
2425 863 2734 948 scriptum
2761 860 3036 941 recolitis,

720 980 887 1064 quod
938 1000 1184 1064 omnes,
1247 982 1356 1065 qui
1407 982 1513 1067 pie
1556 982 1778 1048 volunt
1821 982 1888 1047 in
1948 980 2197 1047 Christo
2251 980 2494 1063 vivere,
2560 978 3039 1065 persecutionem

718 1095 1074 1182 patiuntur3
1133 1096 1187 1162 si
1233 1099 1540 1164 memoria
1581 1098 1832 1181 tenetis,
1892 1097 2077 1182 quod,
2123 1116 2266 1162 cum
2311 1094 2673 1160 immundus
2717 1094 2973 1180 spiritus
3009 1091 3041 1156 a

720 1233 835 1278 sua
899 1213 1089 1279 fuerit
1155 1212 1542 1279 habitatione
1609 1213 1939 1299 expulsae,
2005 1213 2376 1295 revertitur,
2444 1209 2791 1296 assumptis
2849 1227 3041 1275 secum

719 1334 963 1415 septem
1016 1329 1417 1414 nequioribus
1473 1349 1541 1395 se
1559 1324 1602 1411 ¹3
1648 1329 1833 1396 facile
1888 1329 2179 1416 poteritis
2236 1333 2635 1396 contemnere
2690 1324 3041 1393 oblatrantis

719 1445 888 1528 vulgi
933 1467 1098 1511 vana
1140 1445 1376 1511 iudicia
1405 1449 1488 1528 et,
1536 1443 1806 1512 solidata
1834 1446 1902 1511 in
1934 1445 2141 1513 Deum
2171 1465 2284 1532 spe
2313 1443 2685 1525 certissima,
2732 1441 2817 1507 ad
2845 1460 3043 1508 emun-

718 1561 1037 1627 dationem
1083 1567 1148 1628 et
1189 1561 1713 1628 restaurationem
1740 1561 2211 1629 Kaminatensis
2257 1559 2555 1627 ecclesiae
2590 1557 2934 1624 studiosius
2961 1557 3043 1621 in·

718 1678 993 1744 tendere.
1179 1676 1552 1745 Succurrere
1608 1677 1825 1745 debuit
1879 1677 2082 1745 dolori
2134 1682 2343 1745 vestro
2390 1681 2454 1742 et
2497 1674 2695 1741 animi
2737 1672 3044 1739 molestias

719 1792 1063 1876 detergere,
1111 1793 1278 1877 quod
1323 1793 1400 1859 de
1446 1795 1871 1861 sacratissimo
1905 1799 2087 1881 patre
2131 1799 2346 1860 nostro
2390 1791 2730 1858 Benedioto
2775 1782 3042 1873 legitur'‚

718 1909 915 1993 quod,
972 1928 1117 1975 cum
1172 1909 1237 1975 in
1296 1929 1441 1976 arce
1497 1910 1857 1978 Casinensis
1913 1910 2105 1978 castri
2159 1910 2400 1976 idolum
2454 1905 2773 1994 Apollinis
2832 1903 3043 1971 contri·

715 2025 912 2090 visset
977 2030 1068 2108 et,
1139 2045 1251 2092 ara
1316 2025 1617 2093 subversa
1682 2027 1963 2113 lucisque
2032 2026 2325 2110 succisis,
2394 2023 2671 2091 oratoria
2733 2021 3044 2088 beatorum

715 2139 1009 2207 Iohannis
1055 2146 1119 2208 et
1161 2140 1420 2208 Martini
1463 2145 1949 2227 construxisset,
2004 2143 2263 2226 demon,
2321 2140 2601 2207 eiusdem
2646 2138 2770 2205 loci
2815 2137 3043 2204 habita·

712 2260 815 2350 tor
829 2305 849 2340 ,
911 2257 1081 2342 cepit
1132 2257 1202 2322 in
1258 2259 1464 2325 virum
1522 2260 1992 2326 sanctissimum
2045 2257 2376 2326 horrendis
2421 2255 2677 2323 vocibus
2722 2254 3044 2321 infremere

717 2377 781 2437 et
833 2372 1062 2439 fratres
1127 2373 1327 2459 ipsius
1383 2379 1520 2441 tum
1580 2376 1723 2441 saxi
1775 2375 2053 2462 pondere
2111 2380 2248 2442 tum
2304 2372 2700 2461 phantastico
2757 2371 3043 2456 coquinae

716 2488 1002 2554 incendio
1058 2489 1276 2556 multis
1331 2490 1808 2574 fatigationibus
1859 2491 2127 2558 illudere
2168 2496 2305 2557 tum
2351 2489 2545 2557 etiam
2588 2487 2840 2573 pueruli
2881 2505 3041 2552 mon·

717 2603 856 2670 achi
907 2606 1290 2674 contricione
1334 2626 1451 2674 nec
1494 2628 1621 2675 non
1668 2608 1935 2675 senioris
1979 2607 2336 2691 cuiusdam,
2393 2606 2463 2673 in
2507 2625 2695 2692 quem
2737 2604 3039 2688 ingressus

716 2727 883 2805 erat,
944 2723 1278 2790 vexatione
1333 2743 1440 2789 eos
1497 2724 1536 2790 a
1590 2723 1715 2790 loci
1757 2725 2132 2811 purgatione
2178 2730 2243 2791 et
2287 2724 2326 2790 a
2370 2727 2590 2789 sancta
2630 2720 2865 2788 ibidem
2908 2739 3039 2787 con·

714 2838 1067 2905 versatione
1123 2839 1479 2906 detestabili
1538 2841 1692 2906 artis
1746 2861 1896 2908 suae
1938 2840 2209 2907 ludibrio
2255 2839 2587 2906 deterrere.
2657 2836 2803 2903 Non
2845 2838 3041 2921 itaque

714 2974 825 3019 vos
871 2954 1231 3022 deterreant
1287 2956 1485 3023 aniles
1528 2955 1808 3041 fabulae,
1875 2964 2005 3040 set,
2064 2955 2445 3023 confidentes
2491 2954 2569 3022 de
2624 2951 3045 3020 misericordia

714 3068 833 3135 Dei
887 3075 952 3137 et
993 3072 1194 3159 ipsius
1239 3073 1658 3159 protectione,
1717 3071 1965 3140 firmate
2009 3073 2078 3139 in
2122 3071 2558 3139 Kaminatensi
2601 3068 2867 3137 ecclesia
2908 3066 3044 3134 reli·

713 3186 983 3271 gionem,
1031 3208 1151 3272 que
1198 3194 1343 3255 ante
1385 3194 1676 3256 nostrum
1719 3189 1955 3257 ibidem
2001 3188 2342 3256 adventum
2384 3206 2640 3275 prorsus
2679 3185 3044 3272 deperierat,

713 3307 980 3387 purgate
1036 3309 1101 3370 et
1153 3302 1362 3371 locum
1418 3311 1484 3372 et
1528 3306 1771 3372 animas
1820 3307 1858 3373 a
1902 3306 2239 3373 demonum
2282 3302 2690 3371 contubernio
2736 3306 2802 3369 et
2844 3301 3047 3368 obser-

715 3422 857 3482 vate
904 3417 1235 3502 diligenter
1264 3421 1550 3506 ipsorum
1579 3422 1910 3488 versutias.
2049 3420 2215 3488 Sane
2245 3420 2514 3507 sumptis
2542 3418 2771 3484 litteris
2802 3417 3044 3496 nost-ris,

716 3553 871 3618 quas
927 3534 1008 3599 ad
1062 3556 1174 3602 vos
1231 3536 1719 3622 destinavimuS,
1774 3538 2159 3625 presentiam
2216 3536 2456 3602 domini
2501 3540 2565 3602 et
2608 3534 2811 3620 patris
2855 3530 3046 3600 nostri

715 3647 1060 3716 Mindensis
1093 3648 1406 3738 episcopi⁸
1438 3653 1715 3739 adibitis,
1763 3660 1827 3721 et
1860 3675 2050 3742 super
2092 3652 2599 3720 reconciliatione
2640 3650 2920 3717 eiusdem
2953 3667 3045 3715 eo-

714 3764 962 3849 clesiae,
1009 3787 1199 3852 quam
1241 3769 1549 3854 pollutam
1593 3770 1811 3838 fratris
1857 3770 2060 3838 nostri
2105 3789 2255 3837 casu
2299 3775 2365 3836 et
2402 3774 2605 3836 morte
2632 3767 2890 3851 iudicat,
2934 3763 3044 3830 mi-

714 3881 1120 3950 sericordiam
1165 3885 1364 3971 ipsius
1409 3886 1763 3973 implorate.
1833 3886 1936 3953 Ad
1982 3907 2171 3972 quam
2216 3886 2594 3970 legationem
2631 3881 3040 3970 peragendam

713 4019 827 4064 nos
893 4001 1286 4087 prepositum
1351 4002 1818 4087 A(delbertum)
1887 4009 1951 4071 et
2016 4002 2431 4070 camerarium
2497 4000 2570 4066 R.
2634 4000 3038 4084 designamus.

713 4114 946 4193 Quodsi
1005 4119 1198 4183 turris
1245 4117 1715 4185 Kaminatensis
1775 4119 2073 4187 ecclesiae
2131 4139 2414 4186 seorsum
2460 4118 2498 4184 a
2541 4121 2751 4184 cetero
2797 4131 3041 4201 corpore

712 4231 934 4317 templi
991 4231 1118 4298 alia
1161 4233 1586 4301 Kalendarum
1632 4235 1735 4301 die
1780 4234 2070 4303 dedicata
2111 4236 2261 4320 fuit,
2317 4236 2546 4302 fratres
2590 4234 2795 4301 nostri
2838 4248 3041 4301 secure

711 4353 1008 4432 poterunt
1051 4348 1119 4413 in
1166 4370 1242 4415 ea
1285 4349 1500 4416 divina
1543 4349 1861 4417 celebrare
1904 4353 2224 4439 mysteria.

854 4482 905 4533 1.
942 4478 1136 4534 Matth.
1164 4480 1246 4547 12,
1271 4481 1362 4535 45.
1504 4484 1554 4537 2.
1595 4481 1653 4536 in
1678 4481 1736 4538 S.
1761 4480 1927 4553 Greg.
1955 4482 2086 4539 dial.
2112 4484 2166 4538 Il
2199 4498 2247 4538 c.
2276 4484 2467 4549 8-11,
2498 4498 2627 4552 opp.
2652 4482 2740 4539 ed.
2769 4481 2964 4539 Beued.
2990 4475 3041 4532 11

712 4568 1033 4622 229—233.
1178 4570 1227 4624 3.
1269 4569 1532 4626 Heinrici.
