<?xml version="1.0" encoding="UTF-8"?>
<!DOCTYPE html PUBLIC "-//W3C//DTD XHTML 1.0 Transitional//EN"
    "http://www.w3.org/TR/xhtml1/DTD/xhtml1-transitional.dtd">
<html xmlns="http://www.w3.org/1999/xhtml" xml:lang="en" lang="en">
 <head>
  <title>
</title>
<meta http-equiv="Content-Type" content="text/html;charset=utf-8" />
  <meta name='ocr-system' content='tesseract 3.04.00' />
  <meta name='ocr-capabilities' content='ocr_page ocr_carea ocr_par ocr_line ocrx_word'/>
</head>
<body>
  <div class='ocr_page' id='page_1' title='image "./monumentacorbei00corvgoog_0077.png"; bbox 0 0 3319 5242; ppageno 0'>
   <div class='ocr_carea' id='block_1_1' title="bbox 820 415 2659 497">
    <p class='ocr_par' dir='ltr' id='par_1_1' title="bbox 820 415 2659 497">
     <span class='ocr_line' id='line_1_1' title="bbox 820 415 2659 497; baseline -0.001 -1"><span class='ocrx_word' id='word_1_1' title='bbox 820 446 1424 497; x_wconf 68' lang='lat' dir='ltr'>onnonocmnus</span> <span class='ocrx_word' id='word_1_2' title='bbox 1469 446 1912 496; x_wconf 71' lang='lat' dir='ltr'>conssmnsm</span> <span class='ocrx_word' id='word_1_3' title='bbox 2449 428 2535 495; x_wconf 89' lang='lat'>63</span> <span class='ocrx_word' id='word_1_4' title='bbox 2657 415 2659 417; x_wconf 57' lang='grc'><strong><em>’</em></strong></span> 
     </span>
    </p>
   </div>
   <div class='ocr_carea' id='block_1_2' title="bbox 227 583 2713 1024">
    <p class='ocr_par' dir='ltr' id='par_1_2' title="bbox 227 583 2713 1024">
     <span class='ocr_line' id='line_1_2' title="bbox 233 583 2713 674; baseline -0.001 -23"><span class='ocrx_word' id='word_1_5' title='bbox 233 583 384 652; x_wconf 87' lang='lat' dir='ltr'>bolus</span> <span class='ocrx_word' id='word_1_6' title='bbox 423 587 489 653; x_wconf 93' lang='lat' dir='ltr'>in</span> <span class='ocrx_word' id='word_1_7' title='bbox 531 586 680 655; x_wconf 86' lang='lat' dir='ltr'>filiis</span> <span class='ocrx_word' id='word_1_8' title='bbox 726 589 840 672; x_wconf 87' lang='lat' dir='ltr'>ire,</span> <span class='ocrx_word' id='word_1_9' title='bbox 887 589 1060 656; x_wconf 91' lang='lat' dir='ltr'>Deus</span> <span class='ocrx_word' id='word_1_10' title='bbox 1104 590 1173 655; x_wconf 91' lang='lat' dir='ltr'>in</span> <span class='ocrx_word' id='word_1_11' title='bbox 1216 587 1364 655; x_wconf 88' lang='lat' dir='ltr'>filiis</span> <span class='ocrx_word' id='word_1_12' title='bbox 1405 589 1667 672; x_wconf 78' lang='lat' dir='ltr'>gratiae.</span> <span class='ocrx_word' id='word_1_13' title='bbox 1736 587 1937 668; x_wconf 82' lang='lat' dir='ltr'>Quam</span> <span class='ocrx_word' id='word_1_14' title='bbox 1969 608 2127 672; x_wconf 85' lang='lat' dir='ltr'>ergo·</span> <span class='ocrx_word' id='word_1_15' title='bbox 2149 587 2352 654; x_wconf 82' lang='lat' dir='ltr'>adhuc</span> <span class='ocrx_word' id='word_1_16' title='bbox 2380 608 2537 674; x_wconf 84' lang='lat' dir='ltr'>pau·</span> <span class='ocrx_word' id='word_1_17' title='bbox 2576 590 2713 650; x_wconf 79' lang='lat'>1146</span> 
     </span>
     <span class='ocr_line' id='line_1_3' title="bbox 231 653 2711 790; baseline 0 -22"><span class='ocrx_word' id='word_1_18' title='bbox 231 705 461 788; x_wconf 73' lang='lat' dir='ltr'>per-tatis</span> <span class='ocrx_word' id='word_1_19' title='bbox 515 705 926 790; x_wconf 76' lang='lat' dir='ltr'><strong>exiguitatem</strong></span> <span class='ocrx_word' id='word_1_20' title='bbox 984 705 1344 790; x_wconf 82' lang='lat' dir='ltr'>requiritis?</span> <span class='ocrx_word' id='word_1_21' title='bbox 1424 704 1815 788; x_wconf 80' lang='lat' dir='ltr'>Subiungitis</span> <span class='ocrx_word' id='word_1_22' title='bbox 1873 705 2064 771; x_wconf 82' lang='lat' dir='ltr'>etiam</span> <span class='ocrx_word' id='word_1_23' title='bbox 2117 704 2323 770; x_wconf 78' lang='lat' dir='ltr'>famae</span> <span class='ocrx_word' id='word_1_24' title='bbox 2377 703 2535 769; x_wconf 79' lang='lat' dir='ltr'>voli-</span> <span class='ocrx_word' id='word_1_25' title='bbox 2575 653 2711 718; x_wconf 65' lang='lat'>¹¹4⁷</span> 
     </span>
     <span class='ocr_line' id='line_1_4' title="bbox 229 818 2533 907; baseline 0.001 -25"><span class='ocrx_word' id='word_1_26' title='bbox 229 819 394 884; x_wconf 80' lang='lat' dir='ltr'>tantis</span> <span class='ocrx_word' id='word_1_27' title='bbox 442 821 795 888; x_wconf 86' lang='lat' dir='ltr'>ministerio</span> <span class='ocrx_word' id='word_1_28' title='bbox 839 820 1237 904; x_wconf 82' lang='lat' dir='ltr'>cognovisse,</span> <span class='ocrx_word' id='word_1_29' title='bbox 1296 826 1548 907; x_wconf 87' lang='lat' dir='ltr'>ceptum</span> <span class='ocrx_word' id='word_1_30' title='bbox 1589 825 1872 886; x_wconf 80' lang='lat' dir='ltr'>vestrum</span> <span class='ocrx_word' id='word_1_31' title='bbox 1916 820 2074 886; x_wconf 85' lang='lat' dir='ltr'>mihi</span> <span class='ocrx_word' id='word_1_32' title='bbox 2120 818 2533 906; x_wconf 76' lang='lat' dir='ltr'>displicuisse.</span> 
     </span>
     <span class='ocr_line' id='line_1_5' title="bbox 227 931 2538 1024; baseline 0.001 -24"><span class='ocrx_word' id='word_1_33' title='bbox 227 931 378 1011; x_wconf 85' lang='lat' dir='ltr'>Quod</span> <span class='ocrx_word' id='word_1_34' title='bbox 409 955 523 1002; x_wconf 91' lang='lat' dir='ltr'>nec</span> <span class='ocrx_word' id='word_1_35' title='bbox 568 941 716 1004; x_wconf 81' lang='lat' dir='ltr'>ante</span> <span class='ocrx_word' id='word_1_36' title='bbox 760 943 1049 1024; x_wconf 76' lang='lat' dir='ltr'>acceptas</span> <span class='ocrx_word' id='word_1_37' title='bbox 1092 936 1336 1003; x_wconf 79' lang='lat' dir='ltr'>litteras</span> <span class='ocrx_word' id='word_1_38' title='bbox 1368 941 1611 1003; x_wconf 81' lang='lat' dir='ltr'>vestras</span> <span class='ocrx_word' id='word_1_39' title='bbox 1641 937 2037 1022; x_wconf 88' lang='lat' dir='ltr'>propositum</span> <span class='ocrx_word' id='word_1_40' title='bbox 2068 941 2350 1003; x_wconf 81' lang='lat' dir='ltr'>vestrum</span> <span class='ocrx_word' id='word_1_41' title='bbox 2380 936 2538 1002; x_wconf 86' lang='lat' dir='ltr'>scie-</span> 
     </span>
    </p>
   </div>
   <div class='ocr_carea' id='block_1_3' title="bbox 226 1050 2537 1135">
    <p class='ocr_par' dir='ltr' id='par_1_3' title="bbox 226 1050 2537 1135">
     <span class='ocr_line' id='line_1_6' title="bbox 226 1050 2537 1135; baseline 0.001 -20"><span class='ocrx_word' id='word_1_42' title='bbox 226 1069 342 1115; x_wconf 83' lang='lat' dir='ltr'>ram</span> <span class='ocrx_word' id='word_1_43' title='bbox 382 1052 686 1135; x_wconf 76' lang='lat' dir='ltr'>extitisse,</span> <span class='ocrx_word' id='word_1_44' title='bbox 733 1053 900 1119; x_wconf 91' lang='lat' dir='ltr'>unde</span> <span class='ocrx_word' id='word_1_45' title='bbox 944 1051 1118 1119; x_wconf 82' lang='lat' dir='ltr'>velut</span> <span class='ocrx_word' id='word_1_46' title='bbox 1160 1054 1447 1135; x_wconf 84' lang='lat' dir='ltr'>ignotum</span> <span class='ocrx_word' id='word_1_47' title='bbox 1491 1071 1608 1118; x_wconf 89' lang='lat' dir='ltr'>nec</span> <span class='ocrx_word' id='word_1_48' title='bbox 1653 1050 1963 1135; x_wconf 76' lang='lat' dir='ltr'>placuisse</span> <span class='ocrx_word' id='word_1_49' title='bbox 1994 1071 2111 1119; x_wconf 90' lang='lat' dir='ltr'>nec</span> <span class='ocrx_word' id='word_1_50' title='bbox 2140 1052 2537 1135; x_wconf 81' lang='lat' dir='ltr'>displicuisse</span> 
     </span>
    </p>
   </div>
   <div class='ocr_carea' id='block_1_4' title="bbox 217 3481 2540 4481">
    <p class='ocr_par' dir='ltr' id='par_1_4' title="bbox 217 3481 2540 4481">
     <span class='ocr_line' id='line_1_7' title="bbox 220 3481 2539 3575; baseline 0.002 -26"><span class='ocrx_word' id='word_1_51' title='bbox 220 3481 486 3553; x_wconf 87' lang='lat' dir='ltr'>indoctus</span> <span class='ocrx_word' id='word_1_52' title='bbox 531 3486 806 3571; x_wconf 86' lang='lat' dir='ltr'>instruc,</span> <span class='ocrx_word' id='word_1_53' title='bbox 853 3492 951 3554; x_wconf 87' lang='lat' dir='ltr'>set</span> <span class='ocrx_word' id='word_1_54' title='bbox 996 3488 1051 3553; x_wconf 93' lang='lat' dir='ltr'>si</span> <span class='ocrx_word' id='word_1_55' title='bbox 1094 3508 1306 3555; x_wconf 92' lang='lat' dir='ltr'>meum</span> <span class='ocrx_word' id='word_1_56' title='bbox 1352 3509 1542 3575; x_wconf 88' lang='lat' dir='ltr'>super</span> <span class='ocrx_word' id='word_1_57' title='bbox 1585 3490 1705 3555; x_wconf 89' lang='lat' dir='ltr'>hoc</span> <span class='ocrx_word' id='word_1_58' title='bbox 1748 3490 2005 3573; x_wconf 81' lang='lat' dir='ltr'>negocio</span> <span class='ocrx_word' id='word_1_59' title='bbox 2053 3488 2383 3555; x_wconf 88' lang='lat' dir='ltr'>consilium</span> <span class='ocrx_word' id='word_1_60' title='bbox 2430 3487 2539 3553; x_wconf 84' lang='lat' dir='ltr'>ad-</span> 
     </span>
     <span class='ocr_line' id='line_1_8' title="bbox 218 3589 2540 3690; baseline 0.001 -24"><span class='ocrx_word' id='word_1_61' title='bbox 218 3601 492 3688; x_wconf 85' lang='lat' dir='ltr'>mittitur,</span> <span class='ocrx_word' id='word_1_62' title='bbox 541 3589 745 3670; x_wconf 81' lang='lat' dir='ltr'>dicam</span> <span class='ocrx_word' id='word_1_63' title='bbox 789 3603 977 3690; x_wconf 82' lang='lat' dir='ltr'>plane</span> <span class='ocrx_word' id='word_1_64' title='bbox 1023 3603 1188 3689; x_wconf 89' lang='lat' dir='ltr'>quod</span> <span class='ocrx_word' id='word_1_65' title='bbox 1234 3606 1456 3672; x_wconf 88' lang='lat' dir='ltr'>sentio.</span> <span class='ocrx_word' id='word_1_66' title='bbox 1532 3604 1775 3690; x_wconf 84' lang='lat' dir='ltr'>Regula</span> <span class='ocrx_word' id='word_1_67' title='bbox 1817 3605 1986 3673; x_wconf 84' lang='lat' dir='ltr'>beati</span> <span class='ocrx_word' id='word_1_68' title='bbox 2027 3604 2351 3672; x_wconf 87' lang='lat' dir='ltr'>Benedicti</span> <span class='ocrx_word' id='word_1_69' title='bbox 2397 3602 2540 3670; x_wconf 90' lang='lat' dir='ltr'>dili-</span> 
     </span>
     <span class='ocr_line' id='line_1_9' title="bbox 219 3719 2537 3807; baseline 0.001 -24"><span class='ocrx_word' id='word_1_70' title='bbox 219 3722 421 3799; x_wconf 84' lang='lat' dir='ltr'>genter</span> <span class='ocrx_word' id='word_1_71' title='bbox 465 3719 770 3805; x_wconf 86' lang='lat' dir='ltr'>inspecta,</span> <span class='ocrx_word' id='word_1_72' title='bbox 817 3719 1168 3787; x_wconf 83' lang='lat' dir='ltr'>cordacitus</span> <span class='ocrx_word' id='word_1_73' title='bbox 1214 3722 1549 3805; x_wconf 83' lang='lat' dir='ltr'>ruminata,</span> <span class='ocrx_word' id='word_1_74' title='bbox 1597 3721 1895 3807; x_wconf 90' lang='lat' dir='ltr'>quicquid</span> <span class='ocrx_word' id='word_1_75' title='bbox 1936 3726 2108 3788; x_wconf 82' lang='lat' dir='ltr'>vetet</span> <span class='ocrx_word' id='word_1_76' title='bbox 2152 3726 2260 3787; x_wconf 85' lang='lat' dir='ltr'>aut</span> <span class='ocrx_word' id='word_1_77' title='bbox 2304 3720 2537 3805; x_wconf 81' lang='lat' dir='ltr'>iubeat,</span> 
     </span>
     <span class='ocr_line' id='line_1_10' title="bbox 220 3834 2540 3920; baseline 0.003 -23"><span class='ocrx_word' id='word_1_78' title='bbox 220 3849 332 3899; x_wconf 89' lang='lat' dir='ltr'>non</span> <span class='ocrx_word' id='word_1_79' title='bbox 375 3834 760 3902; x_wconf 81' lang='lat' dir='ltr'>declinantes</span> <span class='ocrx_word' id='word_1_80' title='bbox 805 3835 886 3901; x_wconf 84' lang='lat' dir='ltr'>ad</span> <span class='ocrx_word' id='word_1_81' title='bbox 932 3835 1256 3903; x_wconf 81' lang='lat' dir='ltr'>dexteram</span> <span class='ocrx_word' id='word_1_82' title='bbox 1299 3856 1418 3904; x_wconf 90' lang='lat' dir='ltr'>nec</span> <span class='ocrx_word' id='word_1_83' title='bbox 1462 3836 1543 3903; x_wconf 84' lang='lat' dir='ltr'>ad</span> <span class='ocrx_word' id='word_1_84' title='bbox 1588 3837 1931 3920; x_wconf 80' lang='lat' dir='ltr'>sinistram,</span> <span class='ocrx_word' id='word_1_85' title='bbox 1977 3837 2128 3903; x_wconf 87' lang='lat' dir='ltr'>totis</span> <span class='ocrx_word' id='word_1_86' title='bbox 2157 3836 2397 3903; x_wconf 83' lang='lat' dir='ltr'>viribus</span> <span class='ocrx_word' id='word_1_87' title='bbox 2429 3835 2540 3903; x_wconf 81' lang='lat' dir='ltr'>ad-</span> 
     </span>
     <span class='ocr_line' id='line_1_11' title="bbox 217 3944 2540 4039; baseline 0.002 -25"><span class='ocrx_word' id='word_1_88' title='bbox 217 3944 445 4034; x_wconf 88' lang='lat' dir='ltr'>inplere</span> <span class='ocrx_word' id='word_1_89' title='bbox 488 3952 775 4035; x_wconf 79' lang='lat' dir='ltr'>satagite,</span> <span class='ocrx_word' id='word_1_90' title='bbox 821 3951 1277 4038; x_wconf 86' lang='lat' dir='ltr'>prestolaturus</span> <span class='ocrx_word' id='word_1_91' title='bbox 1290 3952 1314 3989; x_wconf 80' lang='lat'>¹³</span> <span class='ocrx_word' id='word_1_92' title='bbox 1354 3953 1502 4019; x_wconf 90' lang='lat' dir='ltr'>hinc</span> <span class='ocrx_word' id='word_1_93' title='bbox 1529 3953 1819 4020; x_wconf 84' lang='lat' dir='ltr'>bravium</span> <span class='ocrx_word' id='word_1_94' title='bbox 1847 3957 1993 4039; x_wconf 90' lang='lat' dir='ltr'>post</span> <span class='ocrx_word' id='word_1_95' title='bbox 2022 3973 2343 4019; x_wconf 87' lang='lat' dir='ltr'>emensum</span> <span class='ocrx_word' id='word_1_96' title='bbox 2370 3951 2540 4019; x_wconf 78' lang='lat' dir='ltr'>vitae</span> 
     </span>
     <span class='ocr_line' id='line_1_12' title="bbox 218 4066 2539 4155; baseline 0.003 -27"><span class='ocrx_word' id='word_1_97' title='bbox 218 4068 509 4147; x_wconf 86' lang='lat' dir='ltr'>presentis</span> <span class='ocrx_word' id='word_1_98' title='bbox 542 4067 834 4134; x_wconf 81' lang='lat' dir='ltr'>stadium.</span> <span class='ocrx_word' id='word_1_99' title='bbox 907 4066 1208 4154; x_wconf 88' lang='lat' dir='ltr'>Quodque</span> <span class='ocrx_word' id='word_1_100' title='bbox 1238 4069 1637 4154; x_wconf 82' lang='lat' dir='ltr'>subiungitis‚</span> <span class='ocrx_word' id='word_1_101' title='bbox 1674 4091 1784 4135; x_wconf 89' lang='lat' dir='ltr'>vos</span> <span class='ocrx_word' id='word_1_102' title='bbox 1816 4069 1986 4136; x_wconf 91' lang='lat' dir='ltr'>domi</span> <span class='ocrx_word' id='word_1_103' title='bbox 2013 4068 2263 4155; x_wconf 85' lang='lat' dir='ltr'>lapsum</span> <span class='ocrx_word' id='word_1_104' title='bbox 2294 4073 2539 4135; x_wconf 91' lang='lat' dir='ltr'>susten-</span> 
     </span>
     <span class='ocr_line' id='line_1_13' title="bbox 220 4182 2540 4271; baseline 0.002 -26"><span class='ocrx_word' id='word_1_105' title='bbox 220 4182 341 4247; x_wconf 78' lang='lat' dir='ltr'>tare</span> <span class='ocrx_word' id='word_1_106' title='bbox 394 4202 519 4250; x_wconf 90' lang='lat' dir='ltr'>non</span> <span class='ocrx_word' id='word_1_107' title='bbox 574 4203 792 4270; x_wconf 88' lang='lat' dir='ltr'>posse,</span> <span class='ocrx_word' id='word_1_108' title='bbox 846 4203 975 4250; x_wconf 89' lang='lat' dir='ltr'>non</span> <span class='ocrx_word' id='word_1_109' title='bbox 1034 4185 1124 4251; x_wconf 91' lang='lat' dir='ltr'>sic</span> <span class='ocrx_word' id='word_1_110' title='bbox 1175 4184 1615 4270; x_wconf 82' lang='lat' dir='ltr'>intelligimus,</span> <span class='ocrx_word' id='word_1_111' title='bbox 1672 4186 1798 4252; x_wconf 90' lang='lat' dir='ltr'>nisi</span> <span class='ocrx_word' id='word_1_112' title='bbox 1839 4205 2022 4253; x_wconf 90' lang='lat' dir='ltr'>nemo</span> <span class='ocrx_word' id='word_1_113' title='bbox 2071 4185 2240 4271; x_wconf 84' lang='lat' dir='ltr'>apud</span> <span class='ocrx_word' id='word_1_114' title='bbox 2282 4205 2393 4251; x_wconf 81' lang='lat' dir='ltr'>vos</span> <span class='ocrx_word' id='word_1_115' title='bbox 2437 4182 2540 4250; x_wconf 82' lang='lat' dir='ltr'>vel</span> 
     </span>
     <span class='ocr_line' id='line_1_14' title="bbox 224 4299 2538 4387; baseline 0.002 -26"><span class='ocrx_word' id='word_1_116' title='bbox 224 4299 513 4383; x_wconf 73' lang='lat' dir='ltr'>corporali</span> <span class='ocrx_word' id='word_1_117' title='bbox 573 4299 677 4367; x_wconf 82' lang='lat' dir='ltr'>vel</span> <span class='ocrx_word' id='word_1_118' title='bbox 740 4300 1014 4387; x_wconf 81' lang='lat' dir='ltr'>spiritali</span> <span class='ocrx_word' id='word_1_119' title='bbox 1080 4300 1398 4369; x_wconf 83' lang='lat' dir='ltr'>iuvamine</span> <span class='ocrx_word' id='word_1_120' title='bbox 1463 4301 1754 4386; x_wconf 83' lang='lat' dir='ltr'>indigens</span> <span class='ocrx_word' id='word_1_121' title='bbox 1820 4302 2192 4387; x_wconf 75' lang='lat' dir='ltr'>reperiatur.</span> <span class='ocrx_word' id='word_1_122' title='bbox 2285 4300 2538 4387; x_wconf 90' lang='lat' dir='ltr'>Optime</span> 
     </span>
     <span class='ocr_line' id='line_1_15' title="bbox 224 4410 466 4481; baseline 0.017 -4"><span class='ocrx_word' id='word_1_123' title='bbox 224 4410 466 4481; x_wconf 76' lang='lat' dir='ltr'>valete“.</span> 
     </span>
    </p>
   </div>
   <div class='ocr_carea' id='block_1_5' title="bbox 355 4551 1387 4620">
    <p class='ocr_par' dir='ltr' id='par_1_5' title="bbox 355 4551 1387 4620">
     <span class='ocr_line' id='line_1_16' title="bbox 355 4551 1387 4620; baseline 0.004 -18"><span class='ocrx_word' id='word_1_124' title='bbox 355 4569 397 4602; x_wconf 74' lang='grc' dir='ltr'>ι.</span> <span class='ocrx_word' id='word_1_125' title='bbox 426 4551 765 4620; x_wconf 64' lang='grc' dir='ltr'>ψρωᾲιιςιιιῐο</span> <span class='ocrx_word' id='word_1_126' title='bbox 797 4576 836 4605; x_wconf 85' lang='lat' dir='ltr'>c.</span> <span class='ocrx_word' id='word_1_127' title='bbox 958 4557 1004 4604; x_wconf 85' lang='lat' dir='ltr'>b.</span> <span class='ocrx_word' id='word_1_128' title='bbox 1036 4557 1315 4618; x_wconf 60' lang='lat' dir='ltr'>§efflaturus</span> <span class='ocrx_word' id='word_1_129' title='bbox 1347 4577 1387 4606; x_wconf 85' lang='lat' dir='ltr'>c.</span> 
     </span>
    </p>
   </div>
  </div>
 </body>
</html>
