3319 5242
763 430 895 498 322
1438 449 1737 500 wmALm
1778 451 2153 501 nrm-om
2193 452 2301 499 Μ.
2332 452 2438 499 203.

587 594 726 650 1149
760 590 1085 658 immutari
1141 590 1181 657 ά
1236 590 1464 658 domno
1521 614 1672 677 rege
1728 593 2043 662 deberent.
2227 595 2323 662 Tu
2367 615 2548 681 vero,
2606 615 2754 663 cum
2807 594 3089 663 familiari

597 722 711 779 Aug.
762 726 1049 773 sermone
1094 706 1263 794 apud
1304 728 1420 775 nos
1464 707 1941 777 Frankenevort
1957 685 2249 779 ‘utereris
2264 761 2284 796 ‚
2331 712 2552 779 dixisti
2595 712 2812 797 nobis,
2858 719 2963 798 ut,
3006 733 3089 780 re-

761 828 945 909 cepta
997 824 1266 911 pecunia
1319 844 1510 910 qnam
1556 826 1959 913 dederamus,
2017 828 2306 916 predicta
2359 828 2498 895 loca
2547 828 2751 897 libera
2792 828 3090 916 relinque-

757 959 999 1022 remus3
1048 939 1215 1026 quod
1244 941 1505 1008 verbum
1543 943 1738 1010 etiam
1765 943 1836 1009 in
1866 942 2206 1012 Saxoniam
2239 946 2451 1012 sonuit
2495 950 2557 1013 et
2594 966 2711 1013 nos
2753 965 2831 1013 ae
2859 952 3091 1013 nostros

735 3386 905 3471 regis
952 3408 1066 3474 per
1110 3395 1436 3475 presentes
1481 3391 1747 3460 nuncios
1792 3394 1952 3461 certi
1994 3392 2132 3462 fieri
2180 3394 2626 3464 desideramus.

741 3615 919 3687 203.
959 3619 1292 3688 Heinricue
1336 3626 1548 3691 curiae
1591 3629 1805 3714 reyiae
1846 3629 2128 3693 notarius
2170 3627 2452 3696 Wibaldo
2495 3629 2838 3718 siymficat,
2885 3652 3076 3718 regem

938 3740 1017 3802 ‚ei
1045 3737 1290 3825 favere.
2763 3743 2877 3826 (Μ.
2909 3743 3073 3824 202.)

516 3881 654 3936 1149
914 3869 1187 3938 Domino
1257 3893 1370 3939 suo
1428 3872 1771 3959 Wfibaldo)
1842 3876 2055 3945 abbati
2111 3876 2478 3946 corbeiensi
2536 3876 2874 3946 Heinrieus
2935 3896 3072 3947 suus

464 3953 563 4001 ⁰⁰*
585 3955 698 4001 ΝΜ·
735 3985 1064 4054 servitium
1110 3989 1295 4055 servi.
2823 3999 2831 4005 '

910 4103 1135 4171 Frater
1178 4104 1486 4173 Iohannes
1502 4103 1525 4137 ²
1570 4108 1802 4175 domno
1847 4109 1982 4193 regi
2028 4109 2339 4196 pericula,
2393 4110 2642 4196 damna,
2688 4109 3070 4179 incommoda

733 4224 943 4288 vestra
995 4242 1293 4309 expresse
1339 4223 1596 4291 detexit.
1690 4225 1826 4310 Ego
1871 4246 2019 4293 vero
2065 4226 2310 4294 litteras
2357 4233 2598 4294 vestras
2643 4228 2724 4295 de
2766 4229 2954 4297 verbo
2994 4225 3067 4293 ad

733 4337 994 4404 verbum
1046 4339 1104 4405 ei
1141 4340 1433 4427 exposui;
1483 4346 1546 4408 et
1582 4341 1664 4408 ad
1693 4343 2092 4409 commodum
2133 4364 2361 4412 causae
2390 4349 2637 4413 vestrae
2669 4346 2938 4432 quedam
2962 4362 3065 4432 pro

877 4495 919 4528 a..
960 4495 1019 4528 ne
1049 4484 1217 4542 scripsi
1240 4500 1327 4543 pro
1357 4486 1411 4532 ut
1442 4484 1546 4531 cod.

878 4570 927 4622 1.
965 4569 1057 4624 Ps.
1082 4570 1169 4637 68,
1200 4569 1286 4624 10.
1430 4571 1483 4627 2.
1518 4568 1958 4629 Fritheselensis.
