3319 5242
502 1535 642 1591 1062

703 436 794 503 40
1459 455 1773 504 Annuus
1820 456 2282 505 consummas

702 596 906 664 ricum
960 600 1109 664 voto
1179 603 1245 664 et
1295 597 1511 665 favore
1566 599 1846 666 maximo
1900 598 2120 687 populi
2175 598 2444 668 Romani
2497 600 2825 667 coronavit
2870 600 3052 688 inpe-

700 718 996 779 ratorem.

884 831 1075 897 1047.
1147 827 1437 895 Clemens
1481 850 1652 917 papa
1696 830 1914 897 obivit.

885 945 1075 1012 1050.
1144 943 1545 1013 Routhardus
1583 947 1777 1013 abbas
1809 947 2165 1033 deponitur,
2211 949 2315 1014 cui
2341 947 2664 1015 Arnoldus
2681 944 2699 976 ¹
2726 949 3047 1016 successit.

882 1060 1072 1128 1055.
1142 1060 1467 1128 Amoldus
1514 1062 1707 1129 abbas
1754 1064 1911 1131 obiit
1922 1059 1964 1130 ¹.

778 1164 783 1177 ’
881 1178 1070 1244 1056.
1143 1176 1420 1244 Sat-acho
1456 1178 1805 1246 ordinatur.
1853 1179 2187 1247 Heinricus
2217 1180 2305 1247 III
2327 1181 2516 1264 obiit3
2545 1179 2714 1247 filius
2749 1181 3047 1248 succedit.

879 1294 1069 1361 1059.
1139 1292 1572 1379 Routhardus‚
1630 1294 1826 1363 abbas
1877 1302 2094 1364 noster
2137 1297 2461 1384 depositus
2475 1347 2494 1382 ,
2549 1296 2824 1365 Herveld
2880 1297 3051 1365 ordi-

695 1413 884 1475 natur
894 1403 945 1474 ’.ι

878 1526 1067 1592 1063.
1140 1524 1362 1610 Pugna
1391 1524 1719 1594 Goslariae
1757 1527 1827 1594 in
1869 1528 2134 1596 ecclesia
2158 1548 2276 1616 pro
2308 1528 2718 1616 dispositione
2746 1528 3045 1596 sellarum

698 1640 978 1728 episcopi
1032 1640 1372 1709 Hezelonis
1418 1640 2075 1712 Hildinisheimensis⁴
2121 1651 2185 1711 et
2227 1643 2550 1712 Wideradi
2604 1645 2849 1713 abbatis
2894 1644 3045 1712 Ful-

469 1769 581 1819 noc.
601 1771 661 1818 25
697 1756 938 1840 densiS,
995 1757 1197 1844 priori
1252 1759 1389 1825 vice
1445 1760 1513 1824 in
1571 1760 1673 1827 die
1729 1761 1960 1827 natalis
2005 1761 2264 1828 Domini
2309 1762 2391 1826 ad
2434 1782 2762 1848 vesperam
2807 1763 3049 1849 absque

503 1857 642 1912 1063

494 1930 593 1977 Iun.
615 1932 644 1978 8

694 1872 941 1957 gladiis,
990 1875 1265 1941 secunda
1309 1875 1446 1941 vice
1488 1875 1559 1941 in
1601 1881 1965 1963 pentecoste
2010 1877 2204 1943 etiam
2248 1877 2494 1962 gladiis,

877 1991 1067 2056 1065.
1137 1988 1471 2057 Willehem
1513 1992 1835 2078 basthard‚
1881 1992 2163 2076 legitimo
2194 2014 2343 2078 rege
2371 1993 2724 2078 Anglorum
2756 1992 3049 2080 expulso,

691 2125 957 2189 regnum
1026 2106 1149 2172 sibi
1217 2107 1507 2193 arripuit.
1621 2109 1819 2175 Nicea
1894 2114 2101 2177 terrae
2174 2115 2351 2177 motu
2419 2130 2498 2177 ex
2564 2129 2796 2196 magna
2856 2115 3050 2196 parte

693 2242 912 2289 eversa
958 2227 1071 2288 est.

878 2340 1069 2405 1067.
1151 2337 1286 2404 Rex
1346 2338 1657 2425 quaedam
1715 2340 1976 2408 castella
2033 2342 2100 2408 in
2158 2340 2472 2410 Saxoniae
2522 2340 2753 2410 finibus
2807 2343 3046 2430 posuit.

693 2454 1095 2539 Adelbertus,
1143 2474 1287 2520 cum
1335 2454 1689 2524 Saxonibus
1734 2476 2106 2542 congressus
2148 2459 2350 2526 missu
2392 2460 2583 2544 rogis,
2628 2460 2801 2526 vicit.

878 2572 1068 2639 1070.
1141 2570 1289 2638 Otto
1320 2570 1753 2640 Bawariorum
1783 2573 2080 2641 ducatum
2111 2575 2343 2642 amisit.
2404 2575 2525 2655 Qui
2551 2577 2734 2643 iuxta
2758 2574 3050 2645 Eskene-

692 2684 864 2773 wog‘
893 2688 1158 2754 multam
1188 2688 1508 2756 hominum
1554 2690 1772 2756 cedem
1802 2690 1968 2756 fecit.
2107 2691 2641 2778 Quindelincburg
2670 2698 2894 2761 exusta
2923 2699 3046 2760 est.

876 2806 1067 2871 1087.
1137 2804 1471 2874 Willehem
1515 2806 1818 2874 basthard
1863 2807 2038 2874 obiit.

877 2923 1067 2989 1088.
1137 2920 1355 3007 Buggo
1401 2918 1769 3011 episcopus⁶
1817 2921 2142 2990 Goslariao
2184 2925 2254 2990 in
2297 2924 2605 2992 seditione
2650 2925 2891 2992 occisus
2922 2931 3046 2993 est.

879 3039 1069 3105 1089.
1138 3037 1524 3123 Egkibertus
1590 3039 1873 3107 marchio
1936 3040 2224 3108 Udonem
2291 3042 2657 3128 episcopum
2709 3041 3050 3110 Hildenes-

691 3153 1079 3221 heimensem
1124 3156 1308 3242 cepit.

876 3271 1067 3337 1090.
1136 3270 1525 3338 Ekkibertus
1590 3271 1871 3338 marchio
1925 3271 1995 3337 in
2050 3272 2325 3358 quodam
2377 3272 2735 3341 molendino
2790 3274 3051 3343 insidiis

739 3386 902 3452 eriit.

692 3406 735 3472 p
877 3501 1069 3568 1092.
1141 3500 1510 3568 Counradus
1543 3498 1786 3570 comes⁷
1816 3522 1960 3570 cum
1988 3504 2208 3572 multis
2240 3503 2380 3571 aliis
2413 3525 2452 3571 3
2479 3503 3052 3575 Morsaciensibus⁸

694 3618 933 3684 occisus
979 3622 1094 3683 est.

838 3757 889 3811 1.
938 3755 986 3811 is
1029 3771 1175 3812 anno
1213 3755 1349 3812 1051
1402 3756 1564 3813 etiam
1601 3757 2089 3817 Laureshameusis
2133 3759 2307 3817 abbas
2353 3759 2560 3831 factus,
2606 3761 2872 3819 ecclesiae
2920 3761 3051 3834 Spi-

695 3845 844 3901 rensi
878 3860 1136 3915 praeesse
1172 3846 1467 3915 episcopus
1504 3847 1690 3916 coepit
1723 3864 1869 3904 anno
1897 3851 2063 3921 10543
2101 3854 2165 3906 ut
2197 3850 2377 3920 liquet
2406 3851 2756 3920 potissimum
2779 3867 2849 3908 ex
2873 3851 3054 3911 Chro-

696 3935 823 3990 nico
844 3933 1303 4014 Laureshamensi
1329 3935 1539 4001 (Codex
1555 3936 1819 3992 Lauresh.
1837 3938 2170 3995 Mannhcmii
2197 3940 2336 3996 1768
2358 3941 2425 3995 Τ.
2445 3939 2493 4005 Ι)
2518 3955 2575 4009 p.
2597 3941 2718 3996 176.
2812 3942 2862 3996 2.
2890 3941 2988 3998 die
3013 3945 3052 4001 2

695 4022 841 4091 Oct„
900 4027 962 4077 ut
1019 4023 1186 4078 docet
1239 4027 1297 4079 et
1343 4024 1640 4094 catalogus
1696 4026 1957 4083 abbatum
2004 4026 2148 4083 infra
2200 4032 2258 4084 et
2299 4028 2693 4084 Kalendarium
2740 4028 3053 4087 Lauresha-

695 4126 885 4168 mense
919 4126 1007 4180 ap.
1043 4111 1317 4169 Boehmer
1350 4113 1511 4169 Font.
1543 4113 1642 4169 111.
1686 4116 1806 4170 150.
1949 4117 2003 4171 3.
2041 4114 2127 4173 Cf.
2164 4115 2444 4173 Lamberti
2479 4116 2726 4173 Annales
2771 4117 2842 4173 ad
2881 4119 3049 4177 1059.

695 4203 750 4258 4.
807 4200 1198 4258 1054-10‘19.
1340 4202 1393 4257 5.
1450 4202 1757 4275 Eschwege
1809 4205 1881 4259 ad
1927 4205 2178 4262 werram
2231 4205 2285 4261 fl.
2413 4207 2485 4262 ’6.
2540 4206 3049 4266 Halberstadensis.

698 4291 746 4346 7.
803 4289 874 4346 de
907 4290 1114 4347 Werla.
1255 4292 1308 4347 8.
1344 4292 1567 4348 Fresiac
1603 4293 1888 4349 orientalis
1921 4294 2138 4350 incolis.
2185 4295 2254 4351 V.
2278 4294 2482 4351 Annal.
2506 4296 2847 4353 Hildoshcm.
2872 4298 3048 4354 1092:

695 4396 770 4451 „a
792 4379 1126 4437 Fresonibus
1149 4382 1367 4437 occisus
1392 4382 1542 4453 est“;
1576 4382 1853 4438 Annalist.
1881 4382 2009 4438 Sax.
2038 4383 2202 4438 1092:
2238 4400 2311 4454 „a
2333 4385 2687 4455 Froeonibus,
2722 4386 2816 4456 qui
2850 4385 3052 4443 dicun·

692 4474 787 4524 tur
808 4470 1102 4540 Morseton‚
1126 4471 1343 4526 occisus
1366 4459 1453 4526 est
1464 4471 1508 4525 “.
1540 4470 1626 4528 Cf.
1649 4471 1856 4528 Annal.
1879 4472 2228 4541 Egmundan.
2254 4474 2394 4529 1163
2419 4474 2587 4541 (Mon.
2611 4473 2711 4530 SS.
2733 4474 2886 4531 XVI.
2910 4476 3049 4543 463)

695 4558 796 4629 „In
830 4559 1020 4615 Fresia
1055 4559 1352 4630 superiori,
1390 4575 1533 4630 quae
1569 4559 1840 4617 Saxoniae
1877 4562 2220 4619 contermina
2254 4567 2342 4619 est
2375 4567 2432 4619 et
2464 4567 2696 4620 vocatur
2731 4563 3049 4621 Mox-satia!
