3319 5242
1271 1083 1744 1170 ANNALES
1813 1086 2484 1172 CORBEIENSES

992 1230 1124 1314 ET
1175 1227 2048 1315 CHRONOGRAPHUS
2097 1230 2753 1316 CORBEIENSIS.

712 1502 862 1607 Qui
904 1527 1153 1614 primus
1205 1524 1359 1590 hoec
1412 1526 1644 1612 scripta
1699 1526 1766 1590 in
1821 1526 2143 1613 publicum
2188 1528 2454 1614 protulit
2459 1575 2478 1609 ,
2545 1526 3012 1616 Harmberyim
3028 1525 3044 1555 ¹

703 1665 839 1708 eum
885 1653 943 1707 et
984 1643 1298 1728 imperitia
1344 1651 1401 1705 et
1441 1641 1696 1706 libidine
1734 1643 2095 1728 gravissime
2140 1664 2217 1707 ea
2260 1645 2657 1730 committet,
2710 1668 2954 1710 summa
2999 1669 3041 1711 a

700 1759 901 1822 Paulo
962 1750 1325 1844 Wiyandio'·
1370 1758 1436 1822 in
1480 1758 1874 1824 describendo
1922 1759 2130 1823 codice
2181 1758 2458 1825 adhibita
2502 1761 2850 1847 diliqentia,
2910 1764 3041 1826 iam

692 1877 959 1961 propius
1001 1873 1089 1937 ad
1120 1896 1332 1938 veram
1361 1896 1574 1938 eorum
1603 1872 1888 1961 sormam
1919 1875 2171 1939 accessit
2196 1869 2529 1940 Per-tm&
2609 1877 3042 1944 Verumtamen

700 2012 923 2055 nocam
965 1989 1128 2054 hane
1173 1990 1497 2054 editionem
1542 2000 2014 2076 comparaturus
2023 2040 2042 2070 ‚
2099 2014 2238 2056 ctam
2279 1994 2622 2057 necessario
2665 1995 2870 2080 ipsum
2917 2017 3038 2082 quo

701 2107 1085 2171 continentur
1140 2105 1436 2192 opuscula
1492 2106 1760 2170 codicem
1773 2154 1791 2185 ‚
1862 2128 2028 2171 nunc
2077 2108 2145 2171 in
2199 2109 2505 2173 tabulario
2565 2109 3041 2176 Monosteriensi

700 2232 1093 2302 asservatum,
1144 2220 1435 2286 adhibere
1476 2223 1837 2303 statuissem,
1884 2224 1939 2286 is
1984 2224 2241 2309 benique
2280 2246 2356 2289 ae
2383 2224 2717 2291 liberaliter
2744 2226 2864 2291 huc
2889 2228 3036 2292 mis·

698 2361 800 2401 sus
860 2349 916 2402 et
972 2338 1060 2402 ad
1112 2337 1381 2402 tollenda
1434 2360 1560 2402 non
1608 2360 1821 2424 pauca
1877 2339 2028 2403 vitia
2081 2340 2327 2426 einyula
2383 2351 2443 2405 et
2496 2343 2585 2406 ad
2626 2345 2806 2407 totius
2848 2343 3038 2409 libelli

688 2464 906 2540 partes
950 2454 1409 2539 distinyuendae
1440 2454 1785 2540 plurimum
1829 2452 1983 2519 mihi
2012 2455 2279 2541 profuit.

880 2570 1087 2635 Codex
1143 2571 1333 2657 iqitur
1376 2570 1906 2653 membranaceus,
1962 2581 2206 2636 notatum
2251 2569 2279 2637 Ι
2322 2569 2395 2637 Β.
2429 2571 2595 2657 243,
2655 2597 2837 2663 quem
2880 2600 3034 2666 quo-

695 2686 878 2751 modo
938 2708 1101 2751 anno
1148 2685 1325 2751 1634
1382 2689 1459 2753 ab
1504 2689 1753 2752 interitu
1792 2686 1941 2775 sors
1980 2686 2252 2775 fortuna
2308 2690 2645 2755 detraxerit
2696 2693 2762 2756 in
2818 2692 3037 2760 charta

696 2803 946 2888 teymini
990 2804 1286 2867 anteriori
1330 2803 1715 2890 ayylutinata
1757 2802 2094 2868 ‘monachus
2140 2804 2517 2871 corbeiensis
2560 2808 2882 2894 diliqenter
2927 2833 3035 2875 ex-

683 2919 900 3005 posuit
909 2912 951 3000 ⁴,
996 2918 1179 2983 hodie
1192 2919 1531 2983 duodecim
1562 2917 1736 3006 solia
1765 2919 2224 3007 comprehendit
2252 2924 2494 3009 partim
2521 2924 2763 3011 integra
2793 2929 3038 3011 partim

837 3073 889 3128 1.
935 3073 992 3128 in
1038 3074 1406 3130 Monumentis
1449 3072 1731 3130 historicis
1775 3074 1957 3131 adhuc
1999 3075 2242 3132 ineditis.
2292 3076 2728 3149 Braunschweig
2775 3081 2930 3136 1758.
2986 3082 3035 3138 1.

697 3161 887 3217 1—45.
995 3163 1048 3218 2.
1085 3162 1142 3217 in
1177 3160 1390 3218 Archiv
1426 3161 1518 3219 fiir
1552 3162 1888 3220 Geschichte
1923 3164 2038 3220 und
2070 3163 2607 3224 Alterthumskunde
2641 3168 3038 3239 Westphalens

693 3250 763 3307 V.
802 3251 1014 3306 1-26,
1122 3253 1175 3307 3.
1212 3252 1269 3306 in
1304 3252 1642 3307 Monument.
1670 3252 1857 3308 Germ.
1879 3253 2008 3310 hist.
2035 3253 2133 3310 SS.
2160 3255 2260 3310 111.
2292 3255 2401 3308 1—
2421 3256 2504 3311 18.
2609 3258 2663 3312 4.
2700 3257 2806 3314 hoc
2838 3265 3035 3329 pacto:

694 3339 1125 3408 „Fragmentum
1170 3339 1279 3395 hoc
1322 3339 1451 3394 libri
1498 3342 1831 3410 pervetusti,
1879 3342 1936 3398 in
1983 3358 2093 3412 quo
2138 3343 2320 3399 adhuc
2364 3344 2519 3399 varia
2563 3346 2853 3402 ecclesiam
2890 3348 3038 3406 hanc

695 3426 1081 3483 Corbeiensem
1118 3430 1505 3484 concernentia
1548 3433 1606 3484 et
1648 3430 1759 3485 alia
1795 3431 2059 3488 historica
2104 3436 2366 3488 annotata
2410 3434 2698 3504 leg-untur,
2743 3436 3035 3495 inventum
3157 3432 3170 3452 ⁹

693 3515 896 3572 dicitur
930 3516 1080 3585 apud
1114 3516 1488 3587 bibliopegam
1524 3518 1595 3572 Μ.
1621 3519 1846 3575 Petrum
1884 3522 2070 3591 Pilger
2103 3522 2380 3578 Huxariae
2425 3538 2569 3578 anuo
2607 3525 2772 3594 1634,
2819 3526 3038 3584 scilicet

693 3609 822 3674 post
856 3605 1321 3676 expugnationem
1356 3606 1673 3675 praedictae
1708 3609 1879 3665 urbis.
1933 3611 2053 3676 Quo
2088 3615 2336 3680 tempore
2372 3628 2406 3666 a
2428 3612 2725 3669 victorioso
2761 3615 2939 3672 milite
2974 3618 3035 3673 in

692 3695 871 3764 prima
915 3692 1058 3749 furia
1103 3695 1249 3750 inter
1291 3700 1510 3751 caetera
1555 3696 1721 3752 etiam
1767 3699 2165 3767 pretiosissima
2209 3715 2459 3769 quaeque
2505 3704 2821 3759 monasterii
2855 3708 3035 3763 nostri

694 3783 1063 3853 Corbeiensis,
1114 3799 1258 3853 quae
1295 3785 1781 3842 reverendissimus
1816 3787 2072 3844 dominus
2105 3788 2277 3844 abbas
2312 3789 2390 3845 ibi
2423 3805 2597 3859 penes
2632 3808 2718 3861 se,
2765 3798 3035 3865 tanquam

692 3872 748 3926 in
786 3887 982 3927 secura
1017 3873 1270 3929 custodia
1303 3872 1599 3944 detinebat,
1637 3891 1737 3945 pro
1773 3876 1945 3947 dolor,
1983 3877 2198 3946 direpta
2235 3882 2380 3933 sunt.
2436 3879 2722 3950 Reliquam
2746 3883 2874 3939 libri
2908 3901 3034 3954 par-

692 3966 803 4017 tem
838 3961 1154 4031 praedictus
1188 3961 1507 4034 bibliopega
1540 3964 1648 4019 iam
1686 3970 1803 4020 tum
1841 3966 2188 4022 consciderat
2214 3971 2272 4022 et
2293 3976 2721 4039 consumpserat.
2781 3972 3035 4044 Cumque

690 4050 884 4107 eodem
934 4058 1182 4120 tempore
1229 4050 1561 4108 documenta
1605 4060 1794 4110 nostra
1837 4055 2079 4111 literaria
2121 4073 2158 4111 a
2199 4054 2416 4114 furente
2461 4060 2636 4115 milite
2677 4077 2746 4116 ex
2783 4061 2938 4118 cistis
2972 4064 3033 4119 vi

691 4140 933 4196 effractis
969 4144 1028 4195 et
1061 4141 1473 4209 perscrutandis
1508 4143 1687 4199 eiecta
1714 4147 1771 4198 et
1793 4143 2042 4213 dispersa
2066 4146 2192 4216 sint,
2228 4146 2358 4202 hinc
2383 4148 2577 4204 mirum
2604 4166 2713 4205 non
2739 4155 2840 4220 est,
2878 4153 3033 4220 quod

691 4230 865 4284 multa
899 4229 1082 4299 sigilla
1116 4231 1229 4286 sint
1263 4229 1543 4287 confracta
1577 4237 1675 4287 aut
1710 4233 1932 4303 penitus
1976 4251 2011 4289 a
2048 4235 2221 4292 literis
2257 4242 2534 4307 separata,
2583 4254 2710 4293 cum
2757 4239 3034 4297 iacuerint

690 4318 794 4374 sub
831 4318 1068 4388 pedibus
1103 4321 1545 4376 conculcantium
1591 4325 1650 4376 et
1692 4323 2144 4380 tumultuantium
2191 4326 2451 4396 militum,
2499 4326 2675 4383 donec
2710 4328 2886 4384 altera
2919 4330 3030 4401 die,

689 4408 881 4464 sedato
917 4409 1139 4478 paulum
1176 4411 1432 4480 tumultu,
1470 4410 1579 4480 illa,
1617 4426 1760 4481 quae
1795 4412 1980 4468 ablata
2015 4418 2074 4468 et
2107 4414 2323 4484 direpta
2351 4432 2460 4471 non
2489 4414 2723 4485 fuerant,
2759 4418 2960 4474 iterum
2996 4437 3033 4498 a

690 4497 893 4553 nostris
940 4498 1051 4554 sint
1097 4499 1347 4555 collecta.
1431 4500 1517 4555 Ita
1571 4501 1760 4555 notavi
1813 4516 1882 4555 ex
1929 4502 2193 4561 relatione
2245 4505 2520 4562 seniorum
2567 4511 2879 4563 nostrorum
2921 4525 3030 4580 ego

690 4584 858 4642 frater
891 4587 1205 4644 Fridericus
1240 4586 1713 4657 (Sc)henckhausz
1746 4606 1892 4647 anno
1930 4592 2070 4647 1670
2079 4590 2121 4648 “.
