3319 5242
713 438 848 506 554
1381 453 1680 502 wmALm
1722 449 2097 500 nusi-onan
2136 449 2246 497 41⁷.
2280 449 2389 496 418.

521 605 662 660 1153
714 603 970 666 sanctae
1023 596 1342 665 Romanae
1410 595 1748 663 aecclesiae
1806 592 2159 661 cardinales
2216 598 2281 660 et
2333 590 2528 677 legati
2597 589 2825 658 dilecto
2875 590 3043 657 tratri

503 693 542 726 ⁶·
566 680 681 738 Μ’
714 713 1056 797 wibaldo)
1102 712 1468 781 Corboiensi
1514 712 1728 780 abbati
1774 711 2062 779 salutem.

896 830 1073 898 Sicut
1123 851 1238 917 per
1284 830 1410 898 alia
1450 829 1834 896 fraternitati
1878 832 2024 895 tuae
2069 826 2309 913 scripta
2351 832 2466 891 nos
2512 824 2799 891 misisse·
2842 823 3052 890 memi-

717 949 946 1034 nimus,
999 948 1094 1014 ita
1139 947 1341 1014 denuo
1386 946 1669 1034 presenti
1713 945 1948 1032 scripto
1993 943 2387 1027 mandamus,
2434 941 2729 1028 quatinus
2774 941 3054 1027 proxima

719 1070 944 1151 quarta
985 1064 1146 1131 feria
1187 1063 1542 1150 Erbipolim
1587 1062 1668 1129 ad
1713 1082 1828 1128 nos
1873 1062 2126 1144 venias;
2183 1059 2292 1126 ubi
2339 1058 2560 1125 eodem
2602 1056 2878 1125 termino
2926 1076 3057 1123 cum

717 1204 864 1267 rege
910 1202 1126 1248 sumus
1172 1180 1450 1247 habituri
1496 1179 1895 1264 colloquium.
2039 1176 2203 1256 Quia
2243 1195 2394 1242 vero
2442 1173 2887 1242 stabulensem
2932 1193 3059 1239 aec-

718 1300 975 1366 clesiam
1008 1317 1162 1365 vera
1207 1297 1274 1363 in
1319 1296 1592 1363 Domino
1638 1296 1901 1362 caritate
1945 1293 2267 1377 diligimus
2314 1296 2378 1359 et
2421 1292 2502 1358 ad
2549 1292 2683 1358 eius
2726 1290 3062 1356 utilitatem

715 1416 985 1483 libenter
1028 1413 1432 1497 intendimus,
1477 1411 1922 1479 nichilominus
1967 1410 2085 1476 tibi
2130 1407 2526 1492 mandamuS,
2571 1413 2642 1474 ut
2689 1407 2772 1474 ad
2817 1426 2937 1473 nos
2979 1407 3063 1472 ita

1853 1526 2159 1612 lloquium
2205 1530 2495 1591 nostrum
2539 1523 2805 1591 honeste
2848 1524 2947 1590 ire
2990 1521 3063 1589 ad

1852 1877 1972 1941 sibi
1998 1885 2335 1957 succurrat,
2367 1873 2711 1939 hortantur.
2762 1868 2876 1952 (Μ
2892 1871 3065 1951 400.)

523 2026 665 2082 1153
1904 2007 2075 2095 patri
2133 2028 2244 2074 suo
2302 2013 2367 2074 et
2422 2005 2677 2072 domino
2723 2003 3064 2086 W(ibaldo)

504 2114 544 2148 ⁰⁸
568 2102 683 2160 ΜΕ·
720 2151 1112 2199 διαοωθιιειε
1174 2151 1469 2195 aecclesie
1523 2124 1869 2192 veneraturi
1930 2123 2143 2191 abbati
2200 2126 2335 2189 tota
2388 2122 2672 2189 eiusdem
2730 2121 3067 2188 aecclesiae

716 2247 1137 2334 congregatio,
1184 2244 1479 2333 quicquid
1524 2242 1630 2329 pio
1678 2241 1847 2329 patri
1891 2240 2103 2307 devoti
2147 2239 2376 2306 debent
2419 2236 2555 2304 filii.

893 2364 1158 2444 Quantis
1231 2359 1711 2430 necessitatibus
1781 2358 2102 2440 astrictos,
2168 2355 2421 2442 quantis
2488 2353 3066 2443 perturbationibus

718 2483 939 2552 anxios
984 2479 1373 2570 presentium
1418 2477 1585 2542 lator
1628 2475 1895 2542 nuncius
1939 2478 2148 2540 vester
2191 2491 2308 2538 nos
2354 2471 2688 2555 invenerit,
2744 2490 2936 2535 suum
2980 2473 3069 2536 est

717 2601 943 2670 dicere.
1007 2596 1311 2665 Filiorum
1346 2599 1552 2661 autem
1586 2598 1942 2660 vestrorum
1972 2594 2087 2675 est,
2125 2588 2235 2655 ubi
2264 2588 2523 2676 proprie
2552 2586 2721 2654 vires
2752 2584 3068 2671 deficiunt,

714 2719 892 2807 pium
938 2720 1187 2805 patrem
1231 2714 1523 2779 invocare
1569 2715 1633 2778 et
1676 2708 2033 2796 presentiae
2064 2727 2213 2773 suae
2245 2704 2581 2789 benignam
2612 2704 3070 2792 protectionem

714 2834 1039 2903 humiliter
1095 2830 1452 2919 implorare.
1547 2826 1885 2911 Hucusque
1941 2822 2282 2909 siquidem,
2340 2827 2523 2908 pater
2575 2820 2952 2905 karissime,
3006 2820 3073 2885 in

718 2952 1056 3019 amissione
1102 2954 1165 3016 et
1210 2946 1587 3014 detrimento
1632 2963 1846 3010 rerum
1892 2946 2253 3008 nostrarum
2300 2935 2761 3023 quodammodo
2823 2956 3072 3023 semper

713 3069 980 3137 meliora
1024 3070 1348 3153 sperantes
1405 3066 1822 3129 tacueramus.
1896 3057 2007 3124 Set
2052 3076 2195 3123 cum
2241 3055 2369 3121 iam
2416 3052 2755 3120 aecclesiae
2800 3058 3071 3136 vestrae,

717 3185 1055 3255 aecclesiae
1085 3184 1365 3268 inquam,
1411 3199 1599 3265 quam
1628 3177 1824 3244 tantis
1854 3173 2176 3241 laboribus
2210 3177 2274 3239 et
2303 3170 2659 3257 sumptibus
2692 3169 3070 3252 adornastis

717 3304 882 3370 sicut
927 3322 1006 3368 ex
1041 3320 1148 3367 ore
1184 3296 1400 3364 domni
1433 3294 1716 3382 episcopi
1745 3291 2111 3360 Leodiensis
2129 3286 2148 3317 ¹
2179 3287 2555 3370 audivimus,
2602 3285 2871 3368 inimici,
2920 3305 3070 3371 quos

716 3438 1040 3503 nunquam
1087 3414 1467 3497 offendistis,
1520 3411 1841 3476 minentur
1884 3406 2266 3489 incendium,
2312 3401 2788 3470 lacrimabiliter
2837 3401 2921 3468 ad
2964 3421 3070 3467 vos

719 3535 1083 3602 clamamus
1174 3530 1261 3597 Et
1320 3530 1400 3596 ad
1454 3533 1705 3595 tantum
1761 3525 1939 3592 nefas
1995 3519 2455 3610 prohibendum
2515 3523 2580 3585 et
2630 3518 3071 3585 declinandum

718 3657 1003 3737 tempore
1050 3652 1356 3735 oportuno
1402 3644 1671 3729 benigne
1718 3639 2043 3709 occurrite.
2110 3638 2452 3725 Speramus
2498 3635 2666 3702 enim
2700 3635 2768 3701 in
2797 3634 3067 3701 Domino

721 3774 786 3838 et
830 3772 1071 3834 certum
1117 3767 1423 3846 tenemus,
1471 3760 1637 3848 quod
1684 3761 1753 3826 in
1794 3758 2069 3825 adventu
2097 3759 2329 3838 vestro,
2379 3751 2674 3838 quicquid
2706 3755 2932 3817 contra
2960 3771 3067 3817 nos

719 3886 996 3953 humane
1049 3880 1395 3948 moliuntur
1441 3876 1840 3945 adversitatis
1853 3874 1900 3959 ¹⁵,
1958 3872 2038 3940 ad
2081 3869 2386 3938 nichilum
2429 3868 2772 3951 redigetur,
2829 3874 2897 3934 et
2938 3866 3067 3933 Deo

720 4021 974 4089 gressus
1019 4003 1261 4065 vestros
1308 3994 1649 4078 dirigente,
1710 3992 1940 4075 omnia,
1988 4009 2147 4076 quae
2192 3988 2260 4052 in
2307 3984 2592 4053 absentia
2634 3988 2853 4049 vestra
2895 3983 3067 4049 nobis

724 4120 936 4187 ablata
991 4120 1168 4199 sunt,
1226 4113 1307 4179 ad
1364 4131 1616 4177 omnem
1659 4108 2048 4175 voluntatem
2093 4109 2371 4172 vestram
2414 4099 2592 4167 vobis
2638 4101 3065 4167 restituentur.

722 4235 888 4303 Nam
935 4240 999 4300 et
1042 4233 1128 4317 hi,
1176 4230 1285 4317 qui
1327 4227 1509 4295 nobis
1555 4225 1832 4291 maxime
1865 4223 2298 4304 adversantur,
2347 4215 2585 4285 scilicet
2616 4215 3065 4299 salmucenses,

727 4372 884 4438 eque
929 4354 1004 4415 ut
1030 4369 1147 4415 nos
1179 4346 1517 4413 adventum
1545 4348 1829 4409 vestrum
1858 4339 2253 4421 desiderant3
2300 4339 2384 4421 et,
2432 4333 2731 4419 quicquid
2761 4335 3066 4421 utrimque

871 4506 913 4538 a.
953 4491 1098 4555 misse
1130 4489 1234 4534 cod.
1366 4487 1412 4533 b.
1444 4484 1744 4532 adversitates
1776 4500 1815 4530 c.

872 4580 921 4634 1.
958 4574 1223 4632 Heinrici.
