3319 5242
766 441 899 507 502
1527 458 1826 504 wmanm
1869 457 2202 505 musi-ona
2247 459 2355 505 au.

559 605 699 658 1152
764 621 938 667 mere
996 599 1098 666 vel
1166 600 1442 680 adicere;
1514 601 1944 685 unusquisque
2011 599 2181 666 enim
2246 601 2315 666 in
2370 620 2483 667 sno
2539 620 2731 667 sensu
2784 598 3032 667 abundat
3044 594 3073 664 ¹.

522 678 654 724 mm
671 679 729 725 ²⁷
767 716 1236 799 Verumtamen,
1285 717 1582 801 quoniam
1622 737 1726 782 ars
1756 715 1933 781 nulla
1962 715 2097 782 sine
2128 721 2495 802 preceptore
2523 736 2724 802 usque
2754 717 2835 782 ad
2860 715 3079 803 plenam

763 852 975 899 rerum
1007 832 1446 899 certitudinem
1471 833 1741 919 capitur,
1772 831 1922 898 licet
1943 831 2284 915 benignum
2308 837 2529 919 pectus
2551 839 2833 900 vestrum
2854 831 3081 898 scientia

763 953 829 1015 et
873 947 1232 1034 eloquentia
1270 968 1397 1014 non
1444 947 1791 1032 deseratur,
1839 952 2058 1014 nostra
2085 954 2298 1014 tamen
2328 950 2665 1016 verborum
2693 943 3080 1030 liniamenta¹,

765 1085 923 1151 quae
980 1064 1439 1131 disertitudinis
1493 1069 1745 1131 vestrae
1800 1066 2085 1152 picturae
2143 1064 2633 1150 substravimus,
2702 1066 2876 1133 nullo
2925 1067 3082 1132 erunt

761 1182 1093 1248 facundiae
1139 1185 1508 1248 ornamento
1553 1181 1808 1269 penitus
1855 1179 2295 1248 oblitteranda.

942 1297 1266 1383 Siquidem
1280 1347 1299 1380 ,
1368 1315 1512 1362 cum
1581 1317 1698 1364 nos
1770 1297 1974 1364 adhuc
2027 1298 2286 1364 iuvenes
2341 1297 2581 1363 curiam
2636 1298 3086 1365 intravissemus

763 1419 909 1481 ante
956 1433 1153 1480 annos
1200 1434 1450 1479 sursum
1479 1434 1733 1480 versum
1779 1414 1923 1500 plus
1969 1415 2256 1480 minusve
2298 1414 2562 1497 triginta
2572 1408 2616 1497 ⁸,
2662 1414 3008 1482 invenimus
3031 1412 3088 1477 in

763 1529 1138 1616 quibusdam
1169 1529 1322 1596 viris
1369 1530 1765 1613 gravioribus
1809 1530 2256 1617 imperatoriae
2298 1529 2648 1596 maiestatis
2692 1530 2987 1617 reliquias
3025 1529 3090 1595 de

763 1646 1170 1714 contubernio
1203 1651 1267 1713 et
1297 1645 1634 1732 disciplina
1662 1645 2064 1733 imperatoris
2094 1644 2378 1712 Heinrici
2410 1646 2674 1713 senioris
2688 1642 2734 1730 ⁴,
2769 1646 2875 1733 qui
2902 1645 3090 1729 verba,

763 1783 923 1850 quae
970 1762 1050 1828 ad
1096 1762 1396 1827 domnum
1442 1781 1678 1849 papam
1724 1767 1788 1829 et
1834 1762 1914 1828 ad
1946 1760 2183 1828 Urbem
2215 1760 2292 1828 ab
2323 1762 2707 1848 imperatore
2738 1762 3091 1847 diriguntur,

761 1885 1064 1964 tanquam
1111 1897 1390 1965 appensa
1435 1882 1498 1944 et
1543 1878 1830 1944 dimensa
1873 1877 2239 1944 memoriter
2277 1876 2654 1962 retinebant,
2701 1899 2907 1965 neque
2934 1877 3092 1943 novis

760 1994 1178 2079 legationibus
1207 1994 1532 2060 immutari
1561 1992 1664 2060 vel
1703 1994 1742 2060 a
1784 1994 2047 2060 rudibus
2087 1993 2311 2077 legatis
2343 1993 2599 2059 alterari
2627 1994 3089 2082 permittebant3

761 2130 843 2177 ne
887 2109 1181 2177 videlicet
1224 2111 1522 2177 maiestas
1568 2109 1824 2197 imperii
1869 2113 1933 2175 et
1977 2109 2129 2176 ordo
2176 2108 2546 2196 disciplinae
2590 2109 3021 2178 obsolesceret.

941 2226 1028 2293 Et
1074 2227 1152 2292 ad
1188 2227 1724 2313 comparationem
1758 2225 2011 2311 quidem
2044 2226 2311 2292 aliorum
2340 2245 2581 2311 regum,
2626 2227 2926 2294 videlicet
2952 2225 3093 2293 Con-

764 2342 1331 2430 stantinopolitani,
1377 2341 1797 2426 Ungarorum,
1845 2341 2191 2426 Danorum,
2238 2341 2811 2426 Northweghorum
2857 2349 2921 2410 et
2962 2342 3093 2408 alio-

763 2481 905 2526 rum
949 2465 1084 2525 tam
1128 2458 1540 2525 barbarorum
1589 2477 1780 2543 quam
1823 2456 2229 2543 Latinorum,
2286 2459 2488 2525 nostri
2533 2456 2883 2546 principis‘
2925 2459 3095 2525 verba

764 2575 1030 2643 humilia
1077 2581 1241 2642 sunt.
1311 2574 1397 2642 Et
1444 2573 1658 2642 subtili
1708 2574 2122 2662 appendiculo
2175 2575 2552 2661 cavendum,
2609 2596 2689 2642 ne
2743 2576 2918 2643 inter
2959 2576 3093 2642 duas

767 2698 831 2760 et
874 2692 1195 2760 interdum
1242 2691 1620 2758 dissidentes
1679 2697 2057 2778 potestateS,
2117 2691 2343 2776 quibus
2387 2691 2533 2760 fidei
2577 2690 2832 2759 vinculo
2879 2690 3095 2775 alligati

767 2829 1006 2892 sumus»,
1063 2808 1442 2874 sinceritatis
1489 2812 1744 2874 nostrae
1789 2807 2229 2874 rectitudinem
2275 2806 2404 2875 ullo
2450 2808 2697 2875 dicendi
2742 2808 2851 2876 vel
2895 2805 3094 2893 agendi

765 2925 953 2992 modo
1000 2924 1520 3010 distorqueamus,

943 3039 1242 3108 Reddetis
1286 3040 1490 3125 nobis,
1538 3059 1683 3106 cum
1713 3038 1849 3106 Deo
1881 3038 2146 3106 ducente
2174 3059 2549 3127 prosperum
2577 3039 2855 3107 reditum
2886 3039 3095 3106 habue-

766 3159 930 3243 ritis,
979 3158 1171 3224 studii
1214 3158 1417 3224 nostri
1462 3158 1684 3242 vicem,
1732 3157 1810 3224 de
1857 3157 2181 3223 alacritate
2227 3162 2486 3223 eventus
2528 3157 2723 3223 vestri
2763 3177 2887 3224 nos
2931 3155 3095 3223 certi-

768 3273 955 3341 ficare
1012 3295 1140 3341 non
1198 3272 1578 3357 abnuentes;
1637 3274 1817 3359 quia,
1875 3274 2024 3340 licet
2083 3270 2286 3339 officio
2344 3276 2408 3339 et
2460 3273 2764 3358 dignitate
2818 3272 3095 3362 preestis,

770 3391 1064 3456 comitate
1108 3394 1320 3456 tamen
1364 3409 1483 3476 par
1529 3400 1700 3457 esse·
1744 3409 1874 3456 non
1920 3388 2428 3474 dedignabimini.

952 3505 1019 3571 Si
1066 3506 1338 3572 scribere
1392 3505 1701 3593 placuerit
1756 3506 1989 3594 populo
2034 3504 2315 3572 Romano
2328 3555 2347 3589 ,
2404 3505 2569 3592 quod
2622 3505 2806 3572 nobis
2867 3503 3095 3591 quidem

770 3620 1126 3687 faciendum
1183 3623 1245 3687 in
1304 3622 1423 3688 hoc
1478 3623 1743 3689 articulo
1800 3622 2144 3709 plurimum
2203 3622 2483 3708 videtur,
2552 3622 2786 3709 poterit
2846 3618 3094 3688 eruditio

771 3741 985 3804 vestra
1026 3738 1121 3803 uti
1163 3735 1395 3804 litteris
1442 3739 1692 3825 vestris,
1740 3759 1900 3825 quae
1938 3738 2018 3805 ad
2050 3738 2349 3805 domnum
2378 3758 2611 3826 papam
2644 3738 2918 3825 scriptae
2947 3738 3094 3816 sunt,

772 3853 1009 3920 eisdem
1055 3852 1132 3919 de
1178 3854 1486 3922 similibus
1532 3855 1740 3922 verbis
1788 3875 1861 3922 ac
1907 3854 2237 3923 sententiis
2253 3904 2272 3939 ,
2317 3855 2536 3941 paucis
2584 3855 2953 3939 admodum,
2994 3869 3092 3939 pro

771 3989 1183 4057 personarum
1227 3970 1530 4038 varietate
1575 3972 1855 4038 mutatis.

917 4144 958 4176 a.
999 4134 1134 4190 parce
1167 4149 1207 4176 c.

919 4218 966 4270 1.
1002 4216 1157 4272 Rom.
1188 4217 1271 4285 14,
1295 4216 1349 4272 5.
1491 4217 1545 4272 2.
1581 4217 1617 4271 i.
1645 4230 1695 4272 e.
1732 4215 2001 4286 epistolae
2036 4215 2235 4287 capita.
2378 4217 2432 4272 3.
2468 4216 2507 4273 i.
2530 4231 2582 4273 e.
2618 4216 2840 4274 circiter
2874 4232 2927 4271 a.
2957 4214 3091 4269 1122.

773 4304 827 4360 4.
863 4304 1106 4361 Heinrici
1145 4304 1241 4360 IV.
1382 4304 1437 4360 5.
1472 4304 1740 4360 Friderici
1777 4305 1802 4359 1
1840 4305 2004 4376 regis.
