<?xml version="1.0" encoding="UTF-8"?>
<!DOCTYPE html PUBLIC "-//W3C//DTD XHTML 1.0 Transitional//EN"
    "http://www.w3.org/TR/xhtml1/DTD/xhtml1-transitional.dtd">
<html xmlns="http://www.w3.org/1999/xhtml" xml:lang="en" lang="en">
 <head>
  <title>
</title>
<meta http-equiv="Content-Type" content="text/html;charset=utf-8" />
  <meta name='ocr-system' content='tesseract 3.04.00' />
  <meta name='ocr-capabilities' content='ocr_page ocr_carea ocr_par ocr_line ocrx_word'/>
</head>
<body>
  <div class='ocr_page' id='page_1' title='image "./monumentacorbei00corvgoog_0466.png"; bbox 0 0 3319 5242; ppageno 0'>
   <div class='ocr_carea' id='block_1_1' title="bbox 695 429 2378 497">
    <p class='ocr_par' dir='ltr' id='par_1_1' title="bbox 695 429 2378 497">
     <span class='ocr_line' id='line_1_1' title="bbox 695 429 2378 497; baseline -0.006 0"><span class='ocrx_word' id='word_1_1' title='bbox 695 429 828 497; x_wconf 82' lang='lat'>456</span> <span class='ocrx_word' id='word_1_2' title='bbox 1366 444 1667 492; x_wconf 68' lang='lat' dir='ltr'>wmanm</span> <span class='ocrx_word' id='word_1_3' title='bbox 1710 442 2086 491; x_wconf 68' lang='lat' dir='ltr'>nms‘ronan</span> <span class='ocrx_word' id='word_1_4' title='bbox 2128 441 2237 488; x_wconf 73' lang='lat' dir='ltr'>sss.</span> <span class='ocrx_word' id='word_1_5' title='bbox 2271 441 2378 488; x_wconf 77' lang='lat'><em>82¹1.</em></span> 
     </span>
    </p>
   </div>
   <div class='ocr_carea' id='block_1_2' title="bbox 522 584 3039 676">
    <p class='ocr_par' dir='ltr' id='par_1_2' title="bbox 522 584 3039 676">
     <span class='ocr_line' id='line_1_2' title="bbox 522 584 3039 676; baseline -0.002 -24"><span class='ocrx_word' id='word_1_6' title='bbox 522 595 657 652; x_wconf 82' lang='grc'><strong>1151</strong></span> <span class='ocrx_word' id='word_1_7' title='bbox 695 595 981 676; x_wconf 89' lang='lat' dir='ltr'>tempore</span> <span class='ocrx_word' id='word_1_8' title='bbox 1024 587 1324 672; x_wconf 73' lang='lat' dir='ltr'>brevitas,</span> <span class='ocrx_word' id='word_1_9' title='bbox 1376 592 1449 654; x_wconf 91' lang='lat' dir='ltr'>ut</span> <span class='ocrx_word' id='word_1_10' title='bbox 1490 586 1696 670; x_wconf 87' lang='lat' dir='ltr'>magis</span> <span class='ocrx_word' id='word_1_11' title='bbox 1739 584 2028 651; x_wconf 87' lang='lat' dir='ltr'>videatur</span> <span class='ocrx_word' id='word_1_12' title='bbox 2073 604 2212 651; x_wconf 89' lang='lat' dir='ltr'>esse</span> <span class='ocrx_word' id='word_1_13' title='bbox 2255 588 2545 670; x_wconf 85' lang='lat' dir='ltr'>optatum</span> <span class='ocrx_word' id='word_1_14' title='bbox 2589 602 2784 668; x_wconf 92' lang='lat' dir='ltr'>quam</span> <span class='ocrx_word' id='word_1_15' title='bbox 2827 601 3039 668; x_wconf 87' lang='lat' dir='ltr'>perpe-</span> 
     </span>
    </p>
   </div>
   <div class='ocr_carea' id='block_1_3' title="bbox 539 2691 678 2749">
    <p class='ocr_par' dir='ltr' id='par_1_3' title="bbox 539 2691 678 2749">
     <span class='ocr_line' id='line_1_3' title="bbox 539 2691 678 2749; baseline -0.014 0"><span class='ocrx_word' id='word_1_16' title='bbox 539 2691 678 2749; x_wconf 82' lang='lat'>1151</span> 
     </span>
    </p>
   </div>
   <div class='ocr_carea' id='block_1_4' title="bbox 696 698 3064 2187">
    <p class='ocr_par' dir='ltr' id='par_1_4' title="bbox 696 698 3064 2187">
     <span class='ocr_line' id='line_1_4' title="bbox 697 698 3040 791; baseline -0.004 -19"><span class='ocrx_word' id='word_1_17' title='bbox 697 711 938 773; x_wconf 90' lang='lat' dir='ltr'>tratum</span> <span class='ocrx_word' id='word_1_18' title='bbox 996 709 1061 771; x_wconf 90' lang='lat' dir='ltr'>et</span> <span class='ocrx_word' id='word_1_19' title='bbox 1114 704 1254 791; x_wconf 89' lang='lat' dir='ltr'>ipse</span> <span class='ocrx_word' id='word_1_20' title='bbox 1295 703 1500 788; x_wconf 87' lang='lat' dir='ltr'>magis</span> <span class='ocrx_word' id='word_1_21' title='bbox 1544 707 1768 789; x_wconf 88' lang='lat' dir='ltr'>raptus</span> <span class='ocrx_word' id='word_1_22' title='bbox 1814 721 2006 788; x_wconf 90' lang='lat' dir='ltr'>quam</span> <span class='ocrx_word' id='word_1_23' title='bbox 2051 700 2304 766; x_wconf 84' lang='lat' dir='ltr'>electus.</span> <span class='ocrx_word' id='word_1_24' title='bbox 2399 698 2757 785; x_wconf 82' lang='lat' dir='ltr'><strong>Siquidem,</strong></span> <span class='ocrx_word' id='word_1_25' title='bbox 2817 698 2887 765; x_wconf 92' lang='lat' dir='ltr'>in</span> <span class='ocrx_word' id='word_1_26' title='bbox 2928 717 3040 783; x_wconf 86' lang='lat' dir='ltr'>quo</span> 
     </span>
     <span class='ocr_line' id='line_1_5' title="bbox 696 814 3045 908; baseline -0.004 -18"><span class='ocrx_word' id='word_1_27' title='bbox 696 828 852 889; x_wconf 89' lang='lat' dir='ltr'>tunc</span> <span class='ocrx_word' id='word_1_28' title='bbox 892 822 1177 888; x_wconf 88' lang='lat' dir='ltr'>accusari</span> <span class='ocrx_word' id='word_1_29' title='bbox 1204 841 1391 908; x_wconf 90' lang='lat' dir='ltr'>posse</span> <span class='ocrx_word' id='word_1_30' title='bbox 1420 819 1772 904; x_wconf 82' lang='lat' dir='ltr'>videbatur,</span> <span class='ocrx_word' id='word_1_31' title='bbox 1817 817 1987 884; x_wconf 90' lang='lat' dir='ltr'>ultra</span> <span class='ocrx_word' id='word_1_32' title='bbox 2013 815 2371 901; x_wconf 77' lang='lat' dir='ltr'>regularem</span> <span class='ocrx_word' id='word_1_33' title='bbox 2397 816 2778 882; x_wconf 73' lang='lat' dir='ltr'>modestiam</span> <span class='ocrx_word' id='word_1_34' title='bbox 2806 814 3045 881; x_wconf 85' lang='lat' dir='ltr'>renisus</span> 
     </span>
     <span class='ocr_line' id='line_1_6' title="bbox 700 932 3047 1020; baseline -0.005 -14"><span class='ocrx_word' id='word_1_35' title='bbox 700 944 798 1007; x_wconf 92' lang='lat' dir='ltr'>est</span> <span class='ocrx_word' id='word_1_36' title='bbox 841 943 907 1005; x_wconf 90' lang='lat' dir='ltr'>et</span> <span class='ocrx_word' id='word_1_37' title='bbox 946 938 1080 1005; x_wconf 78' lang='lat' dir='ltr'>fere</span> <span class='ocrx_word' id='word_1_38' title='bbox 1122 937 1491 1005; x_wconf 89' lang='lat' dir='ltr'>inobediens</span> <span class='ocrx_word' id='word_1_39' title='bbox 1534 936 1739 1002; x_wconf 85' lang='lat' dir='ltr'>factus</span> <span class='ocrx_word' id='word_1_40' title='bbox 1754 984 1774 1020; x_wconf 87' lang='lat'>,</span> <span class='ocrx_word' id='word_1_41' title='bbox 1819 933 1989 1001; x_wconf 89' lang='lat' dir='ltr'>trahi</span> <span class='ocrx_word' id='word_1_42' title='bbox 2030 933 2244 1020; x_wconf 90' lang='lat' dir='ltr'>potius</span> <span class='ocrx_word' id='word_1_43' title='bbox 2290 936 2478 1017; x_wconf 92' lang='lat' dir='ltr'>atque</span> <span class='ocrx_word' id='word_1_44' title='bbox 2522 932 2663 1016; x_wconf 91' lang='lat' dir='ltr'>cogi</span> <span class='ocrx_word' id='word_1_45' title='bbox 2708 951 2904 1016; x_wconf 86' lang='lat' dir='ltr'>quam</span> <span class='ocrx_word' id='word_1_46' title='bbox 2944 950 3047 996; x_wconf 90' lang='lat' dir='ltr'>vo-</span> 
     </span>
     <span class='ocr_line' id='line_1_7' title="bbox 699 1047 3049 1141; baseline -0.005 -18"><span class='ocrx_word' id='word_1_47' title='bbox 699 1056 831 1123; x_wconf 90' lang='lat' dir='ltr'>cari</span> <span class='ocrx_word' id='word_1_48' title='bbox 862 1053 1222 1141; x_wconf 87' lang='lat' dir='ltr'>compulsus</span> <span class='ocrx_word' id='word_1_49' title='bbox 1253 1058 1368 1120; x_wconf 84' lang='lat' dir='ltr'>est.</span> <span class='ocrx_word' id='word_1_50' title='bbox 1488 1050 1763 1118; x_wconf 87' lang='lat' dir='ltr'>Proinde</span> <span class='ocrx_word' id='word_1_51' title='bbox 1792 1049 2146 1118; x_wconf 77' lang='lat' dir='ltr'><strong>sanctitatis</strong></span> <span class='ocrx_word' id='word_1_52' title='bbox 2174 1053 2426 1115; x_wconf 88' lang='lat' dir='ltr'>vestrae</span> <span class='ocrx_word' id='word_1_53' title='bbox 2456 1047 2740 1114; x_wconf 81' lang='lat' dir='ltr'><strong>advoluti</strong></span> <span class='ocrx_word' id='word_1_54' title='bbox 2768 1047 3049 1131; x_wconf 77' lang='lat' dir='ltr'>genibus,</span> 
     </span>
     <span class='ocr_line' id='line_1_8' title="bbox 702 1163 3053 1255; baseline -0.004 -16"><span class='ocrx_word' id='word_1_55' title='bbox 702 1171 1071 1240; x_wconf 87' lang='lat' dir='ltr'>clementiae</span> <span class='ocrx_word' id='word_1_56' title='bbox 1098 1175 1350 1237; x_wconf 89' lang='lat' dir='ltr'>vestrae</span> <span class='ocrx_word' id='word_1_57' title='bbox 1380 1167 1698 1255; x_wconf 87' lang='lat' dir='ltr'>supplices</span> <span class='ocrx_word' id='word_1_58' title='bbox 1727 1185 1948 1254; x_wconf 87' lang='lat' dir='ltr'>preces</span> <span class='ocrx_word' id='word_1_59' title='bbox 1979 1163 2378 1249; x_wconf 86' lang='lat' dir='ltr'>effundimus,</span> <span class='ocrx_word' id='word_1_60' title='bbox 2415 1163 2586 1230; x_wconf 90' lang='lat' dir='ltr'>utin</span> <span class='ocrx_word' id='word_1_61' title='bbox 2613 1164 2734 1230; x_wconf 88' lang='lat' dir='ltr'>hac</span> <span class='ocrx_word' id='word_1_62' title='bbox 2761 1183 3053 1250; x_wconf 85' lang='lat' dir='ltr'>persona,</span> 
     </span>
     <span class='ocr_line' id='line_1_9' title="bbox 699 1279 3055 1371; baseline -0.005 -16"><span class='ocrx_word' id='word_1_63' title='bbox 699 1287 893 1355; x_wconf 90' lang='lat' dir='ltr'>tantis</span> <span class='ocrx_word' id='word_1_64' title='bbox 940 1287 1224 1354; x_wconf 91' lang='lat' dir='ltr'>omnium</span> <span class='ocrx_word' id='word_1_65' title='bbox 1265 1286 1431 1352; x_wconf 89' lang='lat' dir='ltr'>votis</span> <span class='ocrx_word' id='word_1_66' title='bbox 1478 1284 1792 1371; x_wconf 87' lang='lat' dir='ltr'>expetita,</span> <span class='ocrx_word' id='word_1_67' title='bbox 1848 1280 2231 1368; x_wconf 75' lang='lat' dir='ltr'>multiplices</span> <span class='ocrx_word' id='word_1_68' title='bbox 2278 1280 2618 1348; x_wconf 76' lang='lat' dir='ltr'>aecclesiae</span> <span class='ocrx_word' id='word_1_69' title='bbox 2661 1279 3055 1346; x_wconf 86' lang='lat' dir='ltr'>Coloniensis</span> 
     </span>
     <span class='ocr_line' id='line_1_10' title="bbox 700 1395 3058 1485; baseline -0.004 -14"><span class='ocrx_word' id='word_1_70' title='bbox 700 1403 1094 1472; x_wconf 75' lang='lat' dir='ltr'>calamitates</span> <span class='ocrx_word' id='word_1_71' title='bbox 1138 1401 1420 1469; x_wconf 89' lang='lat' dir='ltr'>relevare</span> <span class='ocrx_word' id='word_1_72' title='bbox 1462 1399 1841 1485; x_wconf 81' lang='lat' dir='ltr'>dignemini,</span> <span class='ocrx_word' id='word_1_73' title='bbox 1889 1403 1954 1465; x_wconf 91' lang='lat' dir='ltr'>et</span> <span class='ocrx_word' id='word_1_74' title='bbox 1994 1417 2190 1465; x_wconf 91' lang='grc'><strong>11118111</strong></span> <span class='ocrx_word' id='word_1_75' title='bbox 2235 1397 2314 1464; x_wconf 88' lang='lat' dir='ltr'>de</span> <span class='ocrx_word' id='word_1_76' title='bbox 2355 1395 2804 1483; x_wconf 81' lang='lat' dir='ltr'>pulcherrimis</span> <span class='ocrx_word' id='word_1_77' title='bbox 2850 1415 3058 1463; x_wconf 85' lang='lat' dir='ltr'>sacro-</span> 
     </span>
     <span class='ocr_line' id='line_1_11' title="bbox 702 1511 3058 1598; baseline -0.003 -11"><span class='ocrx_word' id='word_1_78' title='bbox 702 1524 957 1588; x_wconf 87' lang='lat' dir='ltr'>sanctae</span> <span class='ocrx_word' id='word_1_79' title='bbox 1001 1519 1227 1586; x_wconf 91' lang='lat' dir='ltr'>matris</span> <span class='ocrx_word' id='word_1_80' title='bbox 1272 1523 1525 1585; x_wconf 89' lang='lat' dir='ltr'>nostrae</span> <span class='ocrx_word' id='word_1_81' title='bbox 1559 1516 1880 1584; x_wconf 81' lang='lat' dir='ltr'>Romanae</span> <span class='ocrx_word' id='word_1_82' title='bbox 1927 1513 2266 1581; x_wconf 89' lang='lat' dir='ltr'>aecclesiae</span> <span class='ocrx_word' id='word_1_83' title='bbox 2308 1511 2556 1579; x_wconf 87' lang='lat' dir='ltr'>filiabus</span> <span class='ocrx_word' id='word_1_84' title='bbox 2599 1512 2666 1578; x_wconf 91' lang='lat' dir='ltr'>in</span> <span class='ocrx_word' id='word_1_85' title='bbox 2714 1513 3058 1598; x_wconf 87' lang='lat' dir='ltr'>pristinum</span> 
     </span>
     <span class='ocr_line' id='line_1_12' title="bbox 701 1627 3056 1721; baseline -0.004 -17"><span class='ocrx_word' id='word_1_86' title='bbox 701 1636 1029 1721; x_wconf 79' lang='lat' dir='ltr'>dignitatis</span> <span class='ocrx_word' id='word_1_87' title='bbox 1062 1655 1214 1702; x_wconf 88' lang='lat' dir='ltr'>suae</span> <span class='ocrx_word' id='word_1_88' title='bbox 1250 1639 1486 1701; x_wconf 89' lang='lat' dir='ltr'>statum</span> <span class='ocrx_word' id='word_1_89' title='bbox 1518 1654 1633 1720; x_wconf 91' lang='lat' dir='ltr'>per</span> <span class='ocrx_word' id='word_1_90' title='bbox 1665 1651 1891 1698; x_wconf 89' lang='lat' dir='ltr'>manus</span> <span class='ocrx_word' id='word_1_91' title='bbox 1926 1630 2097 1696; x_wconf 90' lang='lat' dir='ltr'>beati</span> <span class='ocrx_word' id='word_1_92' title='bbox 2117 1627 2292 1696; x_wconf 88' lang='lat' dir='ltr'>Petri</span> <span class='ocrx_word' id='word_1_93' title='bbox 2322 1634 2387 1696; x_wconf 92' lang='lat' dir='ltr'>et</span> <span class='ocrx_word' id='word_1_94' title='bbox 2413 1633 2661 1696; x_wconf 81' lang='lat' dir='ltr'>vestras</span> <span class='ocrx_word' id='word_1_95' title='bbox 2688 1627 3056 1695; x_wconf 85' lang='lat' dir='ltr'>reformare.</span> 
     </span>
     <span class='ocr_line' id='line_1_13' title="bbox 700 1744 3060 1833; baseline -0.005 -13"><span class='ocrx_word' id='word_1_96' title='bbox 700 1753 1009 1820; x_wconf 84' lang='lat' dir='ltr'>Veremur</span> <span class='ocrx_word' id='word_1_97' title='bbox 1053 1751 1289 1819; x_wconf 85' lang='lat' dir='ltr'>etenim</span> <span class='ocrx_word' id='word_1_98' title='bbox 1332 1755 1396 1817; x_wconf 90' lang='lat' dir='ltr'>et</span> <span class='ocrx_word' id='word_1_99' title='bbox 1440 1747 1944 1816; x_wconf 82' lang='lat' dir='ltr'>subintellexisse</span> <span class='ocrx_word' id='word_1_100' title='bbox 1988 1766 2104 1812; x_wconf 92' lang='lat' dir='ltr'>nos</span> <span class='ocrx_word' id='word_1_101' title='bbox 2135 1766 2252 1833; x_wconf 89' lang='lat' dir='ltr'>pro</span> <span class='ocrx_word' id='word_1_102' title='bbox 2283 1749 2454 1812; x_wconf 89' lang='lat' dir='ltr'>certo</span> <span class='ocrx_word' id='word_1_103' title='bbox 2485 1745 2826 1829; x_wconf 88' lang='lat' dir='ltr'>credimus,</span> <span class='ocrx_word' id='word_1_104' title='bbox 2874 1744 3060 1830; x_wconf 86' lang='lat' dir='ltr'>quod,</span> 
     </span>
     <span class='ocr_line' id='line_1_14' title="bbox 701 1861 3063 1953; baseline -0.003 -19"><span class='ocrx_word' id='word_1_105' title='bbox 701 1868 830 1935; x_wconf 92' lang='lat' dir='ltr'>nisi</span> <span class='ocrx_word' id='word_1_106' title='bbox 882 1868 951 1934; x_wconf 92' lang='lat' dir='ltr'>in</span> <span class='ocrx_word' id='word_1_107' title='bbox 994 1887 1192 1933; x_wconf 91' lang='lat' dir='ltr'>manu</span> <span class='ocrx_word' id='word_1_108' title='bbox 1233 1871 1447 1933; x_wconf 90' lang='lat' dir='ltr'>vestra</span> <span class='ocrx_word' id='word_1_109' title='bbox 1489 1865 1737 1953; x_wconf 91' lang='lat' dir='ltr'>potenti</span> <span class='ocrx_word' id='word_1_110' title='bbox 1780 1863 2031 1930; x_wconf 82' lang='lat' dir='ltr'>adiutus</span> <span class='ocrx_word' id='word_1_111' title='bbox 2079 1866 2144 1928; x_wconf 90' lang='lat' dir='ltr'>et</span> <span class='ocrx_word' id='word_1_112' title='bbox 2186 1862 2573 1929; x_wconf 83' lang='lat' dir='ltr'>confortatus</span> <span class='ocrx_word' id='word_1_113' title='bbox 2617 1861 2813 1928; x_wconf 85' lang='lat' dir='ltr'>fuerit</span> <span class='ocrx_word' id='word_1_114' title='bbox 2826 1911 2846 1945; x_wconf 91' lang='lat'>,</span> <span class='ocrx_word' id='word_1_115' title='bbox 2906 1881 3063 1927; x_wconf 91' lang='lat' dir='ltr'>onus</span> 
     </span>
     <span class='ocr_line' id='line_1_15' title="bbox 705 1976 3064 2071; baseline -0.004 -20"><span class='ocrx_word' id='word_1_116' title='bbox 705 1984 960 2052; x_wconf 91' lang='lat' dir='ltr'>omnino</span> <span class='ocrx_word' id='word_1_117' title='bbox 1006 1988 1381 2071; x_wconf 88' lang='lat' dir='ltr'>supportare</span> <span class='ocrx_word' id='word_1_118' title='bbox 1427 1983 1733 2049; x_wconf 88' lang='lat' dir='ltr'>detrectet</span> <span class='ocrx_word' id='word_1_119' title='bbox 1776 1986 1859 2065; x_wconf 89' lang='lat' dir='ltr'>et,</span> <span class='ocrx_word' id='word_1_120' title='bbox 1903 1980 2138 2046; x_wconf 90' lang='lat' dir='ltr'>reiecta</span> <span class='ocrx_word' id='word_1_121' title='bbox 2181 1978 2263 2045; x_wconf 91' lang='lat' dir='ltr'>ad</span> <span class='ocrx_word' id='word_1_122' title='bbox 2304 1978 2494 2065; x_wconf 89' lang='lat' dir='ltr'>pedes</span> <span class='ocrx_word' id='word_1_123' title='bbox 2523 1981 2775 2044; x_wconf 86' lang='lat' dir='ltr'>vestrae</span> <span class='ocrx_word' id='word_1_124' title='bbox 2805 1976 3064 2043; x_wconf 86' lang='lat' dir='ltr'>celsitu-</span> 
     </span>
     <span class='ocr_line' id='line_1_16' title="bbox 707 2089 3062 2187; baseline -0.004 -19"><span class='ocrx_word' id='word_1_125' title='bbox 707 2100 873 2167; x_wconf 90' lang='lat' dir='ltr'>dinis</span> <span class='ocrx_word' id='word_1_126' title='bbox 920 2100 1203 2187; x_wconf 81' lang='lat' dir='ltr'>syndone</span> <span class='ocrx_word' id='word_1_127' title='bbox 1249 2120 1374 2186; x_wconf 87' lang='lat' dir='ltr'>qua</span> <span class='ocrx_word' id='word_1_128' title='bbox 1419 2099 1687 2166; x_wconf 89' lang='lat' dir='ltr'>amictus</span> <span class='ocrx_word' id='word_1_129' title='bbox 1733 2096 2086 2182; x_wconf 87' lang='lat' dir='ltr'>videbatur,</span> <span class='ocrx_word' id='word_1_130' title='bbox 2129 2095 2336 2162; x_wconf 88' lang='lat' dir='ltr'>nudus</span> <span class='ocrx_word' id='word_1_131' title='bbox 2382 2094 2705 2181; x_wconf 82' lang='lat' dir='ltr'>profugiat</span> <span class='ocrx_word' id='word_1_132' title='bbox 2748 2094 2790 2160; x_wconf 76' lang='lat' dir='ltr'>a</span> <span class='ocrx_word' id='word_1_133' title='bbox 2825 2094 3013 2161; x_wconf 88' lang='lat' dir='ltr'>vobis</span> <span class='ocrx_word' id='word_1_134' title='bbox 3031 2089 3062 2159; x_wconf 91' lang='lat'>¹.</span> 
     </span>
    </p>
   </div>
   <div class='ocr_carea' id='block_1_5' title="bbox 1666 2238 2089 2250">
    <p class='ocr_par' dir='ltr' id='par_1_5' title="bbox 1666 2238 2089 2250">
     <span class='ocr_line' id='line_1_17' title="bbox 1666 2238 2089 2250; baseline 0 0"><span class='ocrx_word' id='word_1_135' title='bbox 1666 2238 2089 2250; x_wconf 95' lang='lat' dir='ltr'> </span> 
     </span>
    </p>
   </div>
   <div class='ocr_carea' id='block_1_6' title="bbox 711 2309 3073 4621">
    <p class='ocr_par' dir='ltr' id='par_1_6' title="bbox 711 2309 3073 4621">
     <span class='ocr_line' id='line_1_18' title="bbox 712 2309 3066 2398; baseline -0.006 -13"><span class='ocrx_word' id='word_1_136' title='bbox 712 2312 808 2385; x_wconf 81' lang='lat'>32</span> <span class='ocrx_word' id='word_1_137' title='bbox 821 2312 890 2382; x_wconf 85' lang='lat'>7.</span> <span class='ocrx_word' id='word_1_138' title='bbox 933 2315 1255 2381; x_wconf 69' lang='lat' dir='ltr'>Com-aduc</span> <span class='ocrx_word' id='word_1_139' title='bbox 1298 2313 1411 2380; x_wconf 86' lang='lat' dir='ltr'>III</span> <span class='ocrx_word' id='word_1_140' title='bbox 1452 2337 1566 2380; x_wconf 72' lang='lat' dir='ltr'>rex</span> <span class='ocrx_word' id='word_1_141' title='bbox 1609 2312 1975 2380; x_wconf 64' lang='lat' dir='ltr'>Heius-icum</span> <span class='ocrx_word' id='word_1_142' title='bbox 2034 2310 2568 2398; x_wconf 68' lang='lat' dir='ltr'>archiepiscopum</span> <span class='ocrx_word' id='word_1_143' title='bbox 2623 2309 3066 2395; x_wconf 73' lang='lat' dir='ltr'>Moyuntimam</span> 
     </span>
     <span class='ocr_line' id='line_1_19' title="bbox 930 2426 3069 2514; baseline -0.003 -19"><span class='ocrx_word' id='word_1_144' title='bbox 930 2429 1232 2512; x_wconf 71' lang='lat' dir='ltr'>hortatur,</span> <span class='ocrx_word' id='word_1_145' title='bbox 1278 2441 1347 2495; x_wconf 75' lang='lat' dir='ltr'>ut</span> <span class='ocrx_word' id='word_1_146' title='bbox 1375 2431 1657 2496; x_wconf 83' lang='lat' dir='ltr'>Amoldo</span> <span class='ocrx_word' id='word_1_147' title='bbox 1688 2427 1765 2494; x_wconf 88' lang='lat' dir='ltr'>II</span> <span class='ocrx_word' id='word_1_148' title='bbox 1784 2429 1971 2494; x_wconf 78' lang='lat' dir='ltr'>electo</span> <span class='ocrx_word' id='word_1_149' title='bbox 2003 2426 2464 2514; x_wconf 72' lang='lat' dir='ltr'>archiepiscopo</span> <span class='ocrx_word' id='word_1_150' title='bbox 2502 2426 2872 2505; x_wconf 72' lang='lat' dir='ltr'>Coloniensi,</span> <span class='ocrx_word' id='word_1_151' title='bbox 2906 2449 3069 2512; x_wconf 77' lang='lat' dir='ltr'>quae</span> 
     </span>
     <span class='ocr_line' id='line_1_20' title="bbox 933 2537 3067 2634; baseline -0.003 -23"><span class='ocrx_word' id='word_1_152' title='bbox 933 2548 1001 2611; x_wconf 73' lang='lat' dir='ltr'>in</span> <span class='ocrx_word' id='word_1_153' title='bbox 1036 2548 1483 2634; x_wconf 74' lang='lat' dir='ltr'>praepositura</span> <span class='ocrx_word' id='word_1_154' title='bbox 1513 2545 1954 2632; x_wconf 73' lang='lat' dir='ltr'>Limburqensi</span> <span class='ocrx_word' id='word_1_155' title='bbox 1999 2542 2331 2624; x_wconf 61' lang='lat' dir='ltr'>abstula-it,</span> <span class='ocrx_word' id='word_1_156' title='bbox 2378 2544 2672 2607; x_wconf 72' lang='lat' dir='ltr'>restituat.</span> <span class='ocrx_word' id='word_1_157' title='bbox 2744 2537 2857 2620; x_wconf 84' lang='lat' dir='ltr'>(M.</span> <span class='ocrx_word' id='word_1_158' title='bbox 2884 2539 3067 2619; x_wconf 80' lang='lat'>312.)</span> 
     </span>
     <span class='ocr_line' id='line_1_21' title="bbox 892 2673 3072 2764; baseline -0.002 -19"><span class='ocrx_word' id='word_1_159' title='bbox 892 2678 1268 2762; x_wconf 84' lang='lat' dir='ltr'>C(onradus)</span> <span class='ocrx_word' id='word_1_160' title='bbox 1299 2678 1423 2746; x_wconf 89' lang='lat' dir='ltr'>Dei</span> <span class='ocrx_word' id='word_1_161' title='bbox 1466 2679 1676 2764; x_wconf 87' lang='lat' dir='ltr'>gratia</span> <span class='ocrx_word' id='word_1_162' title='bbox 1706 2677 2135 2744; x_wconf 88' lang='lat' dir='ltr'>Romanorum</span> <span class='ocrx_word' id='word_1_163' title='bbox 2175 2695 2291 2742; x_wconf 93' lang='lat' dir='ltr'>rex</span> <span class='ocrx_word' id='word_1_164' title='bbox 2320 2674 2671 2757; x_wconf 85' lang='lat' dir='ltr'>H(einrico)</span> <span class='ocrx_word' id='word_1_165' title='bbox 2715 2673 3072 2742; x_wconf 80' lang='lat' dir='ltr'>venerabili</span> 
     </span>
     <span class='ocr_line' id='line_1_22' title="bbox 711 2791 2786 2882; baseline -0.003 -18"><span class='ocrx_word' id='word_1_166' title='bbox 711 2794 1082 2881; x_wconf 84' lang='lat' dir='ltr'>Moguntino</span> <span class='ocrx_word' id='word_1_167' title='bbox 1129 2794 1601 2882; x_wconf 88' lang='lat' dir='ltr'>archiepiscopo</span> <span class='ocrx_word' id='word_1_168' title='bbox 1647 2794 1921 2879; x_wconf 90' lang='lat' dir='ltr'>gratiam</span> <span class='ocrx_word' id='word_1_169' title='bbox 1965 2812 2148 2860; x_wconf 89' lang='lat' dir='ltr'>suam</span> <span class='ocrx_word' id='word_1_170' title='bbox 2194 2797 2259 2858; x_wconf 92' lang='lat' dir='ltr'>et</span> <span class='ocrx_word' id='word_1_171' title='bbox 2302 2812 2489 2858; x_wconf 91' lang='lat' dir='ltr'>omne</span> <span class='ocrx_word' id='word_1_172' title='bbox 2529 2791 2786 2859; x_wconf 91' lang='lat' dir='ltr'>bonum.</span> 
     </span>
     <span class='ocr_line' id='line_1_23' title="bbox 892 2907 3070 2999; baseline -0.002 -21"><span class='ocrx_word' id='word_1_173' title='bbox 892 2911 1362 2995; x_wconf 87' lang='lat' dir='ltr'>Rogaveramus</span> <span class='ocrx_word' id='word_1_174' title='bbox 1393 2910 1855 2999; x_wconf 83' lang='lat' dir='ltr'>experientiam</span> <span class='ocrx_word' id='word_1_175' title='bbox 1883 2915 2059 2977; x_wconf 89' lang='lat' dir='ltr'>tuam</span> <span class='ocrx_word' id='word_1_176' title='bbox 2088 2929 2205 2996; x_wconf 89' lang='lat' dir='ltr'>per</span> <span class='ocrx_word' id='word_1_177' title='bbox 2233 2907 2481 2974; x_wconf 87' lang='lat' dir='ltr'>litteras</span> <span class='ocrx_word' id='word_1_178' title='bbox 2508 2913 2761 2974; x_wconf 88' lang='lat' dir='ltr'>nostras</span> <span class='ocrx_word' id='word_1_179' title='bbox 2793 2912 2861 2973; x_wconf 86' lang='lat' dir='ltr'>et</span> <span class='ocrx_word' id='word_1_180' title='bbox 2886 2928 3070 2974; x_wconf 89' lang='lat' dir='ltr'>man-</span> 
     </span>
     <span class='ocr_line' id='line_1_24' title="bbox 716 3025 3070 3115; baseline -0.002 -19"><span class='ocrx_word' id='word_1_181' title='bbox 716 3030 867 3096; x_wconf 88' lang='lat' dir='ltr'>data</span> <span class='ocrx_word' id='word_1_182' title='bbox 907 3028 1054 3115; x_wconf 90' lang='lat' dir='ltr'>plus</span> <span class='ocrx_word' id='word_1_183' title='bbox 1101 3047 1291 3113; x_wconf 84' lang='lat' dir='ltr'>quam</span> <span class='ocrx_word' id='word_1_184' title='bbox 1335 3027 1531 3095; x_wconf 90' lang='lat' dir='ltr'>tercio</span> <span class='ocrx_word' id='word_1_185' title='bbox 1545 3077 1564 3112; x_wconf 94' lang='lat'>,</span> <span class='ocrx_word' id='word_1_186' title='bbox 1620 3032 1725 3113; x_wconf 89' lang='lat' dir='ltr'>ut,</span> <span class='ocrx_word' id='word_1_187' title='bbox 1784 3026 1952 3112; x_wconf 91' lang='lat' dir='ltr'>quod</span> <span class='ocrx_word' id='word_1_188' title='bbox 2005 3026 2163 3093; x_wconf 89' lang='lat' dir='ltr'>iuris</span> <span class='ocrx_word' id='word_1_189' title='bbox 2220 3025 2317 3091; x_wconf 92' lang='lat' dir='ltr'>tui</span> <span class='ocrx_word' id='word_1_190' title='bbox 2371 3044 2508 3091; x_wconf 90' lang='lat' dir='ltr'>esse</span> <span class='ocrx_word' id='word_1_191' title='bbox 2555 3025 2961 3107; x_wconf 87' lang='lat' dir='ltr'>cognoscitur</span> <span class='ocrx_word' id='word_1_192' title='bbox 3004 3026 3070 3092; x_wconf 90' lang='lat' dir='ltr'>in</span> 
     </span>
     <span class='ocr_line' id='line_1_25' title="bbox 717 3139 3069 3234; baseline -0.002 -21"><span class='ocrx_word' id='word_1_193' title='bbox 717 3146 1119 3234; x_wconf 88' lang='lat' dir='ltr'>prepositura</span> <span class='ocrx_word' id='word_1_194' title='bbox 1182 3144 1259 3211; x_wconf 88' lang='lat' dir='ltr'>de</span> <span class='ocrx_word' id='word_1_195' title='bbox 1304 3142 1694 3231; x_wconf 88' lang='lat' dir='ltr'>Lempurch,</span> <span class='ocrx_word' id='word_1_196' title='bbox 1754 3143 1836 3209; x_wconf 90' lang='lat' dir='ltr'>ad</span> <span class='ocrx_word' id='word_1_197' title='bbox 1888 3147 2144 3209; x_wconf 89' lang='lat' dir='ltr'>nostrae</span> <span class='ocrx_word' id='word_1_198' title='bbox 2197 3139 2541 3215; x_wconf 88' lang='lat' dir='ltr'>voluntatis</span> <span class='ocrx_word' id='word_1_199' title='bbox 2603 3160 2678 3207; x_wconf 88' lang='lat' dir='ltr'>ac</span> <span class='ocrx_word' id='word_1_200' title='bbox 2732 3141 3069 3227; x_wconf 88' lang='lat' dir='ltr'>peticionis</span> 
     </span>
     <span class='ocr_line' id='line_1_26' title="bbox 717 3257 3073 3346; baseline -0.002 -17"><span class='ocrx_word' id='word_1_201' title='bbox 717 3268 944 3330; x_wconf 90' lang='lat' dir='ltr'>nutum</span> <span class='ocrx_word' id='word_1_202' title='bbox 1000 3262 1070 3327; x_wconf 91' lang='lat' dir='ltr'>in</span> <span class='ocrx_word' id='word_1_203' title='bbox 1127 3280 1240 3346; x_wconf 92' lang='lat' dir='ltr'>spe</span> <span class='ocrx_word' id='word_1_204' title='bbox 1293 3258 1497 3327; x_wconf 88' lang='lat' dir='ltr'>fidelis</span> <span class='ocrx_word' id='word_1_205' title='bbox 1551 3258 1988 3326; x_wconf 86' lang='lat' dir='ltr'>retributionis</span> <span class='ocrx_word' id='word_1_206' title='bbox 2045 3257 2403 3342; x_wconf 85' lang='lat' dir='ltr'>ordinares,</span> <span class='ocrx_word' id='word_1_207' title='bbox 2460 3261 2770 3344; x_wconf 88' lang='lat' dir='ltr'>oportuno</span> <span class='ocrx_word' id='word_1_208' title='bbox 2828 3258 3073 3324; x_wconf 86' lang='lat' dir='ltr'>scilicet</span> 
     </span>
     <span class='ocr_line' id='line_1_27' title="bbox 718 3372 3072 3464; baseline -0.002 -19"><span class='ocrx_word' id='word_1_209' title='bbox 718 3382 1036 3464; x_wconf 87' lang='lat' dir='ltr'>tempore,</span> <span class='ocrx_word' id='word_1_210' title='bbox 1093 3376 1342 3462; x_wconf 91' lang='lat' dir='ltr'>quando</span> <span class='ocrx_word' id='word_1_211' title='bbox 1395 3375 1514 3442; x_wconf 91' lang='lat' dir='ltr'>hoc</span> <span class='ocrx_word' id='word_1_212' title='bbox 1567 3373 1708 3442; x_wconf 90' lang='lat' dir='ltr'>fieri</span> <span class='ocrx_word' id='word_1_213' title='bbox 1764 3394 1981 3441; x_wconf 88' lang='lat' dir='ltr'>sacrae</span> <span class='ocrx_word' id='word_1_214' title='bbox 2034 3373 2206 3458; x_wconf 85' lang='lat' dir='ltr'>lsges</span> <span class='ocrx_word' id='word_1_215' title='bbox 2259 3394 2389 3440; x_wconf 91' lang='lat' dir='ltr'>non</span> <span class='ocrx_word' id='word_1_216' title='bbox 2441 3372 2870 3460; x_wconf 89' lang='lat' dir='ltr'>prohiberent.</span> <span class='ocrx_word' id='word_1_217' title='bbox 2978 3374 3072 3440; x_wconf 90' lang='lat' dir='ltr'>Tu</span> 
     </span>
     <span class='ocr_line' id='line_1_28' title="bbox 720 3489 3071 3579; baseline -0.001 -19"><span class='ocrx_word' id='word_1_218' title='bbox 720 3514 871 3561; x_wconf 90' lang='lat' dir='ltr'>vero</span> <span class='ocrx_word' id='word_1_219' title='bbox 916 3492 1291 3579; x_wconf 90' lang='lat' dir='ltr'>peticionem</span> <span class='ocrx_word' id='word_1_220' title='bbox 1336 3497 1619 3558; x_wconf 90' lang='lat' dir='ltr'>nostram</span> <span class='ocrx_word' id='word_1_221' title='bbox 1659 3511 1789 3557; x_wconf 93' lang='grc'><strong>11011</strong></span> <span class='ocrx_word' id='word_1_222' title='bbox 1819 3490 2025 3557; x_wconf 91' lang='lat' dir='ltr'>solum</span> <span class='ocrx_word' id='word_1_223' title='bbox 2067 3510 2197 3556; x_wconf 93' lang='grc'><strong>11011</strong></span> <span class='ocrx_word' id='word_1_224' title='bbox 2227 3489 2561 3574; x_wconf 86' lang='lat' dir='ltr'>exaudisti,</span> <span class='ocrx_word' id='word_1_225' title='bbox 2607 3510 2832 3557; x_wconf 89' lang='lat' dir='ltr'>verum</span> <span class='ocrx_word' id='word_1_226' title='bbox 2878 3491 3071 3557; x_wconf 87' lang='lat' dir='ltr'>etiam</span> 
     </span>
     <span class='ocr_line' id='line_1_29' title="bbox 725 3605 3070 3691; baseline -0.001 -15"><span class='ocrx_word' id='word_1_227' title='bbox 725 3608 1064 3676; x_wconf 85' lang='lat' dir='ltr'>aecclesiae</span> <span class='ocrx_word' id='word_1_228' title='bbox 1108 3607 1498 3679; x_wconf 86' lang='lat' dir='ltr'>Coloniensis</span> <span class='ocrx_word' id='word_1_229' title='bbox 1546 3607 1834 3691; x_wconf 87' lang='lat' dir='ltr'>electum,</span> <span class='ocrx_word' id='word_1_230' title='bbox 1885 3606 2155 3673; x_wconf 87' lang='lat' dir='ltr'>necdum</span> <span class='ocrx_word' id='word_1_231' title='bbox 2200 3605 2406 3673; x_wconf 89' lang='lat' dir='ltr'>eidem</span> <span class='ocrx_word' id='word_1_232' title='bbox 2447 3606 2763 3672; x_wconf 88' lang='lat' dir='ltr'>vocationi</span> <span class='ocrx_word' id='word_1_233' title='bbox 2808 3626 3070 3674; x_wconf 88' lang='lat' dir='ltr'>consen-</span> 
     </span>
     <span class='ocr_line' id='line_1_30' title="bbox 725 3722 3069 3809; baseline -0.002 -17"><span class='ocrx_word' id='word_1_234' title='bbox 725 3725 1009 3808; x_wconf 91' lang='lat' dir='ltr'>tientem,</span> <span class='ocrx_word' id='word_1_235' title='bbox 1056 3728 1277 3791; x_wconf 90' lang='lat' dir='ltr'>contra</span> <span class='ocrx_word' id='word_1_236' title='bbox 1320 3724 1622 3791; x_wconf 86' lang='lat' dir='ltr'>canonica</span> <span class='ocrx_word' id='word_1_237' title='bbox 1664 3722 1961 3790; x_wconf 86' lang='lat' dir='ltr'>instituta</span> <span class='ocrx_word' id='word_1_238' title='bbox 2002 3722 2399 3809; x_wconf 88' lang='lat' dir='ltr'>possessione</span> <span class='ocrx_word' id='word_1_239' title='bbox 2443 3742 2560 3788; x_wconf 89' lang='lat' dir='ltr'>sua</span> <span class='ocrx_word' id='word_1_240' title='bbox 2600 3722 2879 3789; x_wconf 91' lang='lat' dir='ltr'>nudasti.</span> <span class='ocrx_word' id='word_1_241' title='bbox 2973 3722 3069 3789; x_wconf 89' lang='lat' dir='ltr'>Si-</span> 
     </span>
     <span class='ocr_line' id='line_1_31' title="bbox 728 3838 3069 3928; baseline -0.002 -19"><span class='ocrx_word' id='word_1_242' title='bbox 728 3841 982 3928; x_wconf 90' lang='lat' dir='ltr'>quidem</span> <span class='ocrx_word' id='word_1_243' title='bbox 996 3889 1016 3925; x_wconf 88' lang='lat'>,</span> <span class='ocrx_word' id='word_1_244' title='bbox 1077 3859 1222 3906; x_wconf 92' lang='lat' dir='ltr'>cum</span> <span class='ocrx_word' id='word_1_245' title='bbox 1278 3840 1481 3908; x_wconf 88' lang='lat' dir='ltr'>adhuc</span> <span class='ocrx_word' id='word_1_246' title='bbox 1537 3839 1843 3906; x_wconf 82' lang='lat' dir='ltr'>detrectet</span> <span class='ocrx_word' id='word_1_247' title='bbox 1893 3858 2050 3905; x_wconf 88' lang='lat' dir='ltr'>onus</span> <span class='ocrx_word' id='word_1_248' title='bbox 2108 3838 2189 3905; x_wconf 90' lang='lat' dir='ltr'>ad</span> <span class='ocrx_word' id='word_1_249' title='bbox 2245 3838 2573 3905; x_wconf 83' lang='lat' dir='ltr'>ferendum</span> <span class='ocrx_word' id='word_1_250' title='bbox 2629 3838 2954 3925; x_wconf 88' lang='lat' dir='ltr'>suscipere</span> <span class='ocrx_word' id='word_1_251' title='bbox 3009 3843 3069 3905; x_wconf 92' lang='lat' dir='ltr'>et</span> 
     </span>
     <span class='ocr_line' id='line_1_32' title="bbox 729 3953 3069 4043; baseline -0.002 -17"><span class='ocrx_word' id='word_1_252' title='bbox 729 3978 865 4026; x_wconf 90' lang='lat' dir='ltr'>rem</span> <span class='ocrx_word' id='word_1_253' title='bbox 909 3976 1160 4023; x_wconf 91' lang='lat' dir='ltr'>omnem</span> <span class='ocrx_word' id='word_1_254' title='bbox 1190 3955 1508 4023; x_wconf 87' lang='lat' dir='ltr'>distulerit</span> <span class='ocrx_word' id='word_1_255' title='bbox 1536 3976 1736 4043; x_wconf 89' lang='lat' dir='ltr'>usque</span> <span class='ocrx_word' id='word_1_256' title='bbox 1766 3956 1848 4023; x_wconf 86' lang='lat' dir='ltr'>ad</span> <span class='ocrx_word' id='word_1_257' title='bbox 1876 3953 2263 4043; x_wconf 89' lang='lat' dir='ltr'>presentiam</span> <span class='ocrx_word' id='word_1_258' title='bbox 2295 3959 2360 4021; x_wconf 90' lang='lat' dir='ltr'>et</span> <span class='ocrx_word' id='word_1_259' title='bbox 2388 3955 2830 4021; x_wconf 85' lang='lat' dir='ltr'>auctoritatem</span> <span class='ocrx_word' id='word_1_260' title='bbox 2860 3955 3069 4022; x_wconf 90' lang='lat' dir='ltr'>domni</span> 
     </span>
     <span class='ocr_line' id='line_1_33' title="bbox 730 4070 3067 4161; baseline -0.001 -22"><span class='ocrx_word' id='word_1_261' title='bbox 730 4092 955 4161; x_wconf 89' lang='lat' dir='ltr'>papae,</span> <span class='ocrx_word' id='word_1_262' title='bbox 1003 4073 1281 4140; x_wconf 89' lang='lat' dir='ltr'>amoveri</span> <span class='ocrx_word' id='word_1_263' title='bbox 1326 4072 1366 4139; x_wconf 77' lang='lat' dir='ltr'>a</span> <span class='ocrx_word' id='word_1_264' title='bbox 1408 4073 1609 4157; x_wconf 83' lang='lat' dir='ltr'>gradu</span> <span class='ocrx_word' id='word_1_265' title='bbox 1651 4072 1940 4140; x_wconf 88' lang='lat' dir='ltr'>inferiori</span> <span class='ocrx_word' id='word_1_266' title='bbox 1980 4092 2109 4138; x_wconf 93' lang='grc'><strong>11011</strong></span> <span class='ocrx_word' id='word_1_267' title='bbox 2155 4071 2391 4154; x_wconf 81' lang='lat' dir='ltr'>debuit,</span> <span class='ocrx_word' id='word_1_268' title='bbox 2436 4070 2547 4155; x_wconf 89' lang='lat' dir='ltr'>qui</span> <span class='ocrx_word' id='word_1_269' title='bbox 2590 4070 2884 4137; x_wconf 88' lang='lat' dir='ltr'>altiorem</span> <span class='ocrx_word' id='word_1_270' title='bbox 2927 4090 3067 4137; x_wconf 88' lang='lat' dir='ltr'>con·</span> 
     </span>
     <span class='ocr_line' id='line_1_34' title="bbox 732 4186 3069 4273; baseline -0.002 -17"><span class='ocrx_word' id='word_1_271' title='bbox 732 4190 1029 4257; x_wconf 89' lang='lat' dir='ltr'>scendere</span> <span class='ocrx_word' id='word_1_272' title='bbox 1071 4188 1455 4255; x_wconf 82' lang='lat' dir='ltr'>formidavit.</span> <span class='ocrx_word' id='word_1_273' title='bbox 1531 4188 1619 4256; x_wconf 88' lang='lat' dir='ltr'>Et</span> <span class='ocrx_word' id='word_1_274' title='bbox 1674 4208 1819 4255; x_wconf 88' lang='lat' dir='ltr'>cum</span> <span class='ocrx_word' id='word_1_275' title='bbox 1875 4187 2257 4255; x_wconf 85' lang='lat' dir='ltr'>examinatio</span> <span class='ocrx_word' id='word_1_276' title='bbox 2313 4186 2612 4273; x_wconf 89' lang='lat' dir='ltr'>precedat</span> <span class='ocrx_word' id='word_1_277' title='bbox 2655 4188 3069 4254; x_wconf 87' lang='lat' dir='ltr'>consecratio-</span> 
     </span>
     <span class='ocr_line' id='line_1_35' title="bbox 731 4300 3067 4393; baseline -0.003 -20"><span class='ocrx_word' id='word_1_278' title='bbox 731 4326 900 4390; x_wconf 90' lang='lat' dir='ltr'>nem,</span> <span class='ocrx_word' id='word_1_279' title='bbox 945 4305 1257 4372; x_wconf 88' lang='lat' dir='ltr'>removeri</span> <span class='ocrx_word' id='word_1_280' title='bbox 1302 4305 1559 4390; x_wconf 89' lang='lat' dir='ltr'>quidam</span> <span class='ocrx_word' id='word_1_281' title='bbox 1604 4305 1644 4371; x_wconf 79' lang='lat' dir='ltr'>a</span> <span class='ocrx_word' id='word_1_282' title='bbox 1688 4304 1919 4372; x_wconf 89' lang='lat' dir='ltr'>summi</span> <span class='ocrx_word' id='word_1_283' title='bbox 1974 4303 2333 4393; x_wconf 86' lang='lat' dir='ltr'>sacerdotii</span> <span class='ocrx_word' id='word_1_284' title='bbox 2355 4300 2558 4368; x_wconf 89' lang='lat' dir='ltr'>officio</span> <span class='ocrx_word' id='word_1_285' title='bbox 2602 4308 2905 4389; x_wconf 89' lang='lat' dir='ltr'>possunt,</span> <span class='ocrx_word' id='word_1_286' title='bbox 2964 4302 3067 4388; x_wconf 91' lang='lat' dir='ltr'>qui</span> 
     </span>
     <span class='ocr_line' id='line_1_36' title="bbox 732 4419 3061 4509; baseline -0.003 -20"><span class='ocrx_word' id='word_1_287' title='bbox 732 4426 950 4489; x_wconf 88' lang='lat' dir='ltr'>tamen</span> <span class='ocrx_word' id='word_1_288' title='bbox 994 4420 1150 4487; x_wconf 86' lang='lat' dir='ltr'>alias</span> <span class='ocrx_word' id='word_1_289' title='bbox 1196 4420 1532 4489; x_wconf 89' lang='lat' dir='ltr'>aecclesiae</span> <span class='ocrx_word' id='word_1_290' title='bbox 1576 4420 1982 4509; x_wconf 81' lang='lat' dir='ltr'>ychonomias</span> <span class='ocrx_word' id='word_1_291' title='bbox 2027 4426 2197 4489; x_wconf 90' lang='lat' dir='ltr'>recte</span> <span class='ocrx_word' id='word_1_292' title='bbox 2253 4419 2719 4487; x_wconf 88' lang='lat' dir='ltr'>amministrare</span> <span class='ocrx_word' id='word_1_293' title='bbox 2787 4423 3061 4509; x_wconf 87' lang='lat' dir='ltr'>possunt.</span> 
     </span>
     <span class='ocr_line' id='line_1_37' title="bbox 879 4552 1362 4621; baseline -0.002 -13"><span class='ocrx_word' id='word_1_294' title='bbox 879 4553 933 4608; x_wconf 92' lang='lat'>1.</span> <span class='ocrx_word' id='word_1_295' title='bbox 967 4552 1136 4608; x_wconf 77' lang='lat' dir='ltr'>Marc.</span> <span class='ocrx_word' id='word_1_296' title='bbox 1162 4552 1246 4621; x_wconf 83' lang='lat'>14,</span> <span class='ocrx_word' id='word_1_297' title='bbox 1277 4552 1362 4608; x_wconf 84' lang='lat'>52.</span> 
     </span>
    </p>
   </div>
  </div>
 </body>
</html>
