<?xml version="1.0" encoding="UTF-8"?>
<!DOCTYPE html PUBLIC "-//W3C//DTD XHTML 1.0 Transitional//EN"
    "http://www.w3.org/TR/xhtml1/DTD/xhtml1-transitional.dtd">
<html xmlns="http://www.w3.org/1999/xhtml" xml:lang="en" lang="en">
 <head>
  <title>
</title>
<meta http-equiv="Content-Type" content="text/html;charset=utf-8" />
  <meta name='ocr-system' content='tesseract 3.04.00' />
  <meta name='ocr-capabilities' content='ocr_page ocr_carea ocr_par ocr_line ocrx_word'/>
</head>
<body>
  <div class='ocr_page' id='page_1' title='image "./monumentacorbei00corvgoog_0034.png"; bbox 0 0 3319 5242; ppageno 0'>
   <div class='ocr_carea' id='block_1_1' title="bbox 705 461 2221 529">
    <p class='ocr_par' dir='ltr' id='par_1_1' title="bbox 705 461 2221 529">
     <span class='ocr_line' id='line_1_1' title="bbox 705 461 2221 529; baseline -0.001 -2"><span class='ocrx_word' id='word_1_1' title='bbox 705 461 785 529; x_wconf 88' lang='grc'><strong>18</strong></span> <span class='ocrx_word' id='word_1_2' title='bbox 1515 478 1946 527; x_wconf 67' lang='lat' dir='ltr'><strong>Tmsmno</strong></span> <span class='ocrx_word' id='word_1_3' title='bbox 1992 478 2046 527; x_wconf 88' lang='lat' dir='ltr'><strong>s.</strong></span> <span class='ocrx_word' id='word_1_4' title='bbox 2076 480 2221 526; x_wconf 83' lang='lat' dir='ltr'><strong>vrr1</strong></span> 
     </span>
    </p>
   </div>
   <div class='ocr_carea' id='block_1_2' title="bbox 387 614 3069 4293">
    <p class='ocr_par' dir='ltr' id='par_1_2' title="bbox 464 614 3048 713">
     <span class='ocr_line' id='line_1_2' title="bbox 464 614 3048 713; baseline 0 -30"><span class='ocrx_word' id='word_1_5' title='bbox 464 700 473 713; x_wconf 93' lang='lat'><strong>.</strong></span> <span class='ocrx_word' id='word_1_6' title='bbox 520 627 626 681; x_wconf 83' lang='grc'><strong>836</strong></span> <span class='ocrx_word' id='word_1_7' title='bbox 696 619 1036 704; x_wconf 82' lang='lat' dir='ltr'><strong>Baltrudis‚</strong></span> <span class='ocrx_word' id='word_1_8' title='bbox 1084 640 1244 705; x_wconf 89' lang='lat' dir='ltr'><strong>quae</strong></span> <span class='ocrx_word' id='word_1_9' title='bbox 1289 640 1475 687; x_wconf 88' lang='lat' dir='ltr'><strong>caeca</strong></span> <span class='ocrx_word' id='word_1_10' title='bbox 1517 620 1639 688; x_wconf 85' lang='lat' dir='ltr'><strong>fuit</strong></span> <span class='ocrx_word' id='word_1_11' title='bbox 1684 622 1866 688; x_wconf 88' lang='lat' dir='ltr'><strong>annis</strong></span> <span class='ocrx_word' id='word_1_12' title='bbox 1897 620 2192 707; x_wconf 88' lang='lat' dir='ltr'><strong>quinque,</strong></span> <span class='ocrx_word' id='word_1_13' title='bbox 2242 625 2307 687; x_wconf 90' lang='lat' dir='ltr'><strong>et</strong></span> <span class='ocrx_word' id='word_1_14' title='bbox 2332 638 2564 686; x_wconf 89' lang='lat' dir='ltr'><strong>nomen</strong></span> <span class='ocrx_word' id='word_1_15' title='bbox 2595 616 2855 684; x_wconf 87' lang='lat' dir='ltr'><strong>alterius</strong></span> <span class='ocrx_word' id='word_1_16' title='bbox 2888 614 3048 684; x_wconf 88' lang='lat' dir='ltr'><strong>Ger-</strong></span> 
     </span>
    </p>

    <p class='ocr_par' dir='ltr' id='par_1_3' title="bbox 387 699 3051 824">
     <span class='ocr_line' id='line_1_3' title="bbox 387 699 3051 824; baseline -0.001 -22"><span class='ocrx_word' id='word_1_17' title='bbox 387 699 585 747; x_wconf 54' lang='lat' dir='ltr'><strong>Mm&#39;w‘</strong></span> <span class='ocrx_word' id='word_1_18' title='bbox 603 702 662 747; x_wconf 68' lang='lat'><strong>²³</strong></span> <span class='ocrx_word' id='word_1_19' title='bbox 694 736 885 802; x_wconf 91' lang='lat' dir='ltr'><strong>lindis</strong></span> <span class='ocrx_word' id='word_1_20' title='bbox 902 746 943 821; x_wconf 73' lang='lat'><strong>³,</strong></span> <span class='ocrx_word' id='word_1_21' title='bbox 990 756 1178 803; x_wconf 87' lang='lat' dir='ltr'><strong>caeca</strong></span> <span class='ocrx_word' id='word_1_22' title='bbox 1205 737 1526 804; x_wconf 89' lang='lat' dir='ltr'><strong>mensibus</strong></span> <span class='ocrx_word' id='word_1_23' title='bbox 1572 738 1808 820; x_wconf 81' lang='lat' dir='ltr'><strong>tribus3</strong></span> <span class='ocrx_word' id='word_1_24' title='bbox 1858 744 2045 824; x_wconf 89' lang='lat' dir='ltr'><strong>atque</strong></span> <span class='ocrx_word' id='word_1_25' title='bbox 2090 738 2158 803; x_wconf 91' lang='lat' dir='ltr'><strong>in</strong></span> <span class='ocrx_word' id='word_1_26' title='bbox 2200 738 2341 824; x_wconf 88' lang='lat' dir='ltr'><strong>ipso</strong></span> <span class='ocrx_word' id='word_1_27' title='bbox 2370 736 2507 802; x_wconf 92' lang='lat' dir='ltr'><strong>loco</strong></span> <span class='ocrx_word' id='word_1_28' title='bbox 2540 733 2918 802; x_wconf 68' lang='lat' dir='ltr'><strong>sanitatem*</strong></span> <span class='ocrx_word' id='word_1_29' title='bbox 2948 753 3051 800; x_wconf 87' lang='lat' dir='ltr'><strong>re-</strong></span> 
     </span>
    </p>

    <p class='ocr_par' dir='ltr' id='par_1_4' title="bbox 695 849 3050 941">
     <span class='ocr_line' id='line_1_4' title="bbox 695 849 3050 941; baseline -0.002 -22"><span class='ocrx_word' id='word_1_30' title='bbox 695 854 907 939; x_wconf 90' lang='lat' dir='ltr'><strong>cipere</strong></span> <span class='ocrx_word' id='word_1_31' title='bbox 963 859 1347 919; x_wconf 87' lang='lat' dir='ltr'><strong>meruerunt.</strong></span> <span class='ocrx_word' id='word_1_32' title='bbox 1439 853 1667 920; x_wconf 87' lang='lat' dir='ltr'><strong>Adfuit</strong></span> <span class='ocrx_word' id='word_1_33' title='bbox 1722 855 1916 921; x_wconf 89' lang='lat' dir='ltr'><strong>etiam</strong></span> <span class='ocrx_word' id='word_1_34' title='bbox 1964 854 2034 919; x_wconf 92' lang='lat' dir='ltr'><strong>in</strong></span> <span class='ocrx_word' id='word_1_35' title='bbox 2076 854 2217 941; x_wconf 90' lang='lat' dir='ltr'><strong>ipso</strong></span> <span class='ocrx_word' id='word_1_36' title='bbox 2262 853 2400 919; x_wconf 90' lang='lat' dir='ltr'><strong>loco</strong></span> <span class='ocrx_word' id='word_1_37' title='bbox 2445 850 2747 939; x_wconf 89' lang='lat' dir='ltr'><strong>puerulus</strong></span> <span class='ocrx_word' id='word_1_38' title='bbox 2789 849 3050 916; x_wconf 86' lang='lat' dir='ltr'><strong>nomine</strong></span> 
     </span>
    </p>

    <p class='ocr_par' dir='ltr' id='par_1_5' title="bbox 695 966 3045 1056">
     <span class='ocr_line' id='line_1_5' title="bbox 695 966 3045 1056; baseline -0.002 -20"><span class='ocrx_word' id='word_1_39' title='bbox 695 968 992 1036; x_wconf 89' lang='lat' dir='ltr'><strong>Warinus</strong></span> <span class='ocrx_word' id='word_1_40' title='bbox 1046 970 1179 1037; x_wconf 84' lang='lat' dir='ltr'><strong>fere</strong></span> <span class='ocrx_word' id='word_1_41' title='bbox 1241 990 1550 1036; x_wconf 89' lang='lat' dir='ltr'><strong>annorum</strong></span> <span class='ocrx_word' id='word_1_42' title='bbox 1610 976 1750 1038; x_wconf 90' lang='lat' dir='ltr'><strong>octo</strong></span> <span class='ocrx_word' id='word_1_43' title='bbox 1764 1020 1783 1055; x_wconf 88' lang='lat'>,</span> <span class='ocrx_word' id='word_1_44' title='bbox 1844 971 1952 1056; x_wconf 88' lang='lat' dir='ltr'><strong>qui</strong></span> <span class='ocrx_word' id='word_1_45' title='bbox 1998 974 2134 1037; x_wconf 87' lang='lat' dir='ltr'><strong>erat</strong></span> <span class='ocrx_word' id='word_1_46' title='bbox 2180 989 2259 1036; x_wconf 83' lang='lat' dir='ltr'><strong>ex</strong></span> <span class='ocrx_word' id='word_1_47' title='bbox 2305 970 2476 1036; x_wconf 92' lang='lat' dir='ltr'><strong>omni</strong></span> <span class='ocrx_word' id='word_1_48' title='bbox 2520 974 2704 1056; x_wconf 86' lang='lat' dir='ltr'><strong>parte</strong></span> <span class='ocrx_word' id='word_1_49' title='bbox 2749 966 3045 1049; x_wconf 86' lang='lat' dir='ltr'><strong>claudus;</strong></span> 
     </span>
    </p>

    <p class='ocr_par' dir='ltr' id='par_1_6' title="bbox 695 1083 3048 1177">
     <span class='ocr_line' id='line_1_6' title="bbox 695 1083 3048 1177; baseline -0.001 -25"><span class='ocrx_word' id='word_1_50' title='bbox 695 1091 760 1152; x_wconf 90' lang='lat' dir='ltr'><strong>et</strong></span> <span class='ocrx_word' id='word_1_51' title='bbox 825 1106 975 1152; x_wconf 86' lang='lat' dir='ltr'><strong>mox</strong></span> <span class='ocrx_word' id='word_1_52' title='bbox 1037 1091 1109 1152; x_wconf 89' lang='lat' dir='ltr'><strong>ut</strong></span> <span class='ocrx_word' id='word_1_53' title='bbox 1162 1087 1429 1154; x_wconf 85' lang='lat' dir='ltr'><strong>accessit</strong></span> <span class='ocrx_word' id='word_1_54' title='bbox 1484 1086 1566 1153; x_wconf 89' lang='lat' dir='ltr'><strong>ad</strong></span> <span class='ocrx_word' id='word_1_55' title='bbox 1618 1087 1958 1171; x_wconf 83' lang='lat' dir='ltr'><strong>feretrum,</strong></span> <span class='ocrx_word' id='word_1_56' title='bbox 2026 1087 2119 1153; x_wconf 89' lang='lat' dir='ltr'><strong>ita</strong></span> <span class='ocrx_word' id='word_1_57' title='bbox 2175 1084 2601 1152; x_wconf 81' lang='lat' dir='ltr'>consolidatae</span> <span class='ocrx_word' id='word_1_58' title='bbox 2656 1089 2805 1151; x_wconf 89' lang='lat' dir='ltr'><strong>sunt</strong></span> <span class='ocrx_word' id='word_1_59' title='bbox 2861 1083 3048 1177; x_wconf 82' lang='lat' dir='ltr'><strong>bases</strong></span> 
     </span>
    </p>

    <p class='ocr_par' dir='ltr' id='par_1_7' title="bbox 696 1199 3051 1288">
     <span class='ocr_line' id='line_1_7' title="bbox 696 1199 3051 1288; baseline -0.001 -20"><span class='ocrx_word' id='word_1_60' title='bbox 696 1202 860 1287; x_wconf 87' lang='lat' dir='ltr'><strong>eius,</strong></span> <span class='ocrx_word' id='word_1_61' title='bbox 918 1208 990 1269; x_wconf 90' lang='lat' dir='ltr'><strong>ut</strong></span> <span class='ocrx_word' id='word_1_62' title='bbox 1033 1223 1245 1270; x_wconf 88' lang='lat' dir='ltr'><strong>coram</strong></span> <span class='ocrx_word' id='word_1_63' title='bbox 1292 1203 1581 1271; x_wconf 92' lang='lat' dir='ltr'><strong>omnibus</strong></span> <span class='ocrx_word' id='word_1_64' title='bbox 1628 1208 1994 1288; x_wconf 79' lang='lat' dir='ltr'><strong>exurgeret⁶</strong></span> <span class='ocrx_word' id='word_1_65' title='bbox 2040 1207 2105 1270; x_wconf 89' lang='lat' dir='ltr'><strong>et</strong></span> <span class='ocrx_word' id='word_1_66' title='bbox 2147 1202 2541 1269; x_wconf 86' lang='lat' dir='ltr'><strong>thuribulum</strong></span> <span class='ocrx_word' id='word_1_67' title='bbox 2586 1221 2730 1269; x_wconf 87' lang='lat' dir='ltr'><strong>cum</strong></span> <span class='ocrx_word' id='word_1_68' title='bbox 2773 1199 3051 1287; x_wconf 81' lang='lat' dir='ltr'><strong>thymia-</strong></span> 
     </span>
    </p>

    <p class='ocr_par' dir='ltr' id='par_1_8' title="bbox 654 1315 3051 1522">
     <span class='ocr_line' id='line_1_8' title="bbox 654 1315 3051 1406; baseline -0 -22"><span class='ocrx_word' id='word_1_69' title='bbox 654 1324 861 1386; x_wconf 35' lang='lat' dir='ltr'><strong>‘mate</strong></span> <span class='ocrx_word' id='word_1_70' title='bbox 915 1319 1324 1405; x_wconf 80' lang='lat' dir='ltr'><strong>vespertinali</strong></span> <span class='ocrx_word' id='word_1_71' title='bbox 1391 1318 1595 1388; x_wconf 89' lang='lat' dir='ltr'><strong>officio</strong></span> <span class='ocrx_word' id='word_1_72' title='bbox 1651 1319 1857 1387; x_wconf 83' lang='lat' dir='ltr'><strong>circa‘¹</strong></span> <span class='ocrx_word' id='word_1_73' title='bbox 1913 1319 2113 1387; x_wconf 86' lang='lat' dir='ltr'><strong>altare</strong></span> <span class='ocrx_word' id='word_1_74' title='bbox 2169 1324 2235 1387; x_wconf 92' lang='lat' dir='ltr'><strong>et</strong></span> <span class='ocrx_word' id='word_1_75' title='bbox 2288 1339 2405 1406; x_wconf 89' lang='lat' dir='ltr'><strong>per</strong></span> <span class='ocrx_word' id='word_1_76' title='bbox 2462 1324 2664 1385; x_wconf 82' lang='lat' dir='ltr'><strong>totam</strong></span> <span class='ocrx_word' id='word_1_77' title='bbox 2717 1315 3051 1385; x_wconf 84' lang='lat' dir='ltr'><strong>ecclesiam</strong></span> 
     </span>
     <span class='ocr_line' id='line_1_9' title="bbox 692 1435 1251 1522; baseline 0.004 -21"><span class='ocrx_word' id='word_1_78' title='bbox 692 1440 948 1522; x_wconf 89' lang='lat' dir='ltr'><strong>portare</strong></span> <span class='ocrx_word' id='word_1_79' title='bbox 994 1435 1251 1503; x_wconf 83' lang='lat' dir='ltr'><strong>valeret.</strong></span> 
     </span>
    </p>

    <p class='ocr_par' dir='ltr' id='par_1_9' title="bbox 470 1547 3057 2802">
     <span class='ocr_line' id='line_1_10' title="bbox 470 1547 3047 1637; baseline -0.001 -21"><span class='ocrx_word' id='word_1_80' title='bbox 470 1568 577 1617; x_wconf 72' lang='lat' dir='ltr'><strong>Mai.</strong></span> <span class='ocrx_word' id='word_1_81' title='bbox 595 1570 656 1617; x_wconf 81' lang='lat'><strong>24</strong></span> <span class='ocrx_word' id='word_1_82' title='bbox 870 1550 1132 1619; x_wconf 87' lang='lat' dir='ltr'><strong>Postera</strong></span> <span class='ocrx_word' id='word_1_83' title='bbox 1177 1552 1279 1620; x_wconf 88' lang='lat' dir='ltr'><strong>die</strong></span> <span class='ocrx_word' id='word_1_84' title='bbox 1324 1552 1447 1619; x_wconf 88' lang='lat' dir='ltr'><strong>iter</strong></span> <span class='ocrx_word' id='word_1_85' title='bbox 1494 1552 1824 1637; x_wconf 79' lang='lat' dir='ltr'>agentibus</span> <span class='ocrx_word' id='word_1_86' title='bbox 1868 1552 1939 1618; x_wconf 90' lang='lat' dir='ltr'><strong>in</strong></span> <span class='ocrx_word' id='word_1_87' title='bbox 1981 1551 2088 1618; x_wconf 86' lang='lat' dir='ltr'><strong>via</strong></span> <span class='ocrx_word' id='word_1_88' title='bbox 2131 1552 2405 1618; x_wconf 87' lang='lat' dir='ltr'><strong>occurrit</strong></span> <span class='ocrx_word' id='word_1_89' title='bbox 2450 1550 2761 1636; x_wconf 80' lang='lat' dir='ltr'><strong>quaedam</strong></span> <span class='ocrx_word' id='word_1_90' title='bbox 2791 1547 3047 1631; x_wconf 87' lang='lat' dir='ltr'><strong>mulier,</strong></span> 
     </span>
     <span class='ocr_line' id='line_1_11' title="bbox 690 1666 3052 1756; baseline 0 -24"><span class='ocrx_word' id='word_1_91' title='bbox 690 1666 899 1734; x_wconf 87' lang='lat' dir='ltr'><strong>ferens</strong></span> <span class='ocrx_word' id='word_1_92' title='bbox 967 1669 1036 1735; x_wconf 91' lang='lat' dir='ltr'><strong>in</strong></span> <span class='ocrx_word' id='word_1_93' title='bbox 1102 1668 1383 1735; x_wconf 90' lang='lat' dir='ltr'><strong>humeris</strong></span> <span class='ocrx_word' id='word_1_94' title='bbox 1452 1689 1722 1756; x_wconf 91' lang='lat' dir='ltr'><strong>puerum</strong></span> <span class='ocrx_word' id='word_1_95' title='bbox 1782 1667 2120 1756; x_wconf 88' lang='lat' dir='ltr'><strong>parvulum</strong></span> <span class='ocrx_word' id='word_1_96' title='bbox 2172 1673 2278 1734; x_wconf 83' lang='lat' dir='ltr'><strong>ut·</strong></span> <span class='ocrx_word' id='word_1_97' title='bbox 2335 1667 2680 1755; x_wconf 86' lang='lat' dir='ltr'><strong>putabatur</strong></span> <span class='ocrx_word' id='word_1_98' title='bbox 2736 1685 3052 1733; x_wconf 87' lang='lat' dir='ltr'><strong>annorum</strong></span> 
     </span>
     <span class='ocr_line' id='line_1_12' title="bbox 691 1776 3052 1871; baseline -0.001 -21"><span class='ocrx_word' id='word_1_99' title='bbox 691 1785 995 1869; x_wconf 82' lang='lat' dir='ltr'><strong>quinque,</strong></span> <span class='ocrx_word' id='word_1_100' title='bbox 1055 1784 1122 1852; x_wconf 84' lang='lat' dir='ltr'><strong>a‘</strong></span> <span class='ocrx_word' id='word_1_101' title='bbox 1165 1785 1487 1853; x_wconf 87' lang='lat' dir='ltr'><strong>mensibus</strong></span> <span class='ocrx_word' id='word_1_102' title='bbox 1540 1805 1689 1852; x_wconf 78' lang='lat' dir='ltr'><strong>vero</strong></span> <span class='ocrx_word' id='word_1_103' title='bbox 1747 1785 2020 1871; x_wconf 91' lang='lat' dir='ltr'><strong>quinque</strong></span> <span class='ocrx_word' id='word_1_104' title='bbox 2066 1776 2357 1851; x_wconf 82' lang='lat' dir='ltr'><strong>claudum</strong></span> <span class='ocrx_word' id='word_1_105' title='bbox 2368 1793 2410 1849; x_wconf 82' lang='lat'><strong>⁸.</strong></span> <span class='ocrx_word' id='word_1_106' title='bbox 2494 1782 2667 1862; x_wconf 88' lang='lat' dir='ltr'><strong>Quae</strong></span> <span class='ocrx_word' id='word_1_107' title='bbox 2721 1802 2868 1850; x_wconf 85' lang='lat' dir='ltr'><strong>eum</strong></span> <span class='ocrx_word' id='word_1_108' title='bbox 2918 1801 3052 1848; x_wconf 90' lang='lat' dir='ltr'><strong>non</strong></span> 
     </span>
     <span class='ocr_line' id='line_1_13' title="bbox 691 1898 3054 1989; baseline -0.001 -23"><span class='ocrx_word' id='word_1_109' title='bbox 691 1900 930 1967; x_wconf 83' lang='lat' dir='ltr'><strong>valeret</strong></span> <span class='ocrx_word' id='word_1_110' title='bbox 984 1922 1140 1988; x_wconf 88' lang='lat' dir='ltr'><strong>prae</strong></span> <span class='ocrx_word' id='word_1_111' title='bbox 1184 1902 1375 1969; x_wconf 89' lang='lat' dir='ltr'><strong>turba</strong></span> <span class='ocrx_word' id='word_1_112' title='bbox 1417 1922 1562 1969; x_wconf 87' lang='lat' dir='ltr'><strong>eum</strong></span> <span class='ocrx_word' id='word_1_113' title='bbox 1604 1902 1747 1989; x_wconf 89' lang='lat' dir='ltr'><strong>ipso</strong></span> <span class='ocrx_word' id='word_1_114' title='bbox 1795 1901 2089 1969; x_wconf 80' lang='lat' dir='ltr'><strong>accedere</strong></span> <span class='ocrx_word' id='word_1_115' title='bbox 2136 1900 2218 1967; x_wconf 82' lang='lat' dir='ltr'><strong>ad</strong></span> <span class='ocrx_word' id='word_1_116' title='bbox 2259 1900 2598 1983; x_wconf 83' lang='lat' dir='ltr'><strong>feretrum,</strong></span> <span class='ocrx_word' id='word_1_117' title='bbox 2655 1899 2934 1987; x_wconf 88' lang='lat' dir='ltr'><strong>propriis</strong></span> <span class='ocrx_word' id='word_1_118' title='bbox 2979 1898 3054 1964; x_wconf 92' lang='lat' dir='ltr'><strong>in</strong></span> 
     </span>
     <span class='ocr_line' id='line_1_14' title="bbox 690 2014 3050 2102; baseline -0 -19"><span class='ocrx_word' id='word_1_119' title='bbox 690 2022 928 2084; x_wconf 89' lang='lat' dir='ltr'><strong>terram</strong></span> <span class='ocrx_word' id='word_1_120' title='bbox 998 2018 1239 2084; x_wconf 81' lang='lat' dir='ltr'><strong>dimisit</strong></span> <span class='ocrx_word' id='word_1_121' title='bbox 1300 2018 1380 2085; x_wconf 89' lang='lat' dir='ltr'><strong>ab</strong></span> <span class='ocrx_word' id='word_1_122' title='bbox 1421 2018 1746 2101; x_wconf 87' lang='lat' dir='ltr'><strong>·humeris;</strong></span> <span class='ocrx_word' id='word_1_123' title='bbox 1816 2024 1881 2085; x_wconf 85' lang='lat' dir='ltr'><strong>et</strong></span> <span class='ocrx_word' id='word_1_124' title='bbox 1933 2018 2229 2102; x_wconf 87' lang='lat' dir='ltr'><strong>ingerens</strong></span> <span class='ocrx_word' id='word_1_125' title='bbox 2285 2038 2353 2084; x_wconf 90' lang='lat' dir='ltr'><strong>se</strong></span> <span class='ocrx_word' id='word_1_126' title='bbox 2412 2017 2482 2082; x_wconf 91' lang='lat' dir='ltr'><strong>in</strong></span> <span class='ocrx_word' id='word_1_127' title='bbox 2538 2016 2747 2083; x_wconf 89' lang='lat' dir='ltr'><strong>medio</strong></span> <span class='ocrx_word' id='word_1_128' title='bbox 2803 2014 3050 2102; x_wconf 80' lang='lat' dir='ltr'><strong>populi,</strong></span> 
     </span>
     <span class='ocr_line' id='line_1_15' title="bbox 690 2131 3055 2221; baseline -0.001 -22"><span class='ocrx_word' id='word_1_129' title='bbox 690 2134 947 2200; x_wconf 89' lang='lat' dir='ltr'><strong>tandem</strong></span> <span class='ocrx_word' id='word_1_130' title='bbox 1006 2135 1298 2219; x_wconf 87' lang='lat' dir='ltr'><strong>pervenit</strong></span> <span class='ocrx_word' id='word_1_131' title='bbox 1354 2134 1436 2200; x_wconf 89' lang='lat' dir='ltr'><strong>ad</strong></span> <span class='ocrx_word' id='word_1_132' title='bbox 1490 2133 1799 2217; x_wconf 83' lang='lat' dir='ltr'><strong>loculum,</strong></span> <span class='ocrx_word' id='word_1_133' title='bbox 1867 2134 1979 2201; x_wconf 94' lang='lat' dir='ltr'><strong>ubi</strong></span> <span class='ocrx_word' id='word_1_134' title='bbox 2036 2154 2263 2221; x_wconf 89' lang='lat' dir='ltr'><strong>corpus</strong></span> <span class='ocrx_word' id='word_1_135' title='bbox 2318 2133 2640 2200; x_wconf 82' lang='lat' dir='ltr'><strong>ferebatur</strong></span> <span class='ocrx_word' id='word_1_136' title='bbox 2694 2131 3055 2199; x_wconf 81' lang='lat' dir='ltr'><strong>beatissimi</strong></span> 
     </span>
     <span class='ocr_line' id='line_1_16' title="bbox 689 2246 3057 2337; baseline -0.001 -22"><span class='ocrx_word' id='word_1_137' title='bbox 689 2251 1025 2336; x_wconf 81' lang='lat' dir='ltr'><strong>martyris,</strong></span> <span class='ocrx_word' id='word_1_138' title='bbox 1095 2250 1583 2335; x_wconf 87' lang='lat' dir='ltr'><strong>expandensque</strong></span> <span class='ocrx_word' id='word_1_139' title='bbox 1641 2270 1833 2336; x_wconf 89' lang='lat' dir='ltr'><strong>super</strong></span> <span class='ocrx_word' id='word_1_140' title='bbox 1888 2250 2098 2337; x_wconf 87' lang='lat' dir='ltr'><strong>ipsum</strong></span> <span class='ocrx_word' id='word_1_141' title='bbox 2154 2250 2453 2333; x_wconf 83' lang='lat' dir='ltr'><strong>linteum,</strong></span> <span class='ocrx_word' id='word_1_142' title='bbox 2523 2248 2783 2315; x_wconf 83' lang='lat' dir='ltr'><strong>Domini</strong></span> <span class='ocrx_word' id='word_1_143' title='bbox 2838 2246 3057 2333; x_wconf 85' lang='lat' dir='ltr'><strong>coepit</strong></span> 
     </span>
     <span class='ocr_line' id='line_1_17' title="bbox 689 2363 3054 2453; baseline -0 -22"><span class='ocrx_word' id='word_1_144' title='bbox 689 2387 806 2453; x_wconf 90' lang='lat' dir='ltr'><strong>pro</strong></span> <span class='ocrx_word' id='word_1_145' title='bbox 853 2367 1126 2433; x_wconf 88' lang='lat' dir='ltr'><strong>sanitate</strong></span> <span class='ocrx_word' id='word_1_146' title='bbox 1168 2367 1352 2453; x_wconf 90' lang='lat' dir='ltr'><strong>pueri</strong></span> <span class='ocrx_word' id='word_1_147' title='bbox 1399 2387 1662 2433; x_wconf 86' lang='lat' dir='ltr'><strong>exorare</strong></span> <span class='ocrx_word' id='word_1_148' title='bbox 1700 2366 2119 2451; x_wconf 88' lang='lat' dir='ltr'><strong>clementiam,</strong></span> <span class='ocrx_word' id='word_1_149' title='bbox 2167 2365 2480 2451; x_wconf 87' lang='lat' dir='ltr'><strong>simulque</strong></span> <span class='ocrx_word' id='word_1_150' title='bbox 2512 2365 2716 2431; x_wconf 88' lang='lat' dir='ltr'><strong>sancti</strong></span> <span class='ocrx_word' id='word_1_151' title='bbox 2744 2363 3054 2450; x_wconf 86' lang='lat' dir='ltr'><strong>martyris</strong></span> 
     </span>
     <span class='ocr_line' id='line_1_18' title="bbox 689 2480 3055 2566; baseline -0.001 -19"><span class='ocrx_word' id='word_1_152' title='bbox 689 2480 978 2565; x_wconf 85' lang='lat' dir='ltr'><strong>flagitare</strong></span> <span class='ocrx_word' id='word_1_153' title='bbox 1037 2482 1360 2548; x_wconf 82' lang='lat' dir='ltr'><strong>auxilium.</strong></span> <span class='ocrx_word' id='word_1_154' title='bbox 1453 2481 1608 2549; x_wconf 89' lang='lat' dir='ltr'><strong>Post</strong></span> <span class='ocrx_word' id='word_1_155' title='bbox 1652 2481 1809 2550; x_wconf 86' lang='lat' dir='ltr'><strong>haec</strong></span> <span class='ocrx_word' id='word_1_156' title='bbox 1853 2489 2066 2550; x_wconf 89' lang='lat' dir='ltr'><strong>autem</strong></span> <span class='ocrx_word' id='word_1_157' title='bbox 2111 2503 2254 2551; x_wconf 90' lang='lat' dir='ltr'><strong>cum</strong></span> <span class='ocrx_word' id='word_1_158' title='bbox 2299 2486 2722 2549; x_wconf 83' lang='lat' dir='ltr'><strong>reverteretur</strong></span> <span class='ocrx_word' id='word_1_159' title='bbox 2768 2480 2851 2546; x_wconf 89' lang='lat' dir='ltr'><strong>ad</strong></span> <span class='ocrx_word' id='word_1_160' title='bbox 2890 2500 3055 2566; x_wconf 87' lang='lat' dir='ltr'><strong>pue-</strong></span> 
     </span>
     <span class='ocr_line' id='line_1_19' title="bbox 690 2596 3053 2688; baseline -0.001 -23"><span class='ocrx_word' id='word_1_161' title='bbox 690 2620 865 2682; x_wconf 78' lang='lat' dir='ltr'><strong>rum,</strong></span> <span class='ocrx_word' id='word_1_162' title='bbox 921 2599 1058 2685; x_wconf 86' lang='lat' dir='ltr'><strong>ipse</strong></span> <span class='ocrx_word' id='word_1_163' title='bbox 1112 2619 1271 2685; x_wconf 89' lang='lat' dir='ltr'><strong>puer</strong></span> <span class='ocrx_word' id='word_1_164' title='bbox 1327 2619 1516 2665; x_wconf 89' lang='lat' dir='ltr'><strong>sanus</strong></span> <span class='ocrx_word' id='word_1_165' title='bbox 1574 2605 1638 2666; x_wconf 91' lang='lat' dir='ltr'><strong>et</strong></span> <span class='ocrx_word' id='word_1_166' title='bbox 1681 2598 1917 2685; x_wconf 88' lang='lat' dir='ltr'><strong>laetus,</strong></span> <span class='ocrx_word' id='word_1_167' title='bbox 1977 2600 2085 2686; x_wconf 88' lang='lat' dir='ltr'><strong>qui</strong></span> <span class='ocrx_word' id='word_1_168' title='bbox 2132 2604 2278 2666; x_wconf 88' lang='lat' dir='ltr'><strong>ante</strong></span> <span class='ocrx_word' id='word_1_169' title='bbox 2322 2598 2696 2688; x_wconf 88' lang='lat' dir='ltr'><strong>portabatur</strong></span> <span class='ocrx_word' id='word_1_170' title='bbox 2739 2596 3053 2664; x_wconf 78' lang='lat' dir='ltr'><strong>maternis</strong></span> 
     </span>
     <span class='ocr_line' id='line_1_20' title="bbox 691 2715 2533 2802; baseline -0.001 -21"><span class='ocrx_word' id='word_1_171' title='bbox 691 2715 985 2798; x_wconf 77' lang='lat' dir='ltr'><strong>brachiis,</strong></span> <span class='ocrx_word' id='word_1_172' title='bbox 1031 2715 1343 2802; x_wconf 77' lang='lat' dir='ltr'><strong>propriish</strong></span> <span class='ocrx_word' id='word_1_173' title='bbox 1391 2716 1598 2801; x_wconf 86' lang='lat' dir='ltr'><strong>coepit</strong></span> <span class='ocrx_word' id='word_1_174' title='bbox 1640 2718 1834 2782; x_wconf 90' lang='lat' dir='ltr'><strong>matri</strong></span> <span class='ocrx_word' id='word_1_175' title='bbox 1878 2736 2205 2784; x_wconf 88' lang='lat' dir='ltr'><strong>occurrere</strong></span> <span class='ocrx_word' id='word_1_176' title='bbox 2249 2715 2533 2802; x_wconf 90' lang='lat' dir='ltr'><strong>pedibus.</strong></span> 
     </span>
    </p>

    <p class='ocr_par' dir='ltr' id='par_1_10' title="bbox 691 2830 3059 3034">
     <span class='ocr_line' id='line_1_21' title="bbox 872 2830 3054 2919; baseline -0 -23"><span class='ocrx_word' id='word_1_177' title='bbox 872 2832 1048 2897; x_wconf 88' lang='lat' dir='ltr'><strong>Tunc</strong></span> <span class='ocrx_word' id='word_1_178' title='bbox 1103 2852 1171 2898; x_wconf 88' lang='lat' dir='ltr'><strong>se</strong></span> <span class='ocrx_word' id='word_1_179' title='bbox 1230 2831 1307 2897; x_wconf 90' lang='lat' dir='ltr'><strong>de</strong></span> <span class='ocrx_word' id='word_1_180' title='bbox 1352 2830 1462 2897; x_wconf 92' lang='lat' dir='ltr'><strong>illo</strong></span> <span class='ocrx_word' id='word_1_181' title='bbox 1520 2830 1656 2897; x_wconf 93' lang='lat' dir='ltr'><strong>loco</strong></span> <span class='ocrx_word' id='word_1_182' title='bbox 1713 2838 2035 2899; x_wconf 83' lang='lat' dir='ltr'><strong>moventes</strong></span> <span class='ocrx_word' id='word_1_183' title='bbox 2082 2836 2498 2919; x_wconf 88' lang='lat' dir='ltr'><strong>coeptumque</strong></span> <span class='ocrx_word' id='word_1_184' title='bbox 2542 2831 2666 2897; x_wconf 88' lang='lat' dir='ltr'><strong>iter</strong></span> <span class='ocrx_word' id='word_1_185' title='bbox 2709 2834 3000 2896; x_wconf 85' lang='lat' dir='ltr'><strong>tenentes</strong></span> <span class='ocrx_word' id='word_1_186' title='bbox 3015 2830 3054 2913; x_wconf 58' lang='grc' dir='ltr'><strong>ἰ,</strong></span> 
     </span>
     <span class='ocr_line' id='line_1_22' title="bbox 691 2943 3059 3034; baseline -0.002 -19"><span class='ocrx_word' id='word_1_187' title='bbox 691 2953 1114 3034; x_wconf 86' lang='lat' dir='ltr'><strong>pervenerunt</strong></span> <span class='ocrx_word' id='word_1_188' title='bbox 1155 2948 1225 3013; x_wconf 91' lang='lat' dir='ltr'><strong>in</strong></span> <span class='ocrx_word' id='word_1_189' title='bbox 1269 2947 1485 3013; x_wconf 88' lang='lat' dir='ltr'><strong>villam</strong></span> <span class='ocrx_word' id='word_1_190' title='bbox 1531 2968 1693 3034; x_wconf 88' lang='lat' dir='ltr'><strong>quae</strong></span> <span class='ocrx_word' id='word_1_191' title='bbox 1733 2948 2030 3015; x_wconf 63' lang='lat' dir='ltr'><strong>vocatur*</strong></span> <span class='ocrx_word' id='word_1_192' title='bbox 2059 2947 2354 3014; x_wconf 90' lang='lat' dir='ltr'><strong>Alnidus¹</strong></span> <span class='ocrx_word' id='word_1_193' title='bbox 2373 2943 2420 3029; x_wconf 85' lang='lat'><strong>¹3</strong></span> <span class='ocrx_word' id='word_1_194' title='bbox 2468 2947 2680 3031; x_wconf 90' lang='lat' dir='ltr'><strong>ibique</strong></span> <span class='ocrx_word' id='word_1_195' title='bbox 2718 2951 2903 3012; x_wconf 87' lang='lat' dir='ltr'><strong>nocte</strong></span> <span class='ocrx_word' id='word_1_196' title='bbox 2935 2944 3059 3012; x_wconf 90' lang='lat' dir='ltr'><strong>illa</strong></span> 
     </span>
    </p>

    <p class='ocr_par' dir='ltr' id='par_1_11' title="bbox 474 3063 3069 4079">
     <span class='ocr_line' id='line_1_23' title="bbox 474 3063 3058 3147; baseline -0.001 -15"><span class='ocrx_word' id='word_1_197' title='bbox 474 3085 582 3133; x_wconf 78' lang='lat' dir='ltr'><strong>Mai.</strong></span> <span class='ocrx_word' id='word_1_198' title='bbox 600 3086 658 3132; x_wconf 84' lang='lat'><strong>25</strong></span> <span class='ocrx_word' id='word_1_199' title='bbox 692 3069 1077 3131; x_wconf 88' lang='lat' dir='ltr'><strong>manserunt.</strong></span> <span class='ocrx_word' id='word_1_200' title='bbox 1149 3063 1308 3130; x_wconf 90' lang='lat' dir='ltr'><strong>Cum</strong></span> <span class='ocrx_word' id='word_1_201' title='bbox 1355 3070 1566 3131; x_wconf 89' lang='lat' dir='ltr'><strong>autem</strong></span> <span class='ocrx_word' id='word_1_202' title='bbox 1612 3065 1682 3130; x_wconf 89' lang='lat' dir='ltr'><strong>in</strong></span> <span class='ocrx_word' id='word_1_203' title='bbox 1725 3066 2070 3131; x_wconf 87' lang='lat' dir='ltr'><strong>crastinum</strong></span> <span class='ocrx_word' id='word_1_204' title='bbox 2112 3063 2206 3130; x_wconf 92' lang='lat' dir='ltr'><strong>sol</strong></span> <span class='ocrx_word' id='word_1_205' title='bbox 2247 3063 2639 3130; x_wconf 76' lang='lat' dir='ltr'><strong>illucesceret</strong></span> <span class='ocrx_word' id='word_1_206' title='bbox 2667 3082 3058 3147; x_wconf 85' lang='lat' dir='ltr'><strong>rursumque</strong></span> 
     </span>
     <span class='ocr_line' id='line_1_24' title="bbox 693 3177 3059 3267; baseline -0 -21"><span class='ocrx_word' id='word_1_207' title='bbox 693 3182 815 3247; x_wconf 88' lang='lat' dir='ltr'><strong>iter</strong></span> <span class='ocrx_word' id='word_1_208' title='bbox 858 3185 1180 3267; x_wconf 82' lang='lat' dir='ltr'><strong>pararent,</strong></span> <span class='ocrx_word' id='word_1_209' title='bbox 1226 3200 1471 3247; x_wconf 92' lang='lat' dir='ltr'><strong>moram</strong></span> <span class='ocrx_word' id='word_1_210' title='bbox 1516 3179 1644 3246; x_wconf 89' lang='lat' dir='ltr'><strong>illis</strong></span> <span class='ocrx_word' id='word_1_211' title='bbox 1688 3180 2064 3247; x_wconf 86' lang='lat' dir='ltr'><strong>facientibus</strong></span> <span class='ocrx_word' id='word_1_212' title='bbox 2109 3185 2298 3266; x_wconf 89' lang='lat' dir='ltr'><strong>atque</strong></span> <span class='ocrx_word' id='word_1_213' title='bbox 2341 3180 2684 3247; x_wconf 86' lang='lat' dir='ltr'><strong>missarum</strong></span> <span class='ocrx_word' id='word_1_214' title='bbox 2712 3177 3059 3245; x_wconf 83' lang='lat' dir='ltr'><strong>sollemnia</strong></span> 
     </span>
     <span class='ocr_line' id='line_1_25' title="bbox 691 3295 3060 3381; baseline 0 -19"><span class='ocrx_word' id='word_1_215' title='bbox 691 3302 765 3363; x_wconf 91' lang='grc' dir='ltr'><strong>ιιι</strong></span> <span class='ocrx_word' id='word_1_216' title='bbox 821 3297 1080 3381; x_wconf 86' lang='lat' dir='ltr'><strong>dignum</strong></span> <span class='ocrx_word' id='word_1_217' title='bbox 1137 3303 1273 3363; x_wconf 88' lang='lat' dir='ltr'><strong>erat</strong></span> <span class='ocrx_word' id='word_1_218' title='bbox 1331 3296 1793 3363; x_wconf 85' lang='lat' dir='ltr'><strong>celebrantibus</strong></span> <span class='ocrx_word' id='word_1_219' title='bbox 1807 3346 1825 3379; x_wconf 89' lang='lat'>,</span> <span class='ocrx_word' id='word_1_220' title='bbox 1886 3297 2088 3362; x_wconf 84' lang='lat' dir='ltr'><strong>adfuit</strong></span> <span class='ocrx_word' id='word_1_221' title='bbox 2145 3295 2401 3381; x_wconf 90' lang='lat' dir='ltr'><strong>quidam</strong></span> <span class='ocrx_word' id='word_1_222' title='bbox 2460 3295 2719 3362; x_wconf 91' lang='lat' dir='ltr'><strong>claudus</strong></span> <span class='ocrx_word' id='word_1_223' title='bbox 2776 3300 3060 3380; x_wconf 81' lang='lat' dir='ltr'><strong>utroque</strong></span> 
     </span>
     <span class='ocr_line' id='line_1_26' title="bbox 693 3410 3060 3499; baseline -0.001 -21"><span class='ocrx_word' id='word_1_224' title='bbox 693 3433 877 3496; x_wconf 76' lang='lat' dir='ltr'><strong>genu,</strong></span> <span class='ocrx_word' id='word_1_225' title='bbox 923 3413 1067 3499; x_wconf 89' lang='lat' dir='ltr'><strong>plus</strong></span> <span class='ocrx_word' id='word_1_226' title='bbox 1101 3418 1311 3479; x_wconf 89' lang='lat' dir='ltr'><strong>autem</strong></span> <span class='ocrx_word' id='word_1_227' title='bbox 1342 3413 1622 3496; x_wconf 84' lang='lat' dir='ltr'><strong>dextcr0‚</strong></span> <span class='ocrx_word' id='word_1_228' title='bbox 1657 3413 1766 3498; x_wconf 92' lang='lat' dir='ltr'><strong>qui</strong></span> <span class='ocrx_word' id='word_1_229' title='bbox 1794 3433 1997 3498; x_wconf 90' lang='lat' dir='ltr'><strong>paene</strong></span> <span class='ocrx_word' id='word_1_230' title='bbox 2025 3412 2280 3479; x_wconf 89' lang='lat' dir='ltr'><strong>natibus</strong></span> <span class='ocrx_word' id='word_1_231' title='bbox 2312 3411 2686 3479; x_wconf 89' lang='lat' dir='ltr'><strong>cohaerebat</strong></span> <span class='ocrx_word' id='word_1_232' title='bbox 2697 3421 2751 3476; x_wconf 78' lang='lat'><strong>¹¹³.</strong></span> <span class='ocrx_word' id='word_1_233' title='bbox 2807 3410 3060 3476; x_wconf 90' lang='lat' dir='ltr'><strong>Irrum-</strong></span> 
     </span>
     <span class='ocr_line' id='line_1_27' title="bbox 690 3525 3060 3616; baseline -0 -21"><span class='ocrx_word' id='word_1_234' title='bbox 690 3550 847 3616; x_wconf 88' lang='lat' dir='ltr'><strong>pens</strong></span> <span class='ocrx_word' id='word_1_235' title='bbox 892 3528 1151 3594; x_wconf 85' lang='lat' dir='ltr'><strong>turbae¹¹</strong></span> <span class='ocrx_word' id='word_1_236' title='bbox 1196 3527 1475 3594; x_wconf 90' lang='lat' dir='ltr'><strong>medium</strong></span> <span class='ocrx_word' id='word_1_237' title='bbox 1519 3549 1655 3594; x_wconf 87' lang='lat' dir='ltr'><strong>sese</strong></span> <span class='ocrx_word' id='word_1_238' title='bbox 1684 3529 1953 3595; x_wconf 90' lang='lat' dir='ltr'><strong>inseruit</strong></span> <span class='ocrx_word' id='word_1_239' title='bbox 1982 3529 2214 3594; x_wconf 84' lang='lat' dir='ltr'><strong>virtute</strong></span> <span class='ocrx_word' id='word_1_240' title='bbox 2245 3549 2371 3614; x_wconf 90' lang='lat' dir='ltr'><strong>qua</strong></span> <span class='ocrx_word' id='word_1_241' title='bbox 2400 3528 2617 3613; x_wconf 84' lang='lat' dir='ltr'><strong>valuit,</strong></span> <span class='ocrx_word' id='word_1_242' title='bbox 2664 3525 3060 3611; x_wconf 83' lang='lat' dir='ltr'><strong>tandemque</strong></span> 
     </span>
     <span class='ocr_line' id='line_1_28' title="bbox 692 3642 3060 3730; baseline -0 -20"><span class='ocrx_word' id='word_1_243' title='bbox 692 3665 815 3730; x_wconf 90' lang='lat' dir='ltr'><strong>quo</strong></span> <span class='ocrx_word' id='word_1_244' title='bbox 873 3644 1060 3710; x_wconf 90' lang='lat' dir='ltr'><strong>modo</strong></span> <span class='ocrx_word' id='word_1_245' title='bbox 1115 3644 1325 3729; x_wconf 89' lang='lat' dir='ltr'><strong>potuit</strong></span> <span class='ocrx_word' id='word_1_246' title='bbox 1380 3644 1460 3710; x_wconf 92' lang='lat' dir='ltr'><strong>ad</strong></span> <span class='ocrx_word' id='word_1_247' title='bbox 1520 3644 1828 3711; x_wconf 87' lang='lat' dir='ltr'><strong>cancellos</strong></span> <span class='ocrx_word' id='word_1_248' title='bbox 1876 3643 2126 3728; x_wconf 87' lang='lat' dir='ltr'><strong>altaris,</strong></span> <span class='ocrx_word' id='word_1_249' title='bbox 2184 3643 2293 3710; x_wconf 92' lang='lat' dir='ltr'><strong>ubi</strong></span> <span class='ocrx_word' id='word_1_250' title='bbox 2338 3649 2625 3711; x_wconf 87' lang='lat' dir='ltr'><strong>sanctum</strong></span> <span class='ocrx_word' id='word_1_251' title='bbox 2669 3642 3060 3728; x_wconf 80' lang='lat' dir='ltr'><strong>celebratur,</strong></span> 
     </span>
     <span class='ocr_line' id='line_1_29' title="bbox 693 3758 3061 3847; baseline -0 -20"><span class='ocrx_word' id='word_1_252' title='bbox 693 3761 1000 3847; x_wconf 88' lang='lat' dir='ltr'><strong>pervenit.</strong></span> <span class='ocrx_word' id='word_1_253' title='bbox 1095 3758 1253 3825; x_wconf 89' lang='lat' dir='ltr'><strong>Cum</strong></span> <span class='ocrx_word' id='word_1_254' title='bbox 1301 3764 1508 3825; x_wconf 89' lang='lat' dir='ltr'><strong>autem</strong></span> <span class='ocrx_word' id='word_1_255' title='bbox 1552 3760 1686 3827; x_wconf 84' lang='lat' dir='ltr'><strong>fere</strong></span> <span class='ocrx_word' id='word_1_256' title='bbox 1730 3781 1846 3847; x_wconf 90' lang='lat' dir='ltr'><strong>per</strong></span> <span class='ocrx_word' id='word_1_257' title='bbox 1890 3780 2082 3826; x_wconf 89' lang='lat' dir='ltr'><strong>unam</strong></span> <span class='ocrx_word' id='word_1_258' title='bbox 2127 3760 2424 3827; x_wconf 88' lang='lat' dir='ltr'><strong>iacuisset</strong></span> <span class='ocrx_word' id='word_1_259' title='bbox 2466 3760 2708 3844; x_wconf 87' lang='lat' dir='ltr'><strong>horam,</strong></span> <span class='ocrx_word' id='word_1_260' title='bbox 2762 3758 3061 3846; x_wconf 81' lang='lat' dir='ltr'><strong>expleta-</strong></span> 
     </span>
     <span class='ocr_line' id='line_1_30' title="bbox 695 3875 3064 3963; baseline 0 -20"><span class='ocrx_word' id='word_1_261' title='bbox 695 3898 815 3963; x_wconf 88' lang='lat' dir='ltr'><strong>que</strong></span> <span class='ocrx_word' id='word_1_262' title='bbox 860 3876 1008 3942; x_wconf 90' lang='lat' dir='ltr'><strong>diu⁰</strong></span> <span class='ocrx_word' id='word_1_263' title='bbox 1056 3879 1326 3958; x_wconf 83' lang='lat' dir='ltr'><strong>orasset,</strong></span> <span class='ocrx_word' id='word_1_264' title='bbox 1373 3883 1717 3962; x_wconf 87' lang='lat' dir='ltr'><strong>coeperunt</strong></span> <span class='ocrx_word' id='word_1_265' title='bbox 1760 3876 2045 3943; x_wconf 91' lang='lat' dir='ltr'><strong>membra</strong></span> <span class='ocrx_word' id='word_1_266' title='bbox 2090 3876 2224 3943; x_wconf 90' lang='lat' dir='ltr'><strong>eius</strong></span> <span class='ocrx_word' id='word_1_267' title='bbox 2271 3875 2752 3944; x_wconf 86' lang='lat' dir='ltr'><strong>contremiscere</strong></span> <span class='ocrx_word' id='word_1_268' title='bbox 2798 3880 2862 3943; x_wconf 86' lang='lat' dir='ltr'><strong>et</strong></span> <span class='ocrx_word' id='word_1_269' title='bbox 2905 3875 3064 3961; x_wconf 78' lang='lat' dir='ltr'><strong>ipse</strong></span> 
     </span>
     <span class='ocr_line' id='line_1_31' title="bbox 694 3990 3069 4079; baseline -0 -19"><span class='ocrx_word' id='word_1_270' title='bbox 694 4014 837 4060; x_wconf 90' lang='lat' dir='ltr'><strong>cum</strong></span> <span class='ocrx_word' id='word_1_271' title='bbox 888 4012 1116 4076; x_wconf 86' lang='lat' dir='ltr'><strong>magno</strong></span> <span class='ocrx_word' id='word_1_272' title='bbox 1173 3992 1443 4076; x_wconf 89' lang='lat' dir='ltr'><strong>strepitu</strong></span> <span class='ocrx_word' id='word_1_273' title='bbox 1487 3993 1809 4079; x_wconf 84' lang='lat' dir='ltr'><strong>suspirare</strong></span> <span class='ocrx_word' id='word_1_274' title='bbox 1853 3997 2043 4077; x_wconf 87' lang='lat' dir='ltr'><strong>atque</strong></span> <span class='ocrx_word' id='word_1_275' title='bbox 2088 3992 2278 4059; x_wconf 89' lang='lat' dir='ltr'><strong>simul</strong></span> <span class='ocrx_word' id='word_1_276' title='bbox 2321 4012 2556 4077; x_wconf 88' lang='lat' dir='ltr'><strong>genua,</strong></span> <span class='ocrx_word' id='word_1_277' title='bbox 2615 3992 2760 4059; x_wconf 67' lang='lat' dir='ltr'><strong>diu*</strong></span> <span class='ocrx_word' id='word_1_278' title='bbox 2805 3990 3069 4059; x_wconf 84' lang='lat' dir='ltr'><strong>scilicet</strong></span> 
     </span>
    </p>

    <p class='ocr_par' dir='ltr' id='par_1_12' title="bbox 696 4150 3068 4293">
     <span class='ocr_line' id='line_1_32' title="bbox 835 4150 3066 4210; baseline 0 -10"><span class='ocrx_word' id='word_1_279' title='bbox 835 4168 876 4200; x_wconf 85' lang='lat' dir='ltr'><strong>a.</strong></span> <span class='ocrx_word' id='word_1_280' title='bbox 908 4155 1031 4200; x_wconf 74' lang='lat' dir='ltr'><strong>alias</strong></span> <span class='ocrx_word' id='word_1_281' title='bbox 1065 4151 1303 4200; x_wconf 86' lang='lat' dir='ltr'><strong>Gerttudis</strong></span> <span class='ocrx_word' id='word_1_282' title='bbox 1338 4153 1379 4198; x_wconf 90' lang='lat'><strong>1.</strong></span> <span class='ocrx_word' id='word_1_283' title='bbox 1472 4151 1518 4198; x_wconf 88' lang='lat' dir='ltr'><strong>b.</strong></span> <span class='ocrx_word' id='word_1_284' title='bbox 1552 4153 1794 4201; x_wconf 80' lang='lat' dir='ltr'><strong>sanitatem</strong></span> <span class='ocrx_word' id='word_1_285' title='bbox 1824 4153 1997 4200; x_wconf 86' lang='lat' dir='ltr'><strong>-loco</strong></span> <span class='ocrx_word' id='word_1_286' title='bbox 2030 4169 2118 4201; x_wconf 83' lang='lat' dir='ltr'><strong>om.</strong></span> <span class='ocrx_word' id='word_1_287' title='bbox 2144 4154 2188 4200; x_wconf 91' lang='lat'><strong>1.</strong></span> <span class='ocrx_word' id='word_1_288' title='bbox 2283 4166 2322 4199; x_wconf 88' lang='lat' dir='ltr'><strong>c.</strong></span> <span class='ocrx_word' id='word_1_289' title='bbox 2355 4153 2561 4210; x_wconf 79' lang='lat' dir='ltr'><strong>surgeret</strong></span> <span class='ocrx_word' id='word_1_290' title='bbox 2591 4153 2636 4199; x_wconf 82' lang='lat'><strong>2.</strong></span> <span class='ocrx_word' id='word_1_291' title='bbox 2729 4150 2774 4197; x_wconf 83' lang='lat' dir='ltr'><strong>d.</strong></span> <span class='ocrx_word' id='word_1_292' title='bbox 2808 4151 2980 4198; x_wconf 79' lang='lat' dir='ltr'><strong>circum</strong></span> <span class='ocrx_word' id='word_1_293' title='bbox 3003 4153 3066 4200; x_wconf 77' lang='lat'><strong>2.</strong></span> 
     </span>
     <span class='ocr_line' id='line_1_33' title="bbox 696 4231 3068 4293; baseline 0 -13"><span class='ocrx_word' id='word_1_294' title='bbox 696 4249 736 4280; x_wconf 86' lang='lat' dir='ltr'><strong>e.</strong></span> <span class='ocrx_word' id='word_1_295' title='bbox 770 4237 817 4280; x_wconf 85' lang='lat' dir='ltr'><strong>et</strong></span> <span class='ocrx_word' id='word_1_296' title='bbox 850 4237 893 4280; x_wconf 91' lang='lat'><strong>1.</strong></span> <span class='ocrx_word' id='word_1_297' title='bbox 1015 4233 1048 4280; x_wconf 83' lang='lat' dir='ltr'><strong>f.</strong></span> <span class='ocrx_word' id='word_1_298' title='bbox 1081 4247 1109 4280; x_wconf 82' lang='lat' dir='ltr'><strong>a</strong></span> <span class='ocrx_word' id='word_1_299' title='bbox 1139 4250 1225 4280; x_wconf 87' lang='lat' dir='ltr'><strong>om.</strong></span> <span class='ocrx_word' id='word_1_300' title='bbox 1249 4233 1291 4277; x_wconf 90' lang='lat'><strong>1.</strong></span> <span class='ocrx_word' id='word_1_301' title='bbox 1428 4245 1470 4290; x_wconf 84' lang='lat' dir='ltr'><strong>g.</strong></span> <span class='ocrx_word' id='word_1_302' title='bbox 1513 4233 1701 4280; x_wconf 86' lang='lat' dir='ltr'><strong>claudus</strong></span> <span class='ocrx_word' id='word_1_303' title='bbox 1733 4234 1874 4280; x_wconf 77' lang='lat' dir='ltr'><strong>fuisse</strong></span> <span class='ocrx_word' id='word_1_304' title='bbox 1910 4234 1953 4279; x_wconf 91' lang='lat'><strong>1.</strong></span> <span class='ocrx_word' id='word_1_305' title='bbox 2075 4232 2124 4280; x_wconf 90' lang='lat' dir='ltr'><strong>h.</strong></span> <span class='ocrx_word' id='word_1_306' title='bbox 2159 4234 2358 4293; x_wconf 84' lang='lat' dir='ltr'><strong>propriis</strong></span> <span class='ocrx_word' id='word_1_307' title='bbox 2390 4250 2475 4280; x_wconf 81' lang='lat' dir='ltr'><strong>om.</strong></span> <span class='ocrx_word' id='word_1_308' title='bbox 2500 4235 2542 4279; x_wconf 93' lang='lat'><strong>1.</strong></span> <span class='ocrx_word' id='word_1_309' title='bbox 2667 4231 2699 4278; x_wconf 85' lang='lat' dir='ltr'><strong>i.</strong></span> <span class='ocrx_word' id='word_1_310' title='bbox 2730 4234 2970 4278; x_wconf 80' lang='lat' dir='ltr'><strong>moventes</strong></span> <span class='ocrx_word' id='word_1_311' title='bbox 3005 4235 3068 4280; x_wconf 87' lang='lat'><strong>1.</strong></span> 
     </span>
    </p>
   </div>
   <div class='ocr_carea' id='block_1_3' title="bbox 695 4311 3068 4454">
    <p class='ocr_par' dir='ltr' id='par_1_13' title="bbox 695 4311 3068 4454">
     <span class='ocr_line' id='line_1_34' title="bbox 695 4311 3068 4370; baseline 0 -11"><span class='ocrx_word' id='word_1_312' title='bbox 695 4313 739 4360; x_wconf 81' lang='lat' dir='ltr'><strong>k.</strong></span> <span class='ocrx_word' id='word_1_313' title='bbox 782 4313 1027 4359; x_wconf 81' lang='lat' dir='ltr'><strong>vocabatur</strong></span> <span class='ocrx_word' id='word_1_314' title='bbox 1068 4315 1109 4359; x_wconf 90' lang='lat'><strong>1.</strong></span> <span class='ocrx_word' id='word_1_315' title='bbox 1216 4313 1248 4359; x_wconf 90' lang='lat' dir='ltr'><strong>l.</strong></span> <span class='ocrx_word' id='word_1_316' title='bbox 1290 4312 1506 4370; x_wconf 64' lang='lat' dir='ltr'><strong>Akidas,</strong></span> <span class='ocrx_word' id='word_1_317' title='bbox 1541 4315 1666 4360; x_wconf 75' lang='lat' dir='ltr'><strong>alias</strong></span> <span class='ocrx_word' id='word_1_318' title='bbox 1697 4313 1912 4360; x_wconf 85' lang='lat' dir='ltr'><strong>Anrudus</strong></span> <span class='ocrx_word' id='word_1_319' title='bbox 1946 4314 1988 4359; x_wconf 89' lang='lat'><strong>1.</strong></span> <span class='ocrx_word' id='word_1_320' title='bbox 2098 4327 2158 4359; x_wconf 91' lang='lat' dir='ltr'><strong>m.</strong></span> <span class='ocrx_word' id='word_1_321' title='bbox 2200 4312 2506 4360; x_wconf 76' lang='lat' dir='ltr'><strong>cohaerebant</strong></span> <span class='ocrx_word' id='word_1_322' title='bbox 2546 4314 2591 4359; x_wconf 79' lang='lat'><strong>2.</strong></span> <span class='ocrx_word' id='word_1_323' title='bbox 2698 4325 2744 4359; x_wconf 88' lang='lat' dir='ltr'><strong>n.</strong></span> <span class='ocrx_word' id='word_1_324' title='bbox 2787 4311 2970 4358; x_wconf 73' lang='lat' dir='ltr'><strong>turbam</strong></span> <span class='ocrx_word' id='word_1_325' title='bbox 3008 4313 3068 4359; x_wconf 88' lang='lat'><strong>1.</strong></span> 
     </span>
     <span class='ocr_line' id='line_1_35' title="bbox 696 4392 1776 4454; baseline 0 -15"><span class='ocrx_word' id='word_1_326' title='bbox 696 4408 738 4440; x_wconf 89' lang='lat' dir='ltr'><strong>o.</strong></span> <span class='ocrx_word' id='word_1_327' title='bbox 782 4396 828 4441; x_wconf 85' lang='lat' dir='ltr'><strong>et</strong></span> <span class='ocrx_word' id='word_1_328' title='bbox 861 4396 889 4440; x_wconf 83' lang='lat'>2</span> <span class='ocrx_word' id='word_1_329' title='bbox 917 4410 1002 4454; x_wconf 83' lang='lat' dir='ltr'><strong>pro</strong></span> <span class='ocrx_word' id='word_1_330' title='bbox 1036 4392 1301 4452; x_wconf 75' lang='lat' dir='ltr'><strong>expletaque</strong></span> <span class='ocrx_word' id='word_1_331' title='bbox 1336 4392 1428 4438; x_wconf 89' lang='lat' dir='ltr'><strong>diu.</strong></span> <span class='ocrx_word' id='word_1_332' title='bbox 1522 4406 1568 4452; x_wconf 88' lang='lat' dir='ltr'><strong>p.</strong></span> <span class='ocrx_word' id='word_1_333' title='bbox 1602 4394 1700 4439; x_wconf 88' lang='lat' dir='ltr'><strong>eius</strong></span> <span class='ocrx_word' id='word_1_334' title='bbox 1735 4395 1776 4439; x_wconf 91' lang='lat'><strong>1.</strong></span> 
     </span>
    </p>
   </div>
   <div class='ocr_carea' id='block_1_4' title="bbox 694 4495 3072 4642">
    <p class='ocr_par' dir='ltr' id='par_1_14' title="bbox 694 4495 3072 4642">
     <span class='ocr_line' id='line_1_36' title="bbox 838 4495 3072 4570; baseline 0.001 -17"><span class='ocrx_word' id='word_1_335' title='bbox 838 4499 889 4553; x_wconf 92' lang='lat'><strong>1.</strong></span> <span class='ocrx_word' id='word_1_336' title='bbox 924 4497 1152 4570; x_wconf 82' lang='lat' dir='ltr'><strong>Aulnay</strong></span> <span class='ocrx_word' id='word_1_337' title='bbox 1177 4513 1286 4551; x_wconf 79' lang='lat' dir='ltr'><strong>aux</strong></span> <span class='ocrx_word' id='word_1_338' title='bbox 1308 4495 1598 4568; x_wconf 87' lang='lat' dir='ltr'><strong>Planches,</strong></span> <span class='ocrx_word' id='word_1_339' title='bbox 1624 4496 1697 4553; x_wconf 92' lang='lat' dir='ltr'><strong>ab</strong></span> <span class='ocrx_word' id='word_1_340' title='bbox 1720 4496 1910 4568; x_wconf 81' lang='lat' dir='ltr'><strong>Augia</strong></span> <span class='ocrx_word' id='word_1_341' title='bbox 1931 4496 2003 4554; x_wconf 84' lang='lat' dir='ltr'><strong>ad</strong></span> <span class='ocrx_word' id='word_1_342' title='bbox 2027 4496 2311 4567; x_wconf 88' lang='lat' dir='ltr'><strong>orientem,</strong></span> <span class='ocrx_word' id='word_1_343' title='bbox 2348 4514 2384 4553; x_wconf 82' lang='lat' dir='ltr'><strong>a</strong></span> <span class='ocrx_word' id='word_1_344' title='bbox 2407 4496 2708 4555; x_wconf 75' lang='lat' dir='ltr'><strong>Catalauno</strong></span> <span class='ocrx_word' id='word_1_345' title='bbox 2731 4496 2879 4554; x_wconf 82' lang='lat' dir='ltr'><strong>inter</strong></span> <span class='ocrx_word' id='word_1_346' title='bbox 2901 4497 3072 4556; x_wconf 74' lang='lat' dir='ltr'><strong>ocei-</strong></span> 
     </span>
     <span class='ocr_line' id='line_1_37' title="bbox 694 4585 1348 4642; baseline -0.003 0"><span class='ocrx_word' id='word_1_347' title='bbox 694 4585 917 4642; x_wconf 88' lang='lat' dir='ltr'><strong>dentem</strong></span> <span class='ocrx_word' id='word_1_348' title='bbox 956 4592 1013 4642; x_wconf 87' lang='lat' dir='ltr'><strong>et</strong></span> <span class='ocrx_word' id='word_1_349' title='bbox 1049 4586 1348 4641; x_wconf 85' lang='lat' dir='ltr'><strong>meridiem.</strong></span> 
     </span>
    </p>
   </div>
  </div>
 </body>
</html>
