3319 5242
752 425 888 492 310
1424 444 1723 491 wtsALm
1765 443 2141 492 nmsmnm
2180 442 2286 522 ise.
2323 444 2429 492 190.

578 588 717 645 1149
751 584 812 651 ei
872 583 1207 651 viciniores
1254 589 1464 671 erant,
1522 605 1739 651 curam
1784 591 2049 670 gereret.
2118 586 2174 654 E
2221 586 2536 663 contrario
2582 565 2680 654 illi
2723 587 2805 655 de
2847 583 3078 655 Malcho.

752 700 1148 785 asserebant,
1208 701 1377 787 quod
1421 701 1687 768 eandem
1734 702 2215 770 decimationem
2257 704 2626 772 inconcusse
2673 704 2812 771 sine
2857 709 3077 771 contro-

749 816 960 883 versia
1000 816 1168 883 bona
1210 816 1335 885 fide
1379 818 1829 904 possedissent,
1875 839 2003 885 non
2046 820 2185 887 iure
2228 820 2433 886 mutui
2464 840 2671 906 neque
2700 820 3076 903 commodati,

751 936 849 999 set
898 933 1321 1019 proprietario
1369 939 1434 1000 et
1474 935 1909 1021 perseveranti
1952 934 2139 1018 longe
2183 935 2354 1001 ultra
2397 938 2686 1023 spacium
2727 938 2990 1023 triginta
3026 940 3079 1003 et

631 1053 632 1056 ’
748 1049 935 1114 unius
968 1068 1306 1132 annorum3
1354 1050 1520 1135 quod
1550 1049 1793 1118 idoneis
1824 1051 2092 1118 testibus
2123 1071 2191 1118 se
2221 1053 2596 1137 probaturos
2626 1055 3076 1141 promittebant.

747 1163 970 1231 Relata
1026 1170 1124 1231 est
1166 1167 1596 1232 controversia
1638 1166 1722 1233 ad
1767 1167 2077 1254 synodum
2091 1217 2108 1251 ‚
2172 1171 2235 1234 et
2272 1168 2516 1254 absque
2559 1170 2752 1237 ullius
2794 1189 3081 1259 personae

745 1280 1196 1349 reclamatione
1225 1283 1519 1349 concordi
1550 1284 1865 1350 sententia
1892 1285 2240 1350 iudicatum
2271 1288 2397 1351 est:
2437 1286 2624 1370 quod,
2655 1287 2714 1353 si
2739 1287 3080 1376 prepositus

748 1395 1047 1464 ecclesiae
1093 1399 1296 1465 sancti
1324 1398 1774 1484 Bartholomei‚
1823 1402 1932 1486 qui
1975 1420 2304 1487 possessor
2348 1401 2427 1467 ab
2472 1407 2739 1489 utraque
2780 1409 2966 1492 parte
2992 1422 3081 1471 co-

747 1514 1186 1599 gnoscebatur,
1231 1514 1382 1581 licet
1427 1515 1505 1582 ab
1554 1515 1754 1582 altera
1796 1516 1963 1583 male
2006 1516 2153 1583 fidei
2198 1537 2527 1604 possessor
2567 1518 2908 1606 diceretur,
2945 1519 3082 1605 legi-

746 1630 920 1695 timis
966 1630 1255 1715 testibus,
1303 1632 1411 1717 qui
1454 1651 1573 1719 per
1617 1637 1889 1700 aetatem
1928 1638 1992 1700 et
2020 1633 2504 1716 intelligentiam
2535 1634 2615 1702 de
2640 1637 3082 1725 prescriptione

747 1747 1055 1833 temporis
1101 1751 1342 1814 certum
1385 1747 1624 1815 ferrent
1667 1749 2000 1835 iudicium,
2055 1751 2327 1837 probare
2369 1758 2614 1838 posset,
2666 1773 2736 1820 se
2780 1754 2992 1839 quiete
3028 1757 3085 1819 et

747 1862 1047 1929 canonice
1090 1863 1467 1950 possedisse,
1513 1865 1718 1949 magis
1764 1865 1822 1933 ei
1865 1867 2155 1953 probatio
2185 1868 2596 1955 incumberet,
2641 1889 2836 1956 quam
2867 1871 2947 1957 ei,
2988 1868 3085 1957 qui

747 1984 1035 2045 recenter
1076 1979 1145 2045 in
1190 1980 1452 2046 eandem
1497 1982 1963 2068 possessionem
2005 1983 2270 2051 irruisse
2313 2005 2442 2051 non
2473 1985 2899 2054 dubitabatur.
2965 1986 3083 2066 Que

748 2095 1064 2161 sententia
1104 2095 1249 2183 plus
1293 2096 1421 2163 illis
1465 2099 1545 2164 de
1574 2097 1864 2165 Nameka
1908 2118 2099 2185 quam
2143 2099 2271 2167 illis
2304 2101 2381 2168 de
2411 2101 2670 2169 Marcha
2697 2103 3078 2191 complacuit

745 2209 918 2277 Haec
976 2215 1151 2297 sunt,
1211 2232 1372 2297 quae
1425 2233 1617 2301 super
1658 2214 1779 2282 hac
1822 2234 2015 2281 causa
2057 2220 2123 2283 et
2163 2216 2437 2284 vidimus
2483 2223 2548 2285 et
2592 2218 2976 2302 audivimus3
3025 2222 3083 2286 et

747 2325 887 2395 ideo
932 2346 1061 2394 non
1103 2347 1439 2415 possumus
1484 2350 1563 2397 ea
1604 2350 1735 2397 non
1777 2329 1969 2416 loqui.

755 2653 926 2726 190.
971 2658 1180 2724 G'w'do
1226 2660 1525 2725 diaconus
1570 2663 1911 2727 cardinalis
1957 2661 2024 2727 S.
2058 2663 2310 2730 Mariae
2352 2666 2420 2730 in
2448 2666 2702 2752 portion
2735 2665 3079 2731 Heo‘vm'oum

968 2775 1322 2860 episcopm
1375 2776 1766 2842 Mindensem
1827 2778 1905 2843 de
1971 2781 2288 2865 expianda
2355 2781 2609 2846 ecclesia
2663 2783 3080 2848 Kaminatem‘

966 2889 1267 2955 hortatur.
2767 2895 2878 2978 (M.
2916 2895 3073 2977 173.)

570 3024 709 3081 1149
925 3020 1182 3104 G(uido)
1215 3027 1469 3091 sanctae
1498 3023 1820 3093 Romanae
1852 3024 2191 3093 aecclesiae
2220 3027 2557 3095 cardinalis
2583 3029 2885 3097 diaconus
2902 3027 2920 3058 ¹
2940 3049 3074 3117 apo-

743 3138 1003 3206 stolicae
1060 3139 1228 3205 sedis
1286 3138 1529 3224 legatus
1587 3140 1936 3226 H(einrico)
1982 3142 2297 3209 Mindensi
2352 3145 2647 3233 episcopo
2702 3147 2968 3215 salutem
3016 3150 3073 3213 et

743 3255 1162 3323 dilectionem.

918 3370 1316 3438 Venerabilis
1362 3390 1436 3438 ac
1477 3371 1742 3439 dilectus
1771 3373 1973 3440 frater
1999 3378 2215 3442 noster
2244 3374 2640 3443 Corbeiensis
2671 3377 2867 3445 abbas
2896 3377 3068 3464 signi·

740 3487 956 3554 ficavit
1008 3486 1222 3572 nobis,
1288 3487 1655 3555 aecclesiam
1701 3488 2215 3557 Kaminatensem
2270 3512 2387 3579 pro
2444 3512 2516 3559 eo
2531 3542 2551 3577 ,
2610 3493 2778 3578 quod
2835 3495 3067 3581 quidam

740 3624 902 3691 puer
945 3603 1288 3669 monachus
1334 3604 1411 3671 de
1456 3609 1623 3671 tecto
1666 3605 1734 3671 in
1763 3606 2197 3693 pavimentum
2227 3626 2524 3675 corruens
2570 3610 2906 3696 expiravit,
2949 3609 3066 3697 pol-

739 3720 942 3787 lutam
988 3739 1146 3804 esse,
1192 3740 1428 3806 vosque
1470 3722 1603 3787 eius
1633 3722 2231 3808 reconciliationem,
2274 3724 2423 3791 licet
2465 3726 2678 3812 sepius
2724 3726 3064 3815 interpella-

741 3836 926 3920 verit,
970 3855 1170 3921 usque
1214 3836 1401 3902 modo
1446 3838 1788 3905 distulisse.
1880 3838 2044 3917 Quia
2088 3860 2236 3924 ergo
2282 3841 2486 3908 eidem
2528 3841 2714 3908 fratri
2757 3848 2969 3910 nostro
3008 3843 3062 3908 in

741 3950 1158 4039 peticionibus
1206 3952 1358 4037 suis,
1404 3959 1665 4038 cogente
1709 3973 1824 4021 nos
1871 3955 2185 4040 probitate
2230 3977 2364 4042 sua,
2411 3962 2715 4043 tanquam
2757 3960 2937 4027 nobis
2978 3979 3061 4024 ω-

741 4068 966 4135 sistere
1011 4067 1329 4154 debemus,
1374 4068 1759 4137 fraternitati
1788 4077 2036 4138 vestrae
2083 4076 2321 4140 attente
2363 4076 2644 4158 rogando
2688 4078 3060 4157 mandamus,

741 4186 1037 4271 quatinus
1093 4185 1534 4272 purgationem
1591 4206 1706 4253 seu
1759 4187 2334 4256 reconciliationem
2377 4192 2701 4278 predictae
2748 4192 3061 4261 aecclesiae

740 4300 1005 4368 ulterius
1049 4301 1407 4369 nullatenus
1453 4300 1779 4368 differatis

883 4433 935 4487 1.
972 4431 1029 4488 S.
1053 4432 1258 4489 Mariae
1291 4432 1350 4487 in
1385 4431 1620 4503 porticu.
1671 4431 1799 4488 Vid.
1825 4447 1949 4502 epp.
1978 4392 2081 4491 121
2107 4440 2166 4492 et
2189 4436 2295 4492 184
2329 4453 2500 4507 supra
2531 4453 2591 4508 p.
2616 4439 2725 4495 195
2746 4444 2808 4496 et
2827 4441 2943 4497 303.
