3319 5242
687 414 772 481 72
1375 429 1778 479 emmens
1823 428 2336 477 conamusmu

684 572 1095 658 Adelbertus,
1142 572 1512 641 Counradus
1525 622 1544 658 ,
1589 570 2003 656 Adelbertus,
2051 570 2245 656 Cono,
2291 568 2738 654 Meinwardus,
2784 567 3030 637 Frithe-

686 692 878 775 ricus,
924 688 1304 775 Brnningus.

405 811 629 867 1143—
863 806 1201 873 Domnus
1248 804 1669 872 Heinricus
1729 804 1967 871 abbas
2036 804 2343 890 prefuit
2395 823 2547 870 non
2603 801 2845 889 plene
2889 801 3033 869 tri-

412 882 619 1003 &21
687 925 833 991 bus
879 919 1156 989 annis¹.
1233 921 1575 1005 Abraham,
1621 917 2070 986 Marcwardus.

346 1051 668 1185 AprJ—Iffiae
863 1039 1205 1107 Domnus
1252 1036 1681 1105 Heinricus
1727 1036 1966 1103 abbas
2011 1034 2310 1122 prefuit
2350 1055 2657 1102 menses
2687 1037 2748 1102 6.
2821 1034 3036 1102 Obiit

689 1159 728 1224 8
775 1156 954 1223 Idus
1000 1154 1421 1222 Octobris·.

1325 1384 1652 1463 NOTAE
1724 1383 2386 1463 OORBEIENSES.

349 1555 666 1612 1081-1128
862 1539 936 1605 In
988 1536 1189 1621 regali
1233 1537 1388 1603 villa
1430 1535 1722 1603 Goslaria
1777 1536 2039 1603 ecclesia
2092 1540 2188 1602 est
2231 1556 2348 1621 per
2393 1533 2649 1600 abbates
2693 1532 3035 1602 Marcwar-

683 1651 870 1722 dum'
917 1659 979 1721 et
1036 1647 1539 1721 Erkenbertum⁸
1583 1654 1649 1718 in
1708 1652 1945 1721 honore
2003 1653 2207 1718 sancti
2246 1651 2381 1717 Viti
2438 1655 2814 1717 constructa.
2913 1650 3037 1718 Ubi

684 1775 1150 1838 commanentes
1205 1768 1421 1836 fideles
1477 1769 1938 1836 fraternitatem
1994 1768 2063 1833 in
2117 1767 2354 1834 honore
2409 1767 2689 1833 eiusdem
2741 1768 2927 1854 pueri
2974 1773 3038 1835 et

682 1886 962 1953 martiris
1020 1886 1502 1969 inchoaverunt,
1559 1886 1628 1950 in
1687 1906 1811 1970 qua
1864 1883 2222 1950 huiusmodi
2282 1883 2745 1949 observantiam
2799 1885 3036 1950 consti-

681 2007 967 2070 tuerunt:
1016 2001 1177 2068 Cum
1225 2003 1365 2088 quis
1395 2002 1613 2084 intrat,
1661 2001 1931 2066 solidum
1958 2004 2313 2087 presentat3
2360 2000 2429 2064 in
2456 1999 2799 2066 festivitate
2830 2002 3034 2085 sancti

682 2119 816 2185 Viti
864 2114 1273 2202 conveniunt,
1335 2138 1648 2204 pauperes
1693 2117 1870 2200 large
1915 2114 2234 2199 reficiunt,
2295 2136 2454 2202 quae
2499 2118 3037 2202 comportaverint

682 2236 751 2304 in
793 2235 907 2301 hos
956 2255 1106 2300 usus
1154 2238 1443 2318 erogant3
1504 2235 1559 2299 si
1605 2234 1746 2319 quis
1792 2239 1995 2299 morte
2041 2232 2301 2316 obierit,
2360 2238 2490 2299 tres
2535 2231 2766 2299 solidos
2815 2235 3035 2299 statim

685 2352 745 2418 ei
787 2352 1071 2434 mittunt,
1120 2371 1316 2416 unum
1361 2370 1477 2435 pro
1510 2368 1655 2416 cera
1686 2350 1767 2415 ad
1798 2350 1931 2415 dies
1963 2351 2071 2433 30,
2119 2349 2276 2414 alios
2306 2368 2423 2436 pro
2456 2350 2627 2414 victu
2655 2369 3033 2436 pauperum,

685 2472 755 2533 ut
799 2466 911 2533 fiat
958 2465 1300 2533 elemosina
1345 2485 1535 2551 super
1579 2465 1819 2550 funere,
1868 2485 2028 2551 quae
2074 2464 2499 2550 superfuerint
2541 2465 2618 2531 de
2660 2471 2919 2550 argento
2952 2467 3038 2532 ad

684 2583 1046 2668 luminaria,
1094 2583 1177 2648 ad
1220 2587 1389 2649 tecta
1432 2583 1532 2649 vel
1578 2582 1735 2649 alios
1782 2602 1932 2648 usus
1980 2579 2238 2649 ecclesie
2281 2580 2453 2647 illius
2500 2581 2770 2664 dabunt3
2816 2582 3036 2649 fratri-

683 2700 802 2766 bus
839 2721 986 2766 vero
1033 2699 1266 2765 nostris
1312 2700 1380 2765 in
1410 2699 1698 2783 Corbeia,
1747 2711 2012 2785 quorum
2044 2697 2432 2764 orationibus
2464 2718 2530 2765 se
2562 2699 3035 2784 commiserunt,

687 2817 914 2901 cuique
959 2815 1217 2882 obeunti
1261 2821 1391 2882 tres
1438 2815 1672 2882 solidos
1720 2816 2011 2898 dirigent,
2060 2834 2215 2900 quos
2262 2821 2471 2881 custos
2517 2815 2608 2881 ibi
2653 2815 2892 2881 obitum
2938 2815 3036 2881 di-

683 2933 896 3017 rigens
952 2906 1216 3018 recipiet
1271 2936 1334 2998 et
1389 2952 1507 3018 pro
1566 2931 1778 2996 anima
1830 2931 2047 2996 fratris
2092 2950 2209 3016 per
2256 2931 2387 2996 dies
2435 2933 2523 2997 30
2565 2932 2633 2996 in
2677 2929 3038 2998 luminariis

687 3053 751 3116 et
797 3048 1154 3115 elemosinis
1200 3069 1317 3135 pro
1364 3048 1574 3114 debito
1609 3047 1940 3133 expendet.
2011 3045 2381 3112 Memoriam
2409 3046 2662 3112 illorum
2691 3052 2824 3113 tam
2855 3048 3036 3114 vivo-

685 3186 827 3230 rum
886 3185 1076 3250 quam
1128 3169 1521 3229 mortuorum
1564 3164 1792 3229 intenti
1836 3161 2136 3229 faciemus
2185 3167 2248 3229 et
2293 3164 2361 3229 in
2405 3163 2624 3247 vigilia
2668 3165 2871 3230 sancti
2899 3163 3037 3230 Viti

688 3267 979 3347 omnibns
1024 3281 1092 3346 in
1140 3300 1215 3346 ea
1259 3279 1570 3345 defunctis
1617 3277 2023 3364 compulsatis
2070 3280 2268 3363 signis
2312 3280 2572 3346 missam
2616 3286 2690 3346 ut
2734 3280 2875 3346 aliis
2904 3281 3037 3347 fra-

686 3397 890 3463 tribus
935 3396 1171 3462 nostris
1218 3394 1498 3460 studiose
1542 3394 1954 3460 cantabimus.

502 3589 641 3644 1133
866 3574 1054 3641 Anno
1112 3572 1563 3640 incarnationis
1623 3572 1974 3640 dominicae
2034 3575 2204 3641 1133
2261 3573 2605 3641 indictione
2664 3577 2741 3640 11
2791 3575 3038 3661 epactis

624 3665 653 3709 ²
690 3691 1083 3759 exstantibus
1135 3691 1236 3773 12,
1285 3689 1427 3755 cicli
1472 3679 1717 3775 quoque
1762 3688 2001 3756 lunaris
2049 3710 2211 3757 anno
2265 3692 2367 3774 13,
2414 3693 2461 3756 4
2488 3690 2701 3758 Nonas
2734 3691 3038 3776 Augusti,

688 3808 840 3874 luna
884 3809 991 3890 27,
1038 3805 1249 3873 media
1292 3805 1394 3871 die
1438 3805 1607 3872 facta
1652 3811 1749 3872 est
1794 3806 2045 3892 eclipsis
2092 3806 2243 3873 solis
2274 3812 2408 3873 tam
2439 3807 2724 3890 obscura,
2770 3811 2841 3873 ut
2870 3827 3041 3892 pene

687 3924 859 3990 nocti
905 3925 1357 4008 coaequaretur
1400 3927 1465 3988 et
1509 3921 1727 3988 stellae
1770 3922 1984 4008 plures
2031 3928 2455 3989 cernerentur.

505 4112 643 4166 1133
870 4101 1178 4187 Tempore
1238 4101 1452 4167 domni
1500 4096 1851 4167 Folcmari⁴
1896 4100 2140 4167 abbatis
2185 4101 2354 4167 facta
2398 4105 2495 4168 est
2539 4100 2824 4186 ecclipsis
2882 4101 3041 4168 solis

492 4186 609 4243 Aug.
629 4186 659 4230 ²
694 4223 840 4284 ante
885 4213 1052 4284 diem
1097 4217 1477 4284 inventionis
1525 4217 1728 4283 sancti
1775 4216 2079 4303 Stephani
2119 4217 2604 4303 protomartiris.
2676 4216 2855 4284 Unde
2886 4237 3043 4284 con-

834 4373 875 4406 ι.
916 4377 1076 4407 manus
1106 4376 1223 4406 mec.
1253 4360 1359 4408 XV
1381 4359 1570 4406 addidit
1600 4358 1698 4405 Dfis
1729 4357 2024 4405 Wickvoldus
2057 4359 2116 4405 28
2150 4360 2305 4406 abbas.

834 4447 885 4501 1.
932 4446 1180 4502 deiectus
1215 4461 1267 4500 a.
1294 4444 1433 4500 1146
1468 4444 1627 4500 Mart.
1652 4445 1741 4500 21.
1883 4445 1937 4499 2.
1984 4446 2372 4502 1081—1107.
2518 4446 2572 4500 3.
2622 4445 3013 4503 1107—1128.

687 4536 741 4590 4.
781 4535 1165 4592 1128—1138.
