3319 5242
942 453 1236 500 wmALm
1281 453 1653 501 sprs’romn
1697 454 1803 499 355.
1839 454 1944 500 ³5⁶.
2479 438 2609 503 487

271 592 414 675 dus)
460 592 855 661 Corbeiensis
909 593 1100 661 abbas
1145 615 1401 678 gravem
1445 595 1511 661 in
1559 595 1814 662 auribus
1859 596 2094 662 nostris
2141 594 2459 681 querelam
2505 596 2611 663 de-
2655 603 2788 656 1152

269 710 503 795 posuit,
556 710 722 795 quod
769 709 1166 778 widikindus
1204 711 1665 797 'parrochianus
1709 717 1855 778 tuus
1902 732 2044 777 cum
2092 712 2465 797 quibusdam
2513 733 2612 779 sa-

268 825 574 893 tellitibus
620 827 751 893 suis
796 827 1176 894 cimiterium
1221 826 1616 894 Corbeiensis
1663 828 2032 893 monasterii
2064 828 2371 895 violenter
2413 830 2612 895 intra-

263 2417 447 2491 356.
494 2419 811 2507 E'uyenius
835 2418 958 2484 III
977 2442 1159 2507 papa
1190 2418 1573 2484 Herimanno
1612 2421 1896 2505 episcopo
1934 2418 2307 2482 Traiectensi
2332 2418 2607 2501 mandat,

486 2547 556 2600 ue
588 2536 901 2600 ecclesiam
929 2534 1446 2600 Linewertensem
1480 2546 1537 2599 et
1563 2533 1844 2599 Merthen
1865 2535 2221 2621 praedium,
2254 2536 2612 2600 monasterii

490 2653 866 2719 Corbeiensis
904 2654 1332 2738 possessiones,
1381 2662 1638 2716 tueatur.
2282 2646 2390 2730 (M.
2426 2647 2605 2730 333.)

442 2801 648 2868 Idem
702 2821 903 2888 papa
957 2800 1433 2868 Herimanno
1492 2800 1984 2868 Traiectensi
2043 2800 2437 2886 episcopo.

442 2917 651 2985 Officii
671 2938 786 2984 nos
810 2921 1129 2984 ammonet
1151 2922 1215 2984 et
1234 2917 1523 2984 hortatur
1541 2918 1901 3001 auctoritas,
1920 2922 1991 2983 ut
2006 2916 2286 2983 fidelium
2305 2917 2605 3001 omnium,
2661 2901 2688 2932 ⁸

254 3035 538 3103 maxime
594 3034 1063 3118 religiosorum,
1125 3032 1468 3099 commodis
1523 3037 1786 3119 paterno
1847 3031 2072 3099 affectu
2125 3033 2486 3119 prospicere
2542 3039 2606 3099 et

259 3171 480 3219 eorum
523 3149 786 3216 utilitati
830 3149 1101 3215 Domino
1150 3153 1401 3215 auctore
1447 3149 1784 3216 salubriter
1828 3148 2210 3235 providere·.
2303 3147 2606 3226 Quocirca

259 3286 377 3356 per
419 3266 741 3354 presentia
784 3266 1023 3352 scripta
1065 3265 1447 3332 fraternitati
1488 3272 1635 3332 tuae
1680 3265 2072 3348 mandamus,
2120 3264 2413 3349 quatinus
2458 3285 2604 3351 pos-

261 3383 575 3451 sessiones
606 3381 1000 3450 corbeiensis
1047 3382 1404 3466 aecclesiae,
1451 3402 1611 3468 quae
1654 3382 1723 3447 in
1768 3386 1878 3447 tua
1910 3381 2142 3447 diocesi
2172 3400 2309 3447 esse
2335 3400 2604 3447 noscun-

258 3506 399 3584 tur,
455 3498 751 3566 videlicet
808 3498 1175 3566 aecclesiam
1233 3499 1311 3565 de
1352 3497 1671 3565 Linewert
1725 3502 1789 3564 et
1839 3496 2130 3582 predium
2175 3496 2253 3563 de
2295 3494 2602 3581 Merthen,

261 3617 349 3684 ad
390 3615 864 3683 Corbeiensium
916 3616 1186 3682 fratrum
1230 3614 1571 3682 utilitatem
1616 3614 1696 3681 ab
1740 3612 1897 3696 illis,
1956 3612 2063 3697 qui
2109 3633 2215 3710 eas
2259 3612 2605 3681 moliuntur

259 3733 529 3816 auferre,
575 3732 872 3800 defendas
916 3751 991 3799 ac
1033 3737 1471 3813 manuteneas3
1519 3751 1679 3817 quae
1724 3734 1936 3796 autem
1979 3729 2055 3796 de
2090 3729 2326 3797 eisdem
2355 3750 2602 3815 posses-

258 3849 543 3918 sionibus
589 3848 861 3915 alienata
903 3869 1015 3916 seu
1045 3849 1353 3935 impedita
1380 3848 1767 3932 cognoveris,
1815 3847 2109 3932 expedire
2139 3866 2212 3913 ac
2239 3845 2602 3930 recolligere

256 3965 704 4034 nichilominus
750 3965 1049 4032 elabores.
1132 3965 1219 4031 Et
1262 3965 1354 4031 sic
1399 3965 1476 4032 de
1521 3969 1768 4031 caetero
1815 3982 2005 4049 super
2045 3963 2164 4029 hoc
2206 3967 2269 4028 te
2316 3961 2599 4028 volumus

257 4104 402 4152 esse
446 4081 803 4165 sollicitum,
849 4102 931 4148 ne
961 4080 1355 4148 Corbeiensis
1403 4080 1706 4148 aecclesia
1741 4079 1810 4145 in
1839 4079 2072 4146 eisdem
2102 4076 2599 4164 possessionibus

253 4200 475 4287 aliqua
516 4198 720 4285 possit
762 4198 1038 4284 dampna
1082 4197 1334 4264 sentire.
1427 4197 1595 4264 Data
1640 4195 1894 4280 Signiae
1938 4196 1980 4261 5
2026 4194 2171 4261 Idus
2216 4192 2508 4262 Ianuarii.

405 4372 447 4405 a.
489 4358 735 4406 debeamus
765 4358 990 4405 excidisse
1020 4357 1209 4405 videtur.

1220 4545 1636 4557 ——..———.

2648 676 2740 722 Ian.
2758 677 2787 721 9

2647 2813 2784 2867 1152

2642 2887 2658 2932 1
2688 2902 2732 2932 11.
2750 2888 2779 2934 9
