3319 5242
898 456 1197 504 wmamn
1239 453 1615 503 nmsrom
1654 455 1763 501 242.
1797 454 1904 500 243.
2444 434 2577 501 363

225 599 405 682 citis,
453 597 754 682 diligatis,
803 602 866 665 et
918 599 957 664 a
999 602 1217 664 nostra
1259 602 1444 684 parte
1487 596 1852 680 religiosum
1895 595 2044 663 boni
2087 594 2204 661 filii
2248 593 2577 661 consilium
2618 598 2754 656 1150

224 723 290 783 et
333 714 646 783 auxilium
692 715 1055 802 expectetis.

225 962 411 1034 243.
458 966 782 1031 Conradus
822 963 933 1030 m
964 987 1079 1029 rese
1121 963 1400 1029 Eirenae
1449 963 1834 1029 Graecorum
1880 964 2262 1049 imperatrici
2307 965 2574 1048 exponit,

454 1082 672 1169 quibus
703 1081 779 1145 de
810 1082 1009 1145 causis
1037 1104 1101 1144 se
1136 1079 1340 1145 adhue
1373 1081 1727 1167 pactionem
1760 1103 1896 1144 eum
1924 1080 2300 1164 imperatore
2330 1078 2579 1165 saetam

349 1214 356 1219 “
454 1220 578 1261 non
629 1197 1023 1283 praestiterit.
1092 1196 1522 1261 Alexandnnn
1582 1197 1657 1260 de
1718 1194 2000 1260 Gracina
2054 1195 2239 1259 mittit
2294 1194 2381 1258 ad
2432 1212 2576 1258 con-

456 1312 762 1377 ciliandas
827 1313 1076 1399 nuptias
1140 1313 1302 1376 inter
1359 1309 1724 1377 Heinriomn
1788 1334 1995 1398 reyem
2064 1321 2122 1374 et
2186 1312 2581 1396 imperatoris

453 1438 713 1515 neptem.
2255 1423 2364 1505 (Μ.
2404 1424 2577 1506 188.)

408 1559 789 1642 C(onradus)
820 1559 942 1627 Dei
984 1560 1190 1645 gratia
1228 1558 1656 1626 Romanorum
1697 1560 2042 1646 imperator
2088 1564 2389 1643 augustus
2434 1579 2578 1646 pre-
2619 1572 2756 1626 1150

218 1677 594 1745 cordialiter
638 1676 901 1743 dilectae
945 1675 1113 1743 filiae
1160 1696 1310 1742 suae
1339 1675 1664 1757 E(irenae)
1698 1696 1737 1741 a
1766 1675 1901 1741 Deo
1939 1680 2271 1742 coronatae
2316 1681 2380 1742 et
2409 1675 2580 1742 exal·
2629 1647 2739 1705 ΑΨ·

217 1800 399 1861 tatae
448 1792 796 1860 Grecorum
839 1793 1228 1880 imperatrici
1284 1796 1617 1879 paternam
1663 1791 2064 1858 dilectionem
2111 1796 2176 1859 et
2220 1797 2460 1859 certum
2507 1812 2581 1860 ac

217 1910 413 1978 fidele
460 1910 529 1975 in
576 1910 747 1975 omni
793 1910 1218 1996 oportunitate
1265 1907 1589 1974 auxilium.

407 2025 598 2092 Prius
657 2026 909 2111 quidem
965 2024 1318 2112 preclaram
1365 2023 1761 2090 nobilitatem
1811 2029 1988 2089 tuam
2032 2030 2163 2090 tam
2210 2045 2289 2090 ex
2331 2024 2581 2091 vinculo

218 2142 625 2228 cognationis
674 2162 864 2228 quam
921 2163 999 2209 ex
1046 2140 1272 2207 affectu
1328 2138 1685 2227 adoptionis
1741 2139 2086 2227 plurimum
2133 2139 2579 2225 diligebamus3

218 2266 320 2327 set
369 2265 489 2325 tua
531 2255 707 2343 fides,
753 2262 866 2324 tua
894 2258 1122 2345 pietas,
1167 2261 1280 2322 tua
1309 2256 1580 2341 devoti0,
1626 2260 1738 2321 tua
1767 2255 2134 2340 liberalitas,
2182 2277 2370 2341 quam
2400 2257 2581 2324 nobis

219 2376 510 2443 officiose
557 2374 916 2458 exhibuisti,
963 2378 1115 2440 tunc
1160 2373 1417 2457 scilicet,
1467 2372 1716 2458 quando
1752 2393 1977 2439 manus
2009 2371 2269 2438 Domini
2315 2377 2379 2441 et
2405 2372 2580 2440 infir-

218 2494 456 2559 mitate
502 2490 814 2577 corporali
846 2494 911 2557 et
937 2510 1150 2557 rerum
1185 2488 1598 2556 incommodis
1628 2509 1745 2555 nos
1778 2487 2092 2556 afflixerat
2121 2495 2185 2555 et
2212 2489 2582 2558 humiliave-

217 2617 358 2695 rat,
417 2613 668 2676 tantum
715 2607 1003 2674 ardorem
1050 2611 1305 2674 sanctae
1351 2606 1631 2674 caritatis
1677 2606 1747 2674 in
1792 2612 2009 2674 nostra
2050 2611 2262 2674 mente
2307 2607 2476 2674 circa
2518 2612 2582 2676 te

220 2728 650 2811 adauxerunt,
673 2728 747 2790 ut
766 2744 905 2791 eam
926 2722 1103 2789 nulla
1124 2721 1482 2808 difficultas,
1506 2723 1750 2790 nullum
1779 2723 2149 2811 periculum,
2173 2723 2350 2790 nulla
2368 2746 2581 2791 rerum

220 2845 511 2910 varietas
556 2841 761 2929 possit
793 2840 1178 2924 extinguere.
1250 2839 1347 2906 Ita
1381 2840 1574 2925 igitur
1603 2840 1673 2906 in
1705 2841 1984 2907 animum
2014 2847 2301 2907 nostrum
2331 2841 2582 2907 induxi-

219 2981 409 3043 mus,
467 2959 560 3025 ita
605 2958 670 3024 in
716 2956 903 3023 corde
948 2963 1164 3023 nostro
1211 2957 1383 3022 omni
1430 2956 1840 3040 ambiguitate
1883 2962 2128 3023 remota
2169 2955 2580 3043 firmavimus,

221 3083 294 3145 ut
328 3113 421 3123 —-
457 3074 707 3141 etiamsi
750 3072 927 3139 nulla
967 3072 1220 3158 federis,
1267 3072 1444 3139 nulla
1488 3073 1739 3139 artioris
1788 3074 2110 3140 amiciciae
2152 3073 2375 3157 religio
2417 3074 2582 3140 inter

220 3214 341 3260 nos
377 3196 445 3259 et
467 3190 810 3275 gloriosum
836 3194 900 3256 et
919 3188 1514 3277 predilectissimum
1536 3189 1800 3255 fratrem
1823 3195 2131 3275 nosm,
2163 3195 2342 3256 tuum
2364 3190 2582 3276 utique

221 3310 558 3391 maritum,
603 3302 1007 3390 magnificum
1061 3309 1125 3372 et
1169 3305 1484 3372 excelsum
1529 3304 1874 3372 Grecorum
1929 3307 2408 3393 imperatorem,
2466 3306 2581 3373 ali-

225 3424 487 3513 quando
511 3422 970 3490 intercessisset
995 3458 1078 3468 —
1105 3422 1314 3509 parati
1335 3427 1548 3488 tamen
1571 3426 1636 3488 et
1655 3422 1883 3489 intenti
1908 3443 2208 3508 essemus,
2232 3444 2348 3489 sua
2371 3425 2583 3491 omnia

225 3549 543 3628 tanquam
586 3545 805 3605 nostra
849 3537 1130 3624 diligere,
1177 3538 1307 3604 suis
1352 3538 1625 3604 inimicis
1671 3544 1974 3625 tanquam
2002 3540 2236 3606 nostris
2266 3540 2577 3608 resistere.

413 3656 612 3723 Porro
659 3657 724 3722 in
770 3656 1179 3721 conventione
1225 3655 1425 3741 pacti,
1473 3675 1633 3741 quae
1678 3656 1844 3722 inter
1887 3676 2001 3722 nos
2049 3662 2113 3723 et
2154 3657 2366 3744 ipsum
2410 3659 2583 3724 omni

225 3795 375 3841 cum
424 3770 854 3839 benivolentia
881 3769 1134 3837 firmata
1164 3775 1278 3855 est,
1326 3770 1608 3838 condicio
1642 3772 2000 3839 necessaria
2028 3772 2401 3859 interposita
2428 3774 2579 3842 fuit:

227 3889 405 3978 quod
451 3888 692 3955 scilicet
737 3909 831 3972 ea,
879 3909 1038 3974 quae
1068 3887 1508 3974 prenominata
1538 3891 1602 3955 et
1627 3888 1983 3976 prescripta
2011 3888 2284 3975 fuerant,
2330 3891 2581 3977 utrique

227 4005 716 4093 compleremus,
762 4004 887 4070 nisi
930 4004 1089 4070 alter
1117 4003 1219 4070 vel
1248 4008 1510 4089 uterque
1555 4009 1843 4070 nostrum
1872 4010 2075 4072 morte
2106 4027 2217 4073 seu
2261 4007 2439 4091 gravi
2483 4007 2580 4072 in-

226 4122 536 4190 firmitate
578 4119 680 4188 vel
725 4120 1056 4187 amittendi
1085 4119 1336 4206 imperii
1365 4119 1644 4207 periculo
1685 4121 1752 4187 id
1781 4119 2082 4208 perficere
2110 4121 2579 4208 prohiberetur;

229 4246 447 4325 atque,
493 4241 816 4304 transacta
841 4236 956 4303 illa
983 4243 1115 4303 tam
1145 4237 1323 4320 gravi
1365 4242 1428 4303 et
1461 4241 1593 4302 tam
1624 4258 1752 4303 non
1782 4237 2155 4321 negligenda
2182 4236 2577 4322 necessitate,

229 4355 315 4422 ad
347 4353 726 4421 observandi
757 4358 823 4420 et
848 4352 1132 4441 inplendi
1161 4352 1438 4418 studium
1468 4354 1671 4420 denuo
1705 4354 2187 4437 accingeremur.
2225 4351 2409 4419 Nunc
2431 4374 2578 4437 ergo

230 4471 376 4555 tibi,
407 4477 709 4557 tanquam
739 4470 1113 4538 karissimae
1141 4468 1308 4537 filiae
1337 4455 1592 4537 nostrae
1633 4475 1698 4536 et
1729 4469 1981 4556 imperii
2008 4469 2210 4536 nostri
2253 4475 2577 4556 cognatae,

232 4608 459 4655 causas
497 4586 900 4655 familiariter
945 4593 1011 4655 et
1049 4587 1325 4655 breviter
1371 4587 1745 4673 aperiemus,
1790 4607 1908 4674 pro
1954 4586 2180 4672 quibus
2224 4587 2292 4654 in
2330 4586 2578 4672 Longo-
