3319 5242
727 440 859 506 234
1483 458 1781 505 wmALm
1822 456 2152 505 musi-ona
2198 455 2302 503 ιω.

553 603 689 658 1146
725 600 903 667 beiae
954 603 1023 666 11
1069 597 1205 666 Kal.
1244 599 1615 667 Novembris
1635 595 1669 666 ¹.
1750 597 2085 665 Stabulaus
2129 604 2568 686 pervenerunt,
2612 603 2899 665 nostram
2950 599 3060 666 im-

513 676 610 724 ⁰⁰*‘
633 680 692 725 ²⁰
723 714 1126 783 becillitatem
1185 717 1264 782 ad
1317 717 1596 801 regimen
1650 721 1864 783 tantae
1906 712 2009 782 'rei
2052 720 2186 781 tam
2229 735 2346 802 per
2385 714 2629 782 litteras
2677 735 2824 782 suas
2872 736 3065 803 quam

725 834 912 899 etiam
960 854 1075 919 per
1120 832 1450 920 epistolam
1494 833 1709 899 domni
1752 832 1918 916 regis
1964 851 2038 898 ac
2083 831 2297 898 domni
2325 830 2893 900 Patherburnensis
2937 833 3064 920 epi-

723 949 896 1035 scopi
951 953 1014 1015 et
1059 948 1325 1017 aliorum
1371 950 1761 1035 quorundam
1804 947 2191 1035 principum,
2248 967 2365 1014 nec
2407 968 2535 1014 non
2575 950 2859 1036 presenti
2902 969 3067 1016 nun-

721 1065 959 1131 ciorum
1007 1065 1277 1152 alloquio
1324 1064 1597 1133 officiose
1643 1070 1708 1132 et
1751 1063 2119 1150 suppliciter
2162 1064 2590 1131 invitaverunt
2598 1074 2638 1130 ⁸.
2731 1064 2867 1132 Nos
2913 1071 3067 1132 tunc

721 1201 966 1248 eramus
1012 1183 1078 1247 iu
1125 1182 1362 1269 synodo
1408 1181 1773 1249 Leodiensis
1820 1180 2176 1264 aecclesiae,
2223 1201 2412 1267 quam
2455 1180 2834 1248 venerabilis
2879 1188 3071 1269 pater

717 1304 931 1366 noster
975 1298 1305 1365 Heinricus
1363 1298 1548 1364 huius
1604 1298 1879 1363 nominis
1937 1295 2244 1363 secundus
2298 1294 2665 1364 Leodiensis
2723 1297 3071 1386 episcopus

718 1435 794 1480 ex
840 1435 1014 1482 more
1060 1412 1432 1481 celebrabat.
1502 1412 1682 1480 Unde
1727 1434 1871 1480 cum
1914 1417 2390 1496 reverteremur,
2438 1412 2519 1479 ad
2552 1414 3033 1500 preposituram
3048 1414 3073 1451 ⁵

715 1531 1081 1598 monasterii
1159 1529 1579 1613 Stabulensis,
1661 1530 1828 1615 quod
1895 1528 2426 1595 Malmundarium
2491 1528 2751 1614 dicitur,
2823 1530 3076 1598 festum

497 1656 594 1706 oet.
620 1660 676 1705 81
716 1649 993 1713 omnium
1051 1641 1444 1713 sanctorum'
1491 1644 1896 1730 celebraturi,
1954 1645 2426 1711 diverteramus.
2516 1646 2728 1731 Atque
2772 1666 2931 1713 cum
2992 1647 3076 1713 ad

712 1764 1143 1849 vespertinam
1188 1763 1479 1849 synaxim
1526 1760 1655 1828 iam
1700 1762 1945 1846 ingredi
1990 1781 2265 1828 essemus
2308 1761 2549 1848 parati,
2604 1761 2780 1829 venit
2825 1762 3076 1831 Stabu-

711 1878 905 1945 lensis
936 1878 1213 1962 nuntius,
1249 1876 1604 1962 significans
1635 1878 1838 1961 nobis,
1872 1878 2039 1963 quod
2066 1877 2259 1960 legati
2286 1878 2496 1962 regiae
2525 1878 2736 1944 curiae
2763 1884 3079 1947 nostrum

713 1995 881 2082 apud
913 1994 1247 2061 Stabulaus
1289 1994 1784 2081 prestolarentur
1828 1995 2187 2078 adventum,
2233 1994 2406 2061 nullo
2442 1995 2629 2061 modo
2671 1995 2823 2061 inde
2851 2017 3080 2065 reces-

712 2112 846 2177 suri
891 2111 991 2178 vel
1038 2112 1194 2177 alias
1241 2131 1390 2178 suae
1432 2110 1767 2195 legationis
1813 2109 2007 2177 verba
2051 2110 2420 2196 exposituri,
2465 2110 2591 2177 nisi
2634 2111 2704 2177 in
2748 2112 3082 2181 oecclesia

712 2227 1070 2295 Stabuleusi
1102 2247 1316 2294 coram
1342 2224 1567 2313 positis
1599 2227 1881 2294 eiusdem
1924 2226 2293 2293 monasterii
2332 2226 2654 2293 fratribus.
2722 2225 2860 2295 Nos
2906 2251 3078 2298 vero

707 2364 823 2431 pro
881 2346 1236 2411 reverentia
1284 2339 1521 2409 domini
1576 2344 1779 2409 nostri
1835 2343 2002 2426 regis
2058 2343 2353 2409 continuo
2412 2343 2687 2409 ascensis
2743 2345 2933 2430 equis
2984 2348 3081 2414 ad

709 2459 1081 2527 Stabulense
1109 2460 1558 2527 monasterium
1588 2459 1862 2525 transire
1888 2459 2346 2525 festinavimus.
2401 2457 2523 2525 Ubi
2552 2460 2681 2525 iam
2713 2480 2857 2526 sero
2886 2462 3082 2531 facto

706 2576 1008 2643 mandata
1051 2576 1288 2643 domini
1333 2575 1534 2643 nostri
1565 2575 1752 2661 regis
1800 2581 1864 2642 et
1905 2574 2295 2663 principum,
2352 2594 2470 2642 nec
2523 2595 2650 2642 non
2710 2575 3083 2649 aecclesiae

707 2691 1102 2760 Corbeiensis
1133 2693 1508 2780 petitionem
1529 2696 1679 2760 tum
1713 2712 1828 2779 per
1871 2693 2109 2780 scripta
2151 2697 2288 2758 tum
2331 2711 2448 2778 per
2485 2693 2825 2759 missorum
2856 2697 3085 2765 verba

706 2809 1114 2896 suscepimus.
1183 2809 1489 2896 Inspectis
1520 2807 1809 2875 omnibus
1856 2814 1921 2875 et
1965 2808 2215 2892 auditis,
2262 2828 2400 2874 rem
2444 2828 2694 2875 omnem
2736 2830 2955 2896 usqne
2984 2816 3085 2883 in

703 2926 1046 2992 crastinum
1093 2926 1173 2992 ad
1215 2944 1521 3013 responsa
1560 2924 2040 3011 premeditanda
2083 2923 2460 2990 distulimus.

880 3042 1032 3128 Iam,
1080 3042 1433 3109 venerande
1477 3047 1680 3128 pater,
1727 3041 1809 3106 ad
1855 3060 1999 3107 eum
2041 3040 2249 3107 locum
2276 3040 2590 3107 narrando
2619 3043 3082 3132 pervenimus,

701 3158 809 3226 ubi
864 3178 982 3226 nec
1039 3164 1246 3225 tacere
1305 3157 1642 3224 audeamus
1700 3162 1959 3244 propter
2006 3158 2317 3223 sanandas
2364 3176 2439 3224 ac
2480 3158 2855 3225 muniendas
2900 3180 3083 3229 con-

702 3276 996 3342 scientias
1053 3275 1322 3341 fratrum
1375 3278 1736 3340 nostrorum
1782 3273 2017 3340 Christi
2068 3275 2371 3358 sanguine
2413 3274 2888 3361 redemptorum
2939 3299 3083 3348 nec

699 3391 873 3476 loqui
927 3395 1061 3457 tute
1103 3390 1425 3457 valeamus
1476 3395 1741 3476 propter
1781 3389 2104 3456 irrisiones
2151 3410 2395 3474 eorum,
2454 3391 2563 3475 qui
2605 3391 2907 3477 superbia
2959 3396 3082 3464 in-

698 3505 932 3573 flantur
977 3511 1043 3573 et
1087 3506 1427 3573 ambitione
1453 3504 1876 3591 flammantur,
1925 3511 1988 3573 et
2014 3510 2274 3593 propter
2303 3507 2527 3573 secreti
2554 3508 2759 3574 nostri
2784 3507 3076 3598 bonum,

701 3623 868 3708 quod
915 3623 1205 3689 evacuari
1249 3622 1678 3689 formidamus.
1745 3622 1859 3689 Set
1901 3623 2214 3709 accipiant
2240 3623 2544 3707 homines,
2592 3628 2665 3689 ut
2690 3622 2941 3709 volunt,
2993 3636 3080 3696 et

700 3739 995 3806 iudicent.
1042 3738 1171 3805 Nos
1204 3739 1495 3824 quoniam
1525 3740 1593 3805 in
1620 3739 1983 3806 innocentia
2009 3744 2227 3805 nostra
2252 3739 2523 3823 ingressi
2552 3759 2789 3824 sumus,
2823 3762 3075 3813 verum

696 3861 859 3923 teste
902 3854 1038 3921 Deo
1085 3856 1443 3922 referemus.

500 3988 612 4035 nov.
637 3989 661 4035 1
877 3971 1037 4038 Cum
1081 3971 1162 4037 ad
1204 3970 1582 4038 matutinam
1626 3973 1919 4059 synaxim
1963 3991 2116 4037 sono
2162 3970 2460 4037 canonico
2493 3971 2751 4038 excitati
2779 3970 3067 4061 fuimus,

697 4088 841 4155 talis
897 4088 1198 4171 cogitacio
1251 4089 1433 4155 nobis
1491 4088 1714 4154 oborta
1765 4093 1889 4173 est,
1946 4090 2049 4170 ut,
2106 4091 2362 4173 peracto
2408 4087 2765 4153 matutinali
2808 4087 3064 4176 officio,

840 4227 881 4259 a.
911 4213 1123 4260 invitavit
1153 4231 1192 4259 c.
1300 4213 1345 4259 b.
1375 4213 1712 4272 preposituram
1742 4222 1786 4258 ιι
1817 4210 2099 4259 stabulensis
2132 4211 2253 4270 quod
2284 4220 2326 4256 ee
2355 4210 2522 4258 dicitur
2551 4229 2689 4259 emm
2720 4222 2824 4259 um
2856 4217 2900 4259 in
2938 4219 3065 4265 eoa.

837 4302 887 4354 1.
925 4299 990 4354 Iu
1026 4298 1281 4355 hocloco
1305 4299 1501 4356 vitium
1527 4299 1702 4370 inest3
1739 4296 2056 4354 Wibaldum
2081 4296 2226 4352 enim
2251 4295 2341 4352 die
2366 4298 2436 4353 20
2460 4297 2576 4354 Oct.
2605 4299 2697 4366 (13
2719 4298 2846 4355 Kal.
2873 4299 3059 4371 Nov.)

694 4388 952 4444 abbatem
988 4388 1375 4444 Corbeiensem
1412 4387 1647 4443 electum
1686 4402 1807 4443 esse
1824 4427 1838 4455 ,
1884 4386 2050 4443 docet
2095 4391 2153 4442 et
2188 4385 2650 4456 chronographus
2686 4386 3060 4446 corbeiensis

695 4482 884 4546 (supra
917 4492 973 4545 p.
999 4477 1090 4544 50)
1127 4482 1185 4532 et
1208 4477 1382 4533 Notae
1407 4475 1765 4532 stabulenses
1801 4479 1991 4546 (supra
2024 4491 2080 4545 p.
2110 4474 2199 4544 75)
2224 4480 2284 4531 et
2308 4473 2551 4531 wibaldi
2572 4475 2781 4546 tabula,
2819 4476 2894 4534 de
2931 4494 3058 4549 qua

694 4564 767 4621 cf.
804 4581 971 4635 supra
1004 4581 1057 4635 p.
1086 4566 1156 4620 50
1193 4582 1248 4620 n.
1277 4566 1324 4620 1.
1467 4566 1519 4620 2.
1556 4565 1697 4621 Nov.
1725 4565 1776 4622 1.
