3319 5242
1061 492 1492 545 msnano
1538 497 1593 546 s,
1624 497 1768 545 vrn
2503 479 2587 546 19

286 634 471 717 viginti
523 636 701 703 annis
760 637 970 722 arida,
1024 639 1095 705 in
1148 640 1481 726 proprium
1526 640 1807 723 vigorem
1850 638 2076 705 redire.
2171 637 2585 706 Gernentibus
2657 643 2764 699 836

283 749 507 837 denique
550 754 861 839 omnibus,
906 755 1076 840 quod
1117 756 1357 821 factum
1402 761 1558 839 erat,
1608 762 1672 822 et
1717 756 1863 822 diu·
1908 755 2386 842 expectantibus
2433 776 2586 841 qua-

282 865 399 933 liter
436 890 467 935 e
508 874 682 936 terra
725 877 1029 956 surgeret,
1073 892 1226 938 mox
1256 872 1414 958 ipse,
1461 872 1571 957 qui
1602 891 1745 938 cum
1776 872 2017 939 duobus
2047 876 2310 939 venerat
2340 878 2586 938 susten-

278 988 418 1050 tatus
459 985 716 1070 baculis,
762 988 1039 1075 propriis
1086 988 1372 1055 tentabat
1418 988 1742 1056 ambulare
1787 988 2074 1076 pedibus.
2146 987 2267 1067 Qui
2311 1008 2456 1055 cum
2483 1008 2587 1054 ro-

275 1105 494 1182 garetur
535 1123 574 1168 a
617 1102 1193 1187 circumstantibus,
1237 1109 1311 1169 ut
1352 1104 1656 1191 pristinos
1702 1109 1979 1171 sumeret
2006 1103 2260 1171 baculos
2292 1105 2588 1192 ipsosque

275 1214 497 1284 haberet
535 1220 607 1285 in
652 1218 1057 1304 adiutorium,
1105 1221 1314 1308 coepit
1355 1239 1499 1286 cum
1539 1220 1894 1288 iuramento
1926 1241 2222 1307 spernere
2254 1241 2328 1288 ac
2358 1222 2586 1306 dicere,

273 1333 413 1416 quod
462 1336 591 1401 iam
643 1335 844 1402 nollet
894 1337 1069 1423 ipsos
1123 1337 1191 1402 in
1247 1356 1399 1403 usus
1452 1336 1756 1423 pristinos
1804 1337 2143 1421 attingere3
2206 1357 2279 1404 eo
2326 1338 2587 1422 scilicet,

274 1449 396 1533 quia
441 1452 566 1517 iam
610 1451 885 1539 pleniter
926 1457 1220 1537 noverat,
1277 1453 1348 1518 in
1391 1472 1460 1519 se
1504 1454 1709 1519 sancti
1752 1454 2052 1539 martyris
2097 1454 2399 1521 virtutem
2443 1474 2589 1541 per-

269 1563 473 1652 fundi⁵,
517 1574 586 1635 et
631 1589 699 1635 se
743 1568 926 1635 firmo
971 1570 1293 1653 ingressu⁰
1341 1590 1462 1655 quo
1509 1568 1797 1637 volebat‘¹
1841 1588 2122 1655 pergere.
2216 1569 2354 1649 Qua
2397 1570 2476 1637 de
2517 1591 2590 1637 re

267 1699 387 1748 cum
428 1683 626 1771 aliqui
640 1736 660 1769 ,
716 1691 790 1752 ut
834 1685 994 1753 solet
1034 1686 1105 1751 in
1148 1685 1267 1752 hac
1314 1689 1520 1752 aetate
1534 1735 1553 1769 ,
1614 1684 2033 1753 diffidentiam
2077 1685 2242 1770 signi
2285 1686 2592 1752 haberent

269 1802 321 1863 et
365 1798 695 1886 diligenter
747 1802 1141 1887 inquirerent
1193 1821 1546 1887 nomenque
1599 1802 1802 1888 ipsius
1846 1806 2441 1889 percunctarentur,
2500 1801 2592 1868 af-

264 1913 488 1984 fuerunt
540 1918 806 2006 plurimi
862 1919 1057 1986 vicini
1113 1923 1177 1985 et
1233 1918 1519 2003 cognati,
1588 1918 1699 2003 qui
1757 1938 1900 1984 eum
1958 1939 1998 1984 a
2048 1917 2248 1985 multo
2309 1924 2593 2006 tempore

264 2028 525 2101 claudum
590 2040 655 2102 et
705 2037 777 2101 in
833 2035 1027 2102 asello
1082 2034 1323 2101 victum
1379 2034 1841 2119 quaeritantem
1895 2039 2203 2102 noverant
2213 2044 2254 2100 ⁶.
2346 2034 2593 2102 Nomen

265 2148 435 2214 cnim‘
478 2152 619 2218 eins
665 2156 803 2218 erat
844 2150 1218 2218 Ramfredus
1231 2161 1273 2216 ⁸.
1410 2149 1727 2234 Urgente¹²
1771 2150 1968 2234 igitur
2011 2152 2152 2238 ipso
2198 2151 2300 2218 die
2344 2151 2591 2235 itinere,

262 2282 383 2331 cum
421 2272 843 2355 peragrarent
888 2288 927 2334 a
966 2267 1106 2333 loco
1152 2266 1516 2354 supradicto
1563 2268 1746 2352 quasi
1789 2266 2089 2333 milliaria
2133 2267 2369 2352 decem,
2418 2272 2482 2334 et
2526 2267 2594 2332 in

262 2382 445 2449 media
494 2386 609 2451 via
661 2383 1013 2472 paullulum
1072 2383 1533 2467 substitissent,
1602 2388 2010 2450 occurrerunt
2067 2384 2228 2451 duae
2285 2383 2596 2469 quaedam

260 2498 531 2568 mulieres
578 2500 822 2567 lumine
868 2505 1172 2584 carentes,
1221 2520 1380 2584 quae
1427 2499 1644 2565 statim
1688 2499 2039 2565 illuminari
2083 2504 2468 2567 meruerunt.

411 2616 472 2683 A
516 2616 663 2685 loco
707 2637 859 2685 vero
902 2616 1012 2683 illo
1052 2620 1398 2699 moventes,
1446 2635 1590 2682 cum
1619 2617 2062 2704 pervenissent
2093 2616 2174 2684 ad
2202 2615 2594 2683 mansionem

258 2733 776 2815 praedestinatam
819 2733 1030 2818 ibique
1075 2738 1258 2799 nocte
1302 2732 1415 2798 illa
1459 2733 1867 2818 quievissent,
1913 2734 1980 2798 in
2011 2735 2358 2799 crastinum
2388 2738 2596 2800 trans-
2629 2745 2733 2792 Mai.
2752 2746 2812 2792 26

257 2855 452 2916 cuntes
497 2849 798 2933 fluvium,
855 2849 957 2915 cui
998 2848 1372 2915 vocabulum
1432 2854 1530 2915 est
1572 2848 1886 2916 Matrona*
1907 2845 1941 2932 ¹,
1991 2849 2177 2916 obvia
2218 2850 2342 2915 fuit
2383 2848 2596 2936 puella

254 2966 498 3048 parvula
559 2972 635 3031 ut
685 2964 1062 3052 putabaturk
1107 2985 1414 3031 annorum
1469 2971 1770 3051 quatuor,
1829 2985 2043 3049 caeca,
2104 2986 2263 3051 quae
2318 2985 2467 3031 mox
2525 2969 2597 3030 ut

257 3084 533 3149 accan-iv
583 3081 823 3148 oculari
876 3083 1125 3148 meruit.
1261 3081 1395 3148 Nec
1439 3081 1754 3148 silendum
1799 3081 1963 3165 volo,
2010 3087 2277 3166 quantas
2322 3081 2461 3167 ipso
2493 3080 2596 3146 die

255 3192 552 3266 Dominus
599 3199 866 3265 virtutes
920 3198 1163 3264 meritis
1224 3202 1288 3264 et
1341 3198 1633 3284 precibus
1693 3198 1863 3265 beati
1921 3198 2221 3284 martyris
2267 3197 2596 3264 ostendere

256 3309 535 3397 dignatus
587 3320 702 3381 est.
773 3314 846 3380 In
890 3314 1044 3380 villa
1088 3314 1277 3398 enim,
1326 3334 1485 3399 quae
1530 3320 1791 3380 vocatur
1824 3313 2349 3401 Septem-Salices
2360 3309 2405 3398 ²,
2452 3333 2597 3380 cum

252 3446 350 3512 pro
392 3431 710 3498 sumendo
758 3430 896 3497 cibo
930 3413 1331 3517 paullulumm
1375 3431 1518 3517 ipsa
1562 3430 1666 3496 die
1694 3430 1814 3496 vel·
1824 3431 2120 3498 iumentis
2151 3429 2382 3518 pabulo
2411 3450 2595 3517 prae-

254 3539 436 3613 bendo
450 3557 476 3584 ²
524 3547 960 3613 substitissent
1001 3547 1336 3633 ipsumque
1381 3551 1671 3612 sanctum
1716 3565 1943 3633 eorpus
1988 3548 2056 3612 in
2104 3546 2431 3614 ecclesiam
2476 3545 2596 3611 mi-

253 3659 469 3730 sissent
482 3714 505 3747 ,
565 3664 743 3730 venit
799 3662 1104 3747 quaedam
1149 3661 1377 3728 mulier
1420 3662 1677 3728 nomine
1717 3660 2070 3729 Waldemia
2116 3669 2262 3729 ante
2308 3666 2596 3728 sanctum

247 3785 610 3865 martyrem,
658 3799 845 3846 caeca
888 3779 1070 3844 annis
1114 3777 1351 3862 multiS,
1399 3788 1594 3864 quae⁰
1636 3777 1980 3865 deprecans
2011 3778 2135 3846 Dei
2176 3779 2594 3863 clementiam,

248 3889 361 3959 ibi·
404 3895 775 3962 illuminata
829 3901 942 3962 est.
1034 3894 1122 3961 Et
1176 3894 1363 3961 homo
1421 3894 1678 3981 quidam
1722 3896 1976 3962 nomine
2021 3894 2409 3962 Rancharius
2454 3896 2594 3983 ipso

248 4006 338 4076 die
381 4011 688 4078 similiter
731 4011 1123 4078 illuminatus
1169 4017 1285 4096 est,
1331 4010 1459 4077 illis
1507 4012 1803 4079 euntibus
1848 4033 1964 4099 per
2007 4012 2197 4077 viam.
2337 4011 2470 4091 Quo
2517 4011 2595 4078 de

373 4184 416 4217 a.
450 4171 538 4218 diu
570 4190 657 4217 om.
683 4173 726 4218 1.
825 4171 871 4218 b.
903 4170 1080 4218 infundi
1114 4173 1157 4217 1.
1261 4185 1301 4218 c.
1334 4185 1496 4229 gressu
1526 4173 1570 4217 2.
1671 4171 1715 4218 d.
1748 4171 1973 4218 voluisset
2003 4173 2047 4217 2.
2141 4186 2182 4218 e.
2214 4174 2518 4229 cognovermt
2551 4172 2593 4217 1.

249 4244 277 4290 ί-
311 4250 431 4296 enim
465 4269 555 4298 on.
588 4254 631 4297 1.
736 4264 779 4309 g.
819 4251 1091 4297 Rautfredus
1132 4253 1176 4297 2.
1279 4251 1325 4297 h.
1369 4251 1566 4309 Urgente
1605 4275 1653 4283 —
1691 4254 1954 4298 mernerunt
1985 4269 2069 4297 om.
2093 4253 2135 4297 1.
2240 4251 2272 4297 i.
2314 4249 2519 4296 Materna
2550 4251 2593 4295 2.

246 4323 286 4371 k.
312 4330 513 4388 putabat
534 4332 577 4377 1.
673 4330 705 4377 l.
728 4331 924 4378 occurrit
946 4333 988 4377 1.
1082 4344 1142 4377 m.
1168 4330 1419 4390 paullulum
1440 4349 1527 4378 um.
1550 4332 1593 4378 1.
1689 4346 1735 4378 n.
1768 4332 1827 4378 ad
1848 4331 2062 4378 iumentis
2082 4330 2250 4391 pabula
2268 4329 2529 4390 praebenda
2549 4331 2596 4376 2.

248 4417 288 4454 ο.
314 4421 432 4467 que
465 4428 558 4457 σω.
580 4413 627 4457 2.
720 4424 767 4470 p.
799 4410 952 4471 ibique
983 4413 1029 4458 2.

248 4514 431 4655 Reml·
483 4514 672 4570 liarne
720 4513 776 4569 fl.
893 4517 945 4571 2.
992 4512 1364 4585 Sept-Saulx‚
1414 4515 1597 4571 media
1643 4512 1759 4571 fere
1805 4515 1898 4570 via
1941 4515 2087 4570 inter
2131 4513 2491 4572 catalaunum
2538 4519 2598 4566 et

374 4616 461 4657 os.

2086 4696 2168 4754 2*

2620 717 2803 765 nates
2917 768 2924 783 ,
