3319 5242
746 424 881 492 462
1415 443 1718 492 wmanm
1758 442 2134 493 mmmm
2173 443 2281 490 ssi.
2315 442 2422 490 sss.

574 587 707 643 1151
746 583 1141 669 propositum
1189 583 1427 650 domini
1470 585 1676 651 nostri
1720 584 2003 671 episcopi
2019 579 2036 611 ¹
2080 588 2146 650 et
2189 583 2270 650 ad
2314 581 2799 668 intelligendam
2832 583 2912 651 de
2940 603 3077 671 pace

748 698 1180 765 universitatis
1235 706 1483 767 vestrae
1539 699 1960 786 voluntatem,
2016 700 2262 767 tardius
2319 699 2400 766 ad
2456 720 2572 766 nos
2626 700 2854 785 rediit,
2913 720 3080 785 quam

749 815 1198 901 oportunitatis
1243 816 1396 883 ordo
1441 821 1507 884 et
1533 836 1747 884 rerum
1777 818 1939 884 ratio
1971 820 2357 902 exposceret.
2422 814 2584 883 Cum
2611 816 2813 900 igitur
2842 822 3084 904 propter

747 931 1096 1016 longiorem
1140 953 1386 1000 moram
1430 934 1564 1000 eius
1609 933 1689 1000 de
1734 932 2042 1018 colloquio
2091 932 2260 1021 apud
2301 928 2573 999 Heium·
2616 932 2832 999 futuro
2879 933 3086 1019 despe-

749 1049 1129 1116 ravissemus
1142 1099 1162 1133 ,
1219 1050 1507 1117 conversi
1560 1050 1640 1116 ad
1685 1069 1902 1117 curam
1945 1049 2227 1136 corporis
2241 1097 2260 1132 ,
2318 1049 2686 1133 sanguinem
2733 1050 3086 1132 minuimus,

746 1164 937 1252 paulo
968 1171 1115 1232 ante
1145 1185 1333 1251 quam
1364 1165 1535 1233 idem
1577 1165 1777 1234 frater
1809 1171 2027 1234 noster
2055 1172 2496 1235 reverteretur.
2558 1165 2957 1233 Excusatsm
2984 1166 3089 1232 its-

749 1301 870 1366 que
911 1281 1143 1348 habeat
1181 1287 1393 1348 vestra
1417 1281 1734 1349 discretio
1767 1288 2051 1350 nostram
2081 1283 2528 1364 valitudinem3
2573 1302 2694 1350 nec
2736 1281 2871 1348 ullo
2918 1281 3091 1348 modo

747 1397 817 1463 in
860 1397 1047 1464 corde
1092 1418 1204 1463 suo
1248 1397 1536 1484 recipiat,
1584 1398 1751 1484 quod
1796 1406 2057 1487 propter
2100 1401 2384 1487 privatas
2414 1399 2706 1466 odiorum
2732 1398 3093 1465 inimicitias

746 1532 969 1600 pacem
1023 1519 1231 1581 terrae
1287 1519 1353 1581 et
1402 1513 1728 1601 publicum
1783 1520 2022 1583 statum
2076 1515 2321 1583 turbari
2366 1515 2634 1583 velimus
2686 1521 2754 1583 et
2799 1521 3094 1582 evertere.

747 1628 966 1715 Neque
1023 1630 1193 1696 enim
1246 1650 1454 1697 mores
1509 1637 1761 1698 nostros
1817 1633 1910 1698 ita
1963 1632 2242 1700 instituit
2286 1637 2350 1699 et
2391 1632 2691 1699 formavit
2731 1631 2850 1698 illa
2894 1637 3099 1699 vestra

749 1745 996 1812 doctrix
1026 1751 1091 1813 et
1134 1746 1410 1831 domina,
1455 1767 1668 1813 rerum
1713 1749 2072 1815 divinarum
2117 1754 2183 1816 et
2223 1749 2643 1816 humanarum
2686 1749 3005 1832 mag-istra
3044 1751 3101 1814 et

750 1861 1099 1946 educatriX,
1135 1860 1556 1949 philosophia,
1600 1868 1676 1930 ut
1705 1864 1785 1932 ob
1820 1885 2047 1932 causae
2077 1865 2416 1949 singularis
2447 1864 2706 1931 titulum
2734 1864 2910 1931 bona
2938 1884 3101 1932 com·

746 1978 970 2045 munia
1022 1978 1401 2045 deseramus.
1496 1979 1732 2047 Divina
1785 1983 1957 2048 enim
2000 1981 2404 2069 philosophia
2446 1981 2628 2049 dicit:
2685 1983 2885 2048 Beati
2917 1985 3100 2070 paci-

733 2096 872 2179 fici,
924 2099 1223 2182 quoniam
1251 2097 1388 2179 filii
1418 2097 1552 2162 Dei
1590 2093 2033 2180 vocabuntur⁸‚
2084 2103 2176 2165 et:
2222 2100 2416 2166 Beati
2445 2100 2642 2187 pedes
2676 2121 2912 2186 pacem
2944 2121 3101 2186 por-

749 2224 965 2278 tantes.
1043 2211 1292 2279 Umana
1333 2210 1735 2299 philosophia
1776 2233 1905 2280 non
1949 2214 2351 2300 contempsit,
2395 2215 2589 2281 etiam
2633 2213 2943 2300 capitales
2992 2213 3103 2279 ini·

748 2328 945 2394 micos
989 2328 1058 2394 iu
1101 2328 1488 2395 consortium
1517 2329 1928 2412 magistratus
1961 2330 2040 2397 ob
2070 2331 2165 2396 rei
2191 2330 2444 2417 publice
2474 2329 2744 2397 salutem
2775 2330 3100 2397 asciscere.

747 2443 834 2510 Et
879 2445 1177 2530 quoniam
1221 2433 1545 2531 tyrannos*
1571 2445 1701 2513 iam
1747 2446 1815 2511 in
1859 2445 2175 2514 insaniam
2220 2467 2437 2514 versos
2485 2466 2622 2513 esse
2657 2447 3104 2534 comperimus,

749 2564 963 2627 vestra
1003 2560 1319 2628 industria
1364 2581 1508 2629 cum
1553 2562 1727 2629 omni
1769 2561 2161 2630 humanitate
2207 2567 2271 2629 et
2314 2561 2681 2651 placiditate
2727 2563 2929 2630 animi
2977 2560 3106 2631 effi-

750 2695 891 2744 cere
947 2677 1229 2763 curabit,
1296 2698 1378 2744 ne
1435 2698 1582 2765 spes
1640 2678 1816 2767 pacis
1877 2679 2290 2766 abrumpatur
2356 2684 2421 2747 et
2486 2678 2743 2765 efferate
2802 2679 2886 2745 ad
2932 2699 3109 2747 arma

749 2798 1176 2860 concurratur.
1244 2793 1497 2862 Etenim
1544 2800 1694 2882 post
1736 2795 1856 2863 hoc
1897 2795 2200 2880 triduum,
2246 2795 2486 2863 viribus
2531 2796 2952 2882 recuperatis,
2999 2814 3105 2863 nec

751 2929 1020 2996 persone
1062 2930 1181 2977 nec
1223 2911 1412 2977 rebus
1451 2913 1842 2998 parcendum
1869 2912 2006 2980 fore
2034 2913 2103 2979 in
2133 2912 2415 2981 animum
2444 2912 2762 2997 duximus,
2809 2914 3107 2998 quatinus

749 3046 880 3112 pax
925 3032 990 3093 et
1030 3027 1457 3114 tranquillitas
1492 3028 1729 3116 populo
1760 3028 2103 3096 christiano
2132 3049 2250 3116 per
2278 3048 2395 3095 nos
2424 3034 2812 3116 peccatores,
2861 3029 2924 3096 si
2953 3028 3107 3096 divi-

749 3143 937 3209 nitati
982 3143 1075 3210 ita
1118 3143 1516 3231 complacuit,
1563 3149 1954 3231 procuretur.
2024 3144 2206 3211 Alias
2253 3149 2486 3230 autem,
2532 3166 2692 3231 quae
2735 3147 3005 3233 proprie
3033 3144 3108 3212 ad

749 3278 865 3327 uos
897 3264 962 3328 et
991 3260 1357 3328 aecclesiam
1388 3266 1674 3328 nostram
1704 3266 2015 3349 spectant,
2051 3281 2181 3329 non
2210 3262 2457 3330 minore
2485 3262 2695 3329 studio
2724 3267 3104 3349 repetemus.

756 3505 932 3578 332.
970 3510 1288 3576 Wibaldus
1331 3511 1648 3577 monachis
1684 3511 2211 3577 Gladbacensibus
2246 3513 2552 3577 auxilium
2569 3474 2927 3599 pollicetur.
2989 3514 3108 3579 Mi·

972 3627 1314 3692 nister-iales
1360 3651 1573 3693 eorum
1614 3651 1681 3693 se
1725 3630 1870 3693 vitio
1920 3629 2159 3695 abbatis
2202 3629 2561 3694 insolentius
2600 3629 2890 3695 extulisse
2909 3639 3105 3717 putat.

2879 3793 2895 3808 .
2934 3745 3082 3810 308.

576 3868 715 3924 1151
929 3854 1311 3923 Reverendis
1386 3857 1455 3924 in
1526 3856 1778 3924 Christo
1852 3856 2156 3924 fratribus
2221 3854 2702 3925 Cladebaceusis
2771 3742 3106 3926 &eclesiae

749 3970 1074 4039 monachis
1118 3972 1315 4040 frater
1356 3971 1736 4055 W(ibaldus)
1783 3972 1906 4040 Dei
1949 3974 2159 4058 gratia
2201 3974 2288 4058 id,
2339 3975 2506 4061 quod
2552 3979 2650 4040 est
2691 3974 2762 4041 in
2810 3974 3107 4043 aecclaeia

750 4088 1075 4173 catholica,
1122 4089 1624 4156 benedictionem
1670 4094 1734 4155 et
1777 4090 1975 4155 vitam
2018 4110 2219 4175 usque
2263 4090 2331 4155 in
2378 4088 2678 4157 seculum.

925 4203 1178 4292 Duplex
1224 4225 1340 4272 nos
1385 4206 1550 4272 ratio
1599 4206 1682 4272 ad
1710 4211 1957 4273 vestrae
2003 4205 2358 4272 dilectionis
2407 4211 2471 4272 et
2500 4206 2788 4273 caritatis
2821 4205 3105 4273 affectum

749 4326 1083 4409 provocat,
1139 4318 1433 4388 videlicet
1486 4320 1653 4408 quod
1697 4322 1884 4388 unius
1930 4322 2171 4388 ordinis
2215 4322 2469 4389 habitus
2517 4327 2581 4388 et
2624 4321 2952 4406 religionis
2992 4341 3102 4388 no-

894 4462 943 4515 1.
991 4460 1342 4531 Leodiensis,
1392 4460 1655 4517 Heinrici.
1873 4464 1927 4518 2.
1976 4462 2136 4534 Ray,
2182 4461 2329 4518 inter
2365 4461 2631 4518 Leodium
2680 4466 2740 4517 et
2783 4463 3101 4519 Namucum.

748 4550 800 4605 3.
844 4548 1043 4605 Matth.
1069 4549 1121 4619 5,
1146 4550 1198 4605 9.
