3319 5242
714 437 849 505 604
1537 447 1912 497 ammom
1951 445 2234 494 «ιε-474.

506 605 645 661 1162
889 595 1412 663 Predecessorum
1441 597 1803 658 nostrorum
1823 589 2094 673 vestigia
2112 588 2367 672 imitati,
2398 588 2721 655 abbatiam
2744 587 2825 653 de
2840 584 3060 655 Werve

473 679 599 740 ΒΨ
621 680 679 725 ¹¹
717 714 799 781 ad
841 714 941 780 ius
987 717 1051 779 et
1093 711 1549 798 proprietatem
1589 709 1760 775 beati
1788 706 1963 774 Petri
1997 704 2356 792 specialiter
2382 706 2810 792 pertinentem
2842 702 3058 769 dilecto

713 829 845 897 filio
876 827 1216 912 G(onrado)
1249 825 1612 893 Corbeiensi
1658 824 1871 891 abbati
1900 823 2242 907 regendam
2272 821 2872 906 custodiendamque
2900 840 3061 886 com-

713 945 1024 1029 misimuS,
1071 947 1418 1030 sperantes,
1466 941 1631 1027 quod
1678 941 1812 1007 eius
1858 938 2259 1026 providentia
2303 943 2557 1005 auctore
2586 937 2865 1003 Domino
2909 936 3064 1002 acci·

716 1064 854 1149 piat
895 1063 1370 1128 incrementum.
1433 1057 1670 1123 Verum
1718 1056 1868 1141 quia
1911 1074 2121 1121 comes
2158 1053 2393 1138 Bobbo,
2441 1054 2552 1139 qui
2595 1054 2732 1120 eius
2779 1053 3067 1120 abbatiae

717 1198 784 1245 se
831 1177 1058 1243 asserit
1104 1175 1495 1257 advocatum,
1543 1172 1875 1239 cenobium
1918 1169 2261 1238 Wervense
2305 1175 2370 1236 et
2411 1171 2732 1256 prefatum
2775 1168 3068 1237 abbatom

716 1294 910 1361 variis
956 1292 1407 1377 inquietatibus
1452 1288 1826 1376 perturbare
1870 1287 2170 1371 minatur,
2219 1286 2581 1354 discretioni
2624 1291 2776 1354 tuae
2805 1284 3066 1353 nanda-

715 1430 856 1477 mus
903 1414 1089 1493 atque
1132 1407 1515 1495 precipimus
1529 1456 1548 1489 ,
1604 1410 1677 1471 ut
1732 1423 1874 1471 eum
1927 1404 2213 1471 districte
2254 1421 2653 1470 commoneas
2665 1412 2712 1487 ·,
2755 1406 3065 1490 quntum

717 1527 796 1593 ab
853 1525 1098 1592 abbatis
1153 1529 1217 1590 et
1261 1522 1505 1590 cenobii
1550 1496 1952 1587 infestatione
1998 1520 2297 1608 quiescat.
2390 1518 2628 1599 Quodsi
2657 1519 2810 1587 tuis
2829 1534 3067 1607 [parem

716 1640 1304 1709 commonitionibus
1341 1636 1794 1706 contumaciter
1839 1645 1902 1705 et
1939 1637 2208 1724 superbe
2251 1634 2722 1725 contempserit,
2763 1635 3070 1707 monica

718 1779 862 1826 eum
909 1778 1175 1824 censura
1202 1775 1486 1823 coercere
1516 1775 1835 1844 procures,
1898 1754 2068 1821 Data
2094 1752 2381 1820 Bisuntie
2411 1753 2454 1819 3
2477 1751 2625 1819 Idus
2653 1750 3065 1853 Swmbns.

719 1961 903 2034 473.
939 1965 1298 2030 Fridericus
1327 1963 1370 2029 Ι
1404 1964 1746 2049 imperator
1790 1961 2023 2049 Adolfo
2071 1961 2149 2025 de
2191 1959 2390 2025 Dasle
2421 1959 2766 2051 pracepit,
2803 1980 2889 2027 ne
2919 1954 3068 2024 Cor·

941 2073 1273 2138 heieu-cium
1318 2072 1480 2135 bona
1529 2069 1946 2135 Silehusensia
1990 2064 2285 2155 infestet⁵.

382 2203 699 2262 1180-1190
894 2193 1302 2276 F(ridericus)
1360 2192 1483 2260 Dei
1550 2193 1760 2276 gratia
1811 2192 2239 2259 Romanorum
2297 2190 2644 2278 imperator
2697 2192 2764 2256 et
2820 2207 3068 2275 semper

719 2316 1021 2397 augustus
1064 2309 1297 2377 Adolfo
1344 2308 1422 2377 de
1466 2309 1661 2376 Dasle
1679 2305 1714 2375 ¹.

892 2427 995 2494 Ex
1069 2426 1463 2512 querimonia
1516 2424 1796 2494 fidelium
1851 2429 2213 2491 nostrorum
2268 2421 2742 2490 corbeiensium
2797 2416 3067 2487 fratrum

718 2544 1151 2629 cognovimus,
1212 2542 1380 2628 quod
1434 2547 1507 2608 tu
1561 2543 1729 2609 bona
1787 2561 2006 2608 eorum
2060 2541 2129 2606 in
2175 2538 2504 2606 Silehusen
2557 2537 2639 2604 ad
2680 2537 3068 2625 prebendam

717 2660 1002 2747 ipsorum
1046 2659 1428 2747 pertinentia
1472 2659 1733 2726 invadas
1782 2664 1846 2725 et
1889 2658 1980 2724 eis
2029 2657 2295 2741 auferas,
2342 2677 2464 2742 que
2508 2656 2635 2743 ipsi
2681 2676 2761 2722 ex
2800 2654 3065 2721 sinodali

718 2776 1032 2852 sententia
1075 2796 1114 2841 a
1157 2775 1353 2842 fratre
1396 2779 1505 2842 tuo
1513 2771 1565 2869 J,
1612 2776 1721 2862 qui
1767 2795 1873 2843 eos
1921 2775 2112 2842 etiam
2157 2775 2227 2840 in
2272 2773 2508 2840 eisdem
2541 2771 2725 2840 bonis
2757 2772 3062 2857 gravavit,

722 2893 1148 2981 optinuerunt.
1212 2891 1342 2959 Nos
1386 2892 1620 2979 itaque,
1667 2891 1906 2958 nullam
1950 2891 2246 2957 iniuriam
2296 2895 2406 2956 aut
2448 2909 2791 2973 gravamen
2839 2890 2919 2957 ab
2953 2890 3065 2957 ali-

717 3029 842 3096 quo
890 3008 980 3075 eis
1025 3007 1249 3075 inferri
1277 3007 1578 3092 volentes,
1622 3008 1997 3075 mandamus
2031 3007 2152 3074 tibi
2180 3006 2298 3073 sub
2328 3010 2590 3093 optentu
2619 3007 2827 3089 gratie
2855 3012 3065 3073 nostre

716 3124 1156 3213 precipientes,
1206 3125 1500 3210 quatinus
1546 3123 1624 3192 ab
1670 3125 1789 3190 hac
1832 3125 2233 3190 infestatione
2274 3123 2353 3190 de
2383 3129 2591 3190 cetero
2622 3143 2886 3189 manum
2926 3123 3064 3189 abs-

715 3243 919 3310 tineas
966 3245 1030 3308 et
1075 3240 1286 3308 ablata
1331 3242 1422 3309 eis
1465 3242 1560 3308 ita
1601 3240 1996 3325 integraliter
2048 3241 2367 3323 restituae,
2413 3260 2495 3306 ne
2539 3239 2837 3326 deinceps
2879 3259 3064 3327 super

712 3360 836 3427 hoc
890 3358 1285 3447 querimonia
1339 3357 1421 3424 ad
1474 3362 1692 3424 nostre
1734 3356 2192 3442 magnitudinis
2237 3356 2675 3423 excellentiam
2715 3358 3061 3443 perveniat.

717 3476 1021 3562 Alioquin
1066 3494 1407 3560 gravamen
1448 3477 1666 3540 nostre
1712 3473 2066 3540 severitatis
2112 3472 2364 3540 senties.

717 3679 898 3751 474.
936 3679 1371 3745 wichmannus
1425 3680 1921 3767 archiepiscopus
1963 3680 2513 3767 Maqdeburyensis
2555 3678 2912 3744 Widn'ltindo
2959 3680 3062 3745 ab·

944 3790 1072 3853 bati
1119 3787 1468 3853 Corbeiensi
1513 3790 1588 3852 de
1634 3811 1705 3852 eo
1752 3788 2163 3853 consecrando
2208 3787 2487 3851 rescribit
2498 3795 2539 3849 ⁰.

528 3918 682 3975 -1190
896 3901 1347 3972 wichmannus
1403 3902 1525 3969 Dei
1584 3901 1791 3987 gratia
1847 3905 2061 3968 sancte
2114 3898 2672 3985 Magdeburgensis
2729 3899 3065 3968 aecclesiae

581 3991 666 4040 Inl'
862 4043 903 4076 a.
936 4040 1148 4075 comum
1183 4027 1286 4073 cod.
1409 4026 1455 4073 b.
1487 4029 1673 4090 Legitur
1703 4027 1816 4072 Ιιοοι·
1848 4027 2043 4085 epistola
2073 4028 2117 4071 ἰιι
2151 4026 2324 4072 codicis
2353 4026 2582 4087 quondm
2610 4026 2902 4080 corbeia-nb,
2934 4024 3064 4070 bo&

718 4112 1106 4163 flou-curiensis,
1139 4108 1314 4156 membr.
1337 4109 1514 4169 signati
1541 4106 1576 4152 I.
1608 4107 1714 4152 182.
1744 4106 1955 4163 f01.145,
1986 4108 2157 4165 scripto
2182 4122 2317 4151 mann
2346 4123 2470 4153 socc.
2494 4103 2607 4152 ΧΠ.
2730 4117 2771 4150 c.
2804 4106 2865 4149 n
2886 4104 3000 4150 bace
3024 4112 3063 4147 ot

718 4207 791 4246 eu,
825 4206 942 4251 quae
971 4191 1171 4250 seqnitur
1200 4189 1420 4247 epistola,
1449 4189 1607 4247 posito
1637 4195 1704 4233 est
1734 4204 1871 4233 manu
1900 4203 2021 4232 saec.
2050 4188 2151 4234 111
2186 4189 2231 4232 in
2260 4187 2347 4242 fol.
2364 4185 2452 4232 131
2488 4185 2662 4231 codicis
2695 4185 2926 4246 quondan
2961 4187 3061 4232 Cev-

719 4270 933 4322 ber'erm's,
974 4268 1109 4314 hodie
1150 4271 1546 4323 Moneteen'etut’s,
1582 4270 1761 4329 signati
1799 4266 1833 4313 Ι.
1867 4268 1971 4313 132.
2030 4268 2274 4327 Uir-amque
2313 4268 2552 4324 epistolu-
2595 4265 2790 4311 anulum.-
2832 4266 3059 4311 edida-1

720 4351 927 4396 Harum
958 4356 1000 4393 a
1030 4348 1230 4394 Durand
1262 4349 1382 4395 coll.
1409 4351 1446 4395 1.
1473 4348 1566 4394 994
1595 4356 1638 4392 ee
1671 4347 1851 4394 &hard
1882 4349 1996 4409 Beg-
2029 4346 2236 4405 Westpb.
2262 4349 2312 4392 11
2344 4347 2458 4394 cod
2482 4347 2596 4404 dipl.
2626 4363 2675 4406 p.
2701 4345 2809 4392 218.

863 4431 1212 4490 1.,Adolfum
1246 4433 1275 4488 I
1309 4434 1564 4489 comitem
1599 4433 1670 4488 de
1697 4432 1866 4488 Dasle
1900 4433 1956 4487 in
1994 4431 2197 4487 tabulis
2233 4446 2496 4487 annorum
2533 4432 2884 4487 1180—1224
2917 4446 3055 4486 com-

718 4536 913 4593 parere
927 4563 942 4591 ,
1008 4521 1171 4577 docet
1221 4522 1447 4594 Mooyer
1508 4523 1566 4577 in
1617 4521 1832 4578 Ethard
1886 4527 1944 4577 et
2001 4520 2357 4577 Rosenkranz
2411 4519 2724 4576 zeitschrift
2772 4520 2917 4577 vm.
2972 4521 3051 4574 92

720 4613 772 4666 2.
810 4607 1043 4667 Ludolfo
1066 4611 1109 4683 1,
1148 4610 1242 4681 qui
1265 4611 1423 4667 annis
1449 4612 1800 4668 1180-1209
1823 4611 1881 4667 in
1903 4609 2105 4667 tabulis
2127 4614 2422 4681 comparet,
2447 4614 2672 4666 auctore
2691 4610 2946 4681 Mooyero
2965 4609 2999 4663 l.
3015 4607 3047 4662 1.
