3319 5242
744 448 876 515 412
1408 462 1705 511 wnmm
1747 460 2122 510 amsa-om
2162 458 2269 508 284.
2304 457 2414 508 sss.

500 612 640 668 1150
746 628 883 676 esse
938 606 1119 674 nobis
1173 606 1551 691 iudicamus,
1608 604 1950 672 utilitatem
1992 603 2263 671 flatrum
2304 608 2666 671 nostrorum
2706 609 3062 691 postponere

430 687 704 811 Δὲῗρῗὲιιῗ
746 728 811 792 et
864 724 1156 792 ecclesias
1210 728 1456 790 nostras
1513 723 1583 788 in
1636 720 1989 809 periculoso
2043 720 2405 787 discrimine
2454 719 2839 806 relinquere,
2893 738 3062 807 quam

743 861 872 908 non
927 840 1270 907 obediendo
1327 840 1580 906 domino
1631 838 2001 922 karissime,
2058 838 2251 921 iram,
2311 856 2503 923 quam
2543 857 2673 904 non
2713 838 3063 922 meruimus,

744 959 1166 1042 incurramus,
1225 962 1290 1024 et
1331 961 1429 1023 tot
1471 956 1700 1023 devota
1742 953 2028 1038 servitia,
2080 973 2242 1040 quae
2287 973 2438 1041 sepe
2482 959 2548 1021 et
2588 974 2750 1040 pene
2764 964 2785 989 ·
2832 955 3065 1021 assidue

744 1076 812 1141 in
854 1074 1169 1159 regalibus
1217 1072 1377 1140 aulis
1422 1072 1842 1157 exhibuimus,
1888 1076 2022 1137 tam
2063 1074 2323 1157 repente
2369 1070 2750 1137 amittamus.
2843 1070 3065 1139 Ibimus

743 1192 955 1278 itaque
969 1242 989 1276 ,
1046 1191 1307 1274 ibimus,
1363 1210 1491 1257 non
1536 1190 1699 1256 sicut
1742 1189 1922 1256 decet
1963 1188 2203 1272 regiam
2246 1186 2673 1272 maiestatem,
2731 1193 2863 1273 set,
2922 1189 3071 1255 sicut

746 1308 1060 1394 quondam
1104 1307 1182 1375 de
1227 1307 1411 1373 domo
1457 1311 1678 1373 nostra
1721 1305 2177 1391 quodammodo
2215 1302 2461 1390 expulsi
2491 1309 2557 1371 et
2585 1303 2823 1389 exules,
2868 1304 3071 1392 parvis

746 1424 1098 1512 sumptibus
1144 1428 1208 1490 et
1250 1423 1469 1510 paucis
1510 1423 1790 1490 contenti
1818 1422 2170 1490 comitibus.
2229 1418 2596 1505 Significare
2622 1421 2840 1507 itaque
2867 1422 3073 1507 digne-

743 1547 850 1609 tur
891 1541 1073 1609 nobis
1118 1544 1330 1608 vestra
1371 1540 1727 1624 benignitas
1771 1539 1959 1624 diem,
2008 1559 2134 1624 qua
2176 1538 2259 1604 ad
2300 1557 2413 1604 vos
2441 1537 2790 1621 veniamus,
2833 1537 2931 1604 ita
2969 1558 3072 1625 pa·

744 1659 888 1743 rati,
934 1662 1008 1724 ut
1051 1657 1133 1723 ad
1178 1657 1416 1723 curiam
1461 1655 1642 1722 nobis
1689 1654 2040 1723 condictam
2058 1651 2074 1682 ²
2116 1654 2441 1721 vobiscum
2482 1659 2898 1721 transeamus.
2959 1653 3071 1720 Vo-

745 1775 953 1842 lumus
1000 1774 1171 1841 enim
1211 1773 1279 1839 in
1323 1772 1442 1839 hoc
1484 1773 1710 1840 itinere
1758 1777 1821 1838 et
1863 1773 1933 1838 in
1975 1772 2094 1839 hac
2135 1771 2469 1856 legatione,
2515 1772 2679 1837 sicut
2720 1775 2787 1838 et
2814 1791 3072 1858 semper,

746 1892 955 1959 devoti
986 1890 1163 1956 vobis
1206 1889 1274 1955 in
1319 1889 1610 1957 omnibus
1653 1890 1944 1956 existere.
2007 1887 2129 1955 Per
2156 1892 2515 1975 presentem
2542 1887 2758 1973 itaque
2785 1888 3072 1954 nuncium

746 2007 999 2094 scriptis
1029 2006 1256 2074 vestris
1294 2026 1483 2093 super
1512 2006 1630 2073 hoc
1658 2026 1775 2072 nos
1805 2002 2150 2073 certificare
2180 2004 2429 2072 curetis.
2491 2003 2822 2071 Credimus
2854 2010 3071 2088 autem,

744 2144 889 2191 cum
933 2123 1222 2191 dominus
1266 2127 1481 2191 noster
1524 2128 1658 2189 tam
1700 2123 2012 2189 instanter
2056 2127 2120 2189 et
2165 2126 2401 2189 attente
2441 2141 2557 2188 nos
2586 2121 2843 2188 mittere
2872 2120 3071 2188 decre-

741 2241 935 2325 verit,
994 2240 1160 2327 quod
1216 2238 1430 2326 aliqua
1481 2260 1716 2325 magna
1770 2245 1834 2307 et
1886 2258 2079 2324 regno
2133 2237 2319 2305 utilia
2371 2258 2450 2306 ex
2504 2242 2724 2305 nostra
2773 2237 3071 2322 legatione

742 2358 1073 2445 provenire
1118 2357 1404 2424 debeant.

747 2588 921 2662 285.
963 2591 1278 2658 Amoldus
1331 2589 1735 2657 cancellarius
1788 2587 2070 2656 Wibaldo
2130 2547 2409 2678 exponit,
2475 2588 2694 2677 quibus
2750 2587 2830 2654 de
2888 2587 3069 2653 carnis

964 2709 1329 2796 leqationem
1371 2708 1728 2773 Romanam
1778 2707 1984 2773 subire
2025 2728 2153 2771 non
2186 2708 2400 2794 possit.
2488 2704 2718 2792 Royat,
2763 2715 2835 2769 ut
2874 2728 2941 2769 se
2980 2703 3067 2767 die

964 2824 1052 2891 15
1087 2822 1367 2890 Octobris
1410 2833 1727 2912 exspectet.
2757 2816 2869 2900 (Μ.
2902 2816 3063 2900 264.)

568 2967 707 3024 1150
922 2956 1464 3025 cancellarius
1520 2957 1792 3023 domno
1849 2955 2134 3022 abbati.

573 3043 701 3104 ⁸⁶¹²&
924 3074 1328 3141 Voluntatem
1358 3069 1636 3160 'quidem
1691 3072 1930 3140 domini
1969 3071 2113 3171 mei
2165 3076 2299 3138 tam
2353 3090 2432 3137 ex
2475 3070 2723 3138 nunciis
2769 3089 2961 3157 quam
3000 3088 3066 3138 ex

687 3211 688 3214 ’
746 3193 979 3261 litteris
1025 3193 1158 3259 eius
1205 3190 1437 3276 audivi,
1483 3196 1580 3258 set
1621 3189 2172 3277 inpossibilitatem
2214 3208 2421 3255 meam
2456 3207 2570 3272 ego
2601 3186 2770 3254 solus
2801 3186 3065 3272 cognovi.

745 3311 841 3379 Ne
894 3309 1090 3394 igitur
1141 3307 1396 3392 longam
1447 3306 1517 3372 in
1572 3306 1901 3373 scribendo
1954 3325 2199 3372 moram
2250 3304 2480 3371 faciam
2536 3310 2602 3372 et
2653 3324 2767 3390 per
2818 3302 3068 3389 singula,

749 3446 912 3514 quae
966 3423 1416 3511 impedimento
1473 3423 1630 3489 mihi
1685 3427 1864 3507 sunt,
1919 3422 2137 3507 vagari
2189 3421 2490 3508 incipiam
2504 3472 2524 3506 ,
2577 3419 2858 3487 breviter
2899 3418 3070 3487 finem

744 3543 842 3610 rei
884 3545 1132 3608 vestrae
1177 3540 1496 3607 dilectioni
1542 3540 1776 3627 aperio.
1853 3538 1922 3605 Si
1964 3539 2290 3606 vobiscum
2333 3538 2453 3605 hoc
2494 3542 2781 3624 tempore
2824 3536 3070 3604 Romam

744 3660 950 3726 iturus
997 3677 1220 3742 essem,
1267 3661 1586 3744 oporteret
1627 3676 1732 3723 me
1776 3656 2064 3723 omnibus
2111 3676 2233 3742 que
2276 3655 2566 3743 possideo
2610 3654 2982 3721 renunciare
3017 3656 3074 3719 et

747 3780 900 3841 tunc
954 3774 1157 3841 solnm
1214 3778 1277 3841 et
1329 3773 1569 3840 nudum
1621 3771 1955 3860 proficisci.
2047 3771 2237 3839 Nulla
2293 3772 2463 3840 enim
2512 3771 2647 3839 dies
2693 3775 2822 3855 est,
2883 3791 3004 3856 qua
3040 3768 3073 3835 a

745 3891 1045 3959 fratribus
1093 3896 1156 3958 et
1198 3890 1469 3958 claustro
1516 3889 1735 3958 abesse
1779 3890 2018 3977 possim
2052 3889 2154 3957 vel
2199 3888 2485 3974 audeam,
2529 3906 2674 3955 cum
2716 3906 2837 3954 nec
2881 3891 3074 3955 curtes

747 4029 963 4076 eorum
1018 4007 1120 4074 vel
1177 4007 1369 4074 villici
1438 4027 1754 4074 annonam
1810 4006 1912 4073 vel
1967 4006 2226 4073 servitia
2281 4005 2493 4091 aliqua
2546 4004 2638 4072 eis
2690 4004 3072 4091 persolvant3

743 4145 961 4194 verum
1008 4124 1087 4191 de
1131 4129 1355 4210 questu
1399 4143 1539 4191 meo
1583 4123 1825 4190 vivunt.
1903 4122 2135 4190 Vinum
2180 4122 2454 4206 omnino,
2501 4121 2665 4188 sicut
2706 4121 2849 4207 ipse
2891 4119 3073 4201 scitis,

743 4244 813 4310 in
855 4247 991 4309 tota
1032 4247 1205 4310 terra
1248 4241 1504 4322 defecit3
1552 4240 1680 4327 ipsi
1725 4244 1956 4325 autem,
2001 4239 2254 4328 plagam
2294 4243 2360 4307 et
2384 4258 2644 4306 manum
2672 4236 2935 4304 Domini
2959 4254 3071 4302 non

746 4360 1156 4443 attendentes,
1203 4378 1244 4424 a
1285 4377 1389 4424 me
1432 4356 1589 4424 illud
1624 4356 1972 4442 requirunt.
2034 4355 2500 4426 Commonitum
2527 4354 2744 4441 itaque
2771 4359 2839 4422 et
2866 4370 3068 4421 exora-

890 4516 930 4548 s.
972 4504 1019 4548 et
1047 4515 1162 4561 pene
1196 4503 1243 4547 et
1271 4513 1388 4560 pene
1420 4517 1459 4546 c.

890 4590 938 4643 1.
975 4588 1446 4657 Ratisbonensem‚
1481 4586 1574 4643 die
1608 4586 1681 4642 29
1717 4584 1870 4656 Sept.
