3319 5242
1006 449 1303 497 πωπω
1345 447 1676 496 ΕΡιετοω
1724 447 1830 494 150.
2457 431 2586 496 247

257 597 313 658 et
352 592 738 678 incipiebant
780 592 1057 676 grassari
1112 591 1181 657 in
1240 611 1386 658 suos
1444 609 1774 677 compares
1833 594 1927 675 et,
1986 590 2268 677 proiecta
2312 591 2588 657 nominis
2632 593 2770 650 1148

253 708 441 774 nostri
488 727 562 774 ac
590 709 922 794 potestatis
954 708 1327 791 reverentia„
1372 707 1587 794 predis
1619 726 1726 773 eos
1770 710 1835 774 et
1862 706 2104 793 rapinis
2135 706 2533 773 incessebant
2543 718 2583 772 ⁸.

252 824 633 891 Induxerunt
674 829 965 911 preterea
1018 825 1190 891 intra
1243 844 1458 890 muros
1503 823 1650 890 atrii
1693 823 2061 889 monasterii
2105 824 2306 889 nostri
2350 845 2547 908 genus
2561 822 2584 861 ὓ

251 940 567 1007 hominum
613 941 1117 1027 desperatorum,
1163 940 1473 1027 predones
1515 938 1809 1006 videlicet
1850 959 1924 1005 ac
1968 939 2243 1005 latrones
2290 944 2355 1006 et
2399 960 2582 1025 quos·

1392 1055 1545 1123 blica
1590 1055 1984 1140 querimonia
2026 1054 2369 1139 clamabat,
2417 1046 2583 1141 quod

1392 1172 1600 1238 ociniis
1633 1171 1846 1239 omnia
1876 1172 2346 1258 permiscerent.
2397 1170 2583 1238 Com-

1394 1289 1586 1355 corda
1630 1289 2024 1373 quorundam
2067 1288 2335 1353 fratrum
2369 1287 2437 1353 in
2483 1307 2584 1353 or-

1392 1520 1649 1604 maluit,
1697 1525 1769 1586 ut
1795 1525 1942 1606 post
1969 1519 2240 1586 reditum
2272 1525 2580 1603 nostrum,

1392 1638 1594 1704 nitum
1623 1641 1689 1704 et
1718 1641 2098 1723 oportunum
2127 1640 2377 1721 tempus
2407 1654 2581 1701 acce·

1392 1753 1638 1820 utribus
1682 1754 1750 1818 in
1782 1753 2210 1819 anniversario
2241 1751 2343 1817 die
2374 1750 2581 1817 obitus
2616 1762 2713 1810 Oct.
2735 1765 2764 1809 s

1392 1870 1548 1936 nrici
1594 1889 1710 1956 pro
1746 1889 1820 1936 eo
1850 1868 2177 1935 nobiscum
2210 1887 2389 1934 orare
2419 1866 2582 1933 mul-

1419 2006 1492 2052 eo
1549 1985 1719 2071 quod
1773 1985 2096 2051 dominum
2151 2003 2335 2050 suum
2391 1984 2582 2070 depo-

1418 2106 1639 2168 contra
1684 2121 1973 2168 canones.
2043 2099 2167 2167 Pro
2213 2119 2339 2185 qua
2380 2100 2583 2167 rebel-

1392 2218 1741 2285 obedientes
1788 2222 1852 2284 et
1889 2217 2210 2284 temerarii
2241 2216 2320 2282 de
2365 2236 2581 2282 mona-

1392 2367 1395 2389 »
1442 2338 1589 2400 sunt
1631 2333 1916 2419 proiecti.
2011 2332 2182 2410 Quae
2228 2334 2391 2400 actio
2439 2333 2581 2399 aliis

1392 2451 1520 2537 ipta
1553 2454 1651 2516 est
1669 2445 1702 2514 ¹.
1773 2449 1911 2515 Hoc
1951 2470 2264 2516 venenum
2309 2450 2388 2516 de
2433 2469 2581 2516 oon-

1392 2567 1561 2633 xisse
1607 2586 1734 2633 non
1782 2565 2122 2633 dubitatur.

1403 2683 1643 2750 nocivis
1678 2683 2029 2766 augmentis
2059 2683 2127 2747 in
2156 2686 2403 2748 tantum
2435 2702 2580 2769 pro-

1392 2821 1424 2867 s
1470 2800 1709 2866 dictum
1755 2803 1871 2882 est,
1918 2819 2032 2866 nos
2077 2818 2193 2885 per
2237 2797 2580 2865 submissos

1410 2919 1455 2982 4
1499 2916 1638 2982 Kal.
1689 2915 1983 2982 Ianuarii.
2077 2915 2210 2993 Quo
2256 2914 2582 2999 nequiciae
2616 2930 2725 2977 Dec.
2749 2930 2808 2978 29

1392 3053 1415 3099 3
1458 3036 1699 3116 nostro,
1753 3035 2021 3117 quatuor
2066 3050 2258 3116 equos
2304 3030 2581 3097 abduxe-

1442 3147 1578 3214 Hoc
1605 3149 1843 3214 factum
1873 3148 1941 3213 in
1987 3167 2095 3214 ore
2123 3146 2406 3213 omnium
2434 3166 2579 3213 cum

1392 3265 1635 3331 [xietate
1683 3284 1758 3330 ac
1811 3262 2231 3330 sollicitudine
2272 3262 2576 3348 implevit.

1392 3385 1593 3468 pater,
1641 3399 1717 3446 ac
1743 3379 1978 3446 iudicet
2006 3384 2219 3446 vestra
2244 3379 2582 3466 prudentia

1418 3498 1635 3563 fratris
1682 3497 1750 3563 in
1779 3495 2122 3563 claustrum
2162 3501 2452 3562 nostrum
2479 3516 2580 3562 re-

1392 3613 1804 3681 convertibilis
1852 3613 2045 3678 animi
2093 3616 2221 3695 est,
2281 3612 2389 3697 qui
2433 3631 2581 3677 con-

1392 3730 1784 3817 prudentium
1842 3729 2235 3814 acquiescere
2280 3728 2577 3794 consiliis.

1392 3867 1471 3913 re.
1637 3845 1928 3912 Audistis
1971 3863 2160 3929 nuno,
2206 3865 2369 3930 quae
2412 3844 2580 3911 mala

1392 3982 1524 4049 [uae
1565 3983 1685 4029 nos
1731 3963 1789 4029 ei
1833 3962 2001 4029 bona
2044 3960 2440 4028 contulimus.

1392 4079 1558 4146 venis
1615 4078 1903 4164 quidam,
1962 4076 2129 4144 filius
2185 4076 2400 4142 fratris
2458 4075 2578 4159 sui,

228 4196 487 4265 nomine
538 4194 933 4281 Guonradus,
993 4196 1102 4282 qui
1158 4196 1238 4263 ad
1295 4216 1409 4263 nos
1465 4215 1757 4263 reversus
1816 4199 1942 4278 est,
1998 4192 2273 4259 nondum
2329 4190 2576 4256 deterso
2618 4197 2754 4251 1147

231 4315 459 4383 sudore
507 4314 755 4381 itineris
800 4313 1086 4380 Romani.
1177 4313 1344 4380 Eum
1395 4333 1511 4380 nos
1554 4332 1684 4378 non
1729 4310 1932 4378 solum
1976 4308 2313 4376 clementer
2361 4326 2575 4374 verum
2642 4270 2735 4316 ¹⁸⁰⁰

370 4481 413 4512 a.
456 4464 753 4513 incusabant
784 4483 822 4511 c.
946 4464 991 4511 b.
1024 4464 1107 4523 giis
1141 4482 1179 4511 c.

369 4563 421 4617 1.
459 4561 539 4617 V.
582 4575 668 4629 ep.
693 4561 793 4616 126
828 4575 995 4631 supra
1029 4576 1084 4629 p.
1115 4560 1221 4616 200
1244 4574 1326 4630 sq.
1469 4560 1520 4615 2.
1561 4557 1633 4614 V.
1670 4571 1758 4628 ep.
1785 4555 1890 4611 149
1926 4569 2095 4625 supra
2128 4569 2183 4625 p.
2209 4554 2317 4611 230
2337 4568 2423 4626 sq.
