3319 5242
994 448 1299 496 wmsm1
1340 447 1717 497 marom
1755 447 1864 495 408.
1896 448 2006 495 404.
2532 432 2666 500 539

326 592 593 674 sperant
622 624 704 634 —
739 589 907 675 quod
936 590 1162 657 debeat
1189 591 1511 658 mortifere
1540 626 1625 638 -
1655 591 1989 678 imperare.
2059 590 2237 670 Quod
2266 592 2416 677 quia
2451 598 2671 660 contra
2732 613 2873 670 1152

322 723 626 772 coronam
677 706 860 790 regni
915 711 978 773 et
1031 707 1355 774 karissimi
1408 705 1525 773 filii
1579 709 1783 774 nostri
1834 707 2192 791 F(riderici)
2246 708 2670 775 Romanorum
2704 687 2831 749 ΒΨ
2851 689 2911 736 ²⁰

316 821 495 906 regis
540 822 841 889 honorem
889 827 1268 910 attemptare
1311 829 1715 910 presumunt,·
1749 824 1954 890 eidem
1986 844 2102 910 per
2131 829 2194 891 te
2240 823 2525 891 volumus
2573 844 2669 892 s&

317 938 556 1005 cretius
586 940 889 1024 nuntiari,
935 945 1027 1024 ut,
1065 960 1256 1026 super
1299 939 1420 1007 hoc
1457 945 1704 1007 maturo
1735 940 1994 1007 consilio
2023 939 2260 1024 habito,
2309 940 2460 1025 quid
2503 941 2668 1009 facto

321 1073 486 1141 opus
533 1054 636 1139 sit,
680 1055 1014 1142 provideat
1055 1057 1394 1144 sapienter.
1464 1056 1633 1123 Data
1680 1056 1933 1141 Signiae
1983 1059 2062 1123 12
2106 1054 2246 1122 Kal.
2279 1054 2592 1123 Octubris.

319 1265 506 1337 404.
543 1268 753 1335 Wezel
792 1270 1117 1336 Fridert'oo
1159 1269 1204 1336 Ι
1241 1273 1378 1358 reqi
1416 1272 1790 1358 qratulatur.
1884 1271 2111 1336 Contra
2154 1271 2513 1335 clericorum
2557 1271 2668 1336 do-

547 1387 945 1451 minationem
999 1388 1188 1452 oerba
1231 1386 1416 1474 facit.
1511 1387 1786 1454 Nuntios
1840 1386 2139 1475 quosdam
2192 1387 2460 1452 Romam
2512 1387 2671 1451 mitti

543 1502 686 1565 vult.
2344 1498 2453 1582 (M.
2489 1499 2666 1582 384.)

512 1631 877 1699 Clarissimo
921 1632 1046 1700 Dei
1088 1635 1295 1718 gratia
1325 1633 1699 1719 F(riderico)
1727 1633 1962 1720 Wezel,
2009 1634 2091 1701 ad
2133 1654 2380 1701 summa
2424 1634 2671 1703 animae
2705 1640 2844 1698 1152

315 1753 389 1817 et
432 1749 712 1835 eorporis
754 1749 887 1817 leta
926 1750 1204 1836 undique
1248 1749 1569 1837 proficere.

504 1865 796 1933 Inmensa
837 1865 1122 1950 laeticia,
1184 1866 1352 1952 quod
1395 1887 1548 1952 gens
1593 1871 1808 1935 vestra
1850 1886 1961 1934 vos
2007 1865 2130 1935 sibi
2172 1866 2240 1933 in
2283 1887 2497 1951 regem
2544 1866 2668 1935 el&

314 1981 517 2067 gerit,
576 2002 850 2049 moveor.
1032 1982 1376 2067 Ceterum,
1414 1984 1580 2070 quod
1624 1983 1885 2050 consilio
1931 1982 2299 2050 clericorum
2344 1988 2409 2050 et
2442 2003 2668 2052 mona·

315 2097 604 2183 chorum,
651 2118 919 2184 quorum
964 2099 1252 2166 doctrina
1295 2099 1510 2166 divina
1554 2105 1618 2166 et
1644 2099 1923 2166 humana
1960 2099 2221 2166 confusa
2246 2104 2413 2183 sunt,
2458 2119 2668 2167 sacro-

315 2218 607 2282 sanctam
635 2213 894 2299 Urbem,
941 2215 1263 2283 dominam
1305 2216 1545 2299 mundi,
1590 2216 1956 2303 creatricem
1996 2220 2060 2282 et
2088 2219 2356 2281 matrem
2386 2216 2668 2282 omnium

313 2331 795 2418 imperatorum,
842 2352 1033 2418 super
1076 2331 1194 2399 hoc
1238 2333 1402 2398 sicut
1446 2331 1758 2399 deberetis
1801 2350 1929 2397 non
1969 2330 2391 2414 consuluistis,
2439 2331 2666 2399 eteius

314 2444 857 2522 confirmationem
873 2498 892 2533 ,
962 2468 1080 2534 per
1146 2468 1335 2533 quam
1394 2468 1608 2514 omnes
1668 2453 1733 2515 et
1785 2448 1922 2515 sine
1976 2467 2103 2532 qua
2154 2445 2313 2512 nulli
2365 2467 2665 2533 umquam

313 2562 680 2652 principum
714 2564 1205 2652 imperaverunt,
1250 2583 1378 2633 non
1409 2564 1784 2651 requisistis,
1829 2583 1948 2631 nec
1978 2564 2036 2632 ei
2067 2563 2229 2630 sicut
2256 2560 2424 2630 filius
2452 2565 2664 2650 matri,

314 2680 378 2748 si
421 2685 634 2748 tamen
676 2680 846 2749 filius
894 2686 957 2749 et
998 2682 1289 2749 minister
1327 2681 1459 2748 eius
1488 2702 1627 2749 esse
1655 2679 2096 2768 proposuistis,
2140 2700 2271 2748 non
2299 2681 2664 2767 scripsistis,

313 2796 723 2865 vehementer
790 2797 989 2865 doleo.
1091 2796 1243 2876 Quis
1305 2797 1474 2864 enim
1532 2795 1744 2863 stabili
1803 2797 2022 2865 ordine
2077 2794 2379 2883 proficere
2432 2796 2662 2883 valeat,

314 2913 448 2981 nisi
512 2933 699 2999 quem
750 2912 1033 2980 Rebecca
1100 2912 1324 2980 dilexit
1382 2918 1446 2979 et
1502 2912 1861 3000 promovit?
1959 2911 2140 2979 Licet
2195 2912 2428 3000 quippe
2482 2918 2666 3000 pater

314 3028 526 3097 Ysaac
552 3029 744 3097 vellet
777 3036 842 3097 et
868 3031 1174 3098 niteretur
1202 3030 1375 3097 Esau
1403 3028 1837 3096 benedictione
1863 3029 2163 3115 preferre,
2209 3029 2415 3115 Iacob,
2460 3036 2665 3099 matre

314 3147 532 3234 ipsum
576 3151 857 3229 vocante,
905 3150 970 3214 et
1007 3146 1336 3213 consilium
1351 3157 1372 3182 ·
1404 3145 1584 3231 quasi
1611 3145 1924 3213 insulsum
1965 3146 2106 3233 ipso
2151 3144 2336 3215 Iacob
2378 3147 2662 3232 timente,

319 3262 476 3348 quia
498 3261 671 3330 Esau
716 3282 959 3329 moram
1003 3264 1072 3329 in
1102 3262 1387 3330 venando
1432 3262 1602 3346 fecit,
1647 3261 2147 3329 benedictionem
2192 3267 2257 3329 et
2294 3262 2661 3349 dominium,

317 3377 447 3447 alio
460 3377 485 3415 ¹’
528 3377 639 3444 illo
686 3377 956 3463 dolente,
1002 3379 1293 3446 obtinuit.
1471 3378 1559 3445 Et
1600 3382 1675 3445 ut
1717 3377 1799 3444 ad
1841 3397 1977 3446 rem
2018 3378 2385 3465 perveniam
2428 3378 2662 3465 ipsam-

319 3514 444 3582 que
486 3493 665 3561 vobis
711 3493 958 3581 plenius
1003 3514 1338 3582 exponam,
1385 3494 1549 3581 quod
1595 3493 1757 3578 dico,
1804 3493 2165 3579 diligentius
2212 3494 2570 3562 attendatis.

500 3609 759 3677 Vocatio
811 3617 1164 3679 vestrorum
1218 3611 1369 3678 olim
1426 3610 1939 3698 predecessorum
1996 3614 2061 3678 et
2103 3615 2315 3678 vestra
2368 3611 2572 3679 adhuc
2623 3632 2664 3678 a.

319 3725 519 3811 cecis,
570 3726 637 3793 id
683 3732 781 3794 est
824 3747 864 3794 a
904 3727 1280 3812 Iulianistis,
1326 3727 1619 3795 hereticis
1667 3732 1731 3794 et
1774 3727 2080 3814 apostatis
2124 3726 2368 3795 clericis
2413 3727 2552 3796 dico
2599 3733 2664 3795 et

317 3842 500 3911 falsis
555 3843 878 3911 monachis
934 3863 1118 3911 suum
1172 3844 1459 3912 ordinem
1512 3842 2052 3931 prevaricantibus
2098 3848 2163 3911 et
2206 3849 2426 3912 contra
2468 3864 2661 3911 euan-

317 3958 525 4045 gelica
567 3959 911 4046 apostolica
940 3964 1005 4026 et
1036 3960 1336 4027 canonica
1365 3964 1602 4026 statuta
1629 3959 2098 4026 dominantibus
2128 3964 2211 4044 et,
2256 3959 2498 4043 legibus
2526 3964 2659 4026 tam

318 4076 614 4143 humanis
661 4096 848 4161 quam
893 4075 1123 4142 divinis
1159 4074 1667 4160 reclamantibus,
1713 4074 2079 4142 aecclesiam
2108 4074 2229 4142 Dei
2260 4081 2324 4142 et
2352 4073 2659 4141 secularia

319 4191 839 4277 disturbantibus,
884 4192 1054 4259 facta
1098 4197 1210 4259 est.
1273 4191 1451 4271 Quod
1497 4196 1708 4260 autem
1751 4191 1910 4258 tales
1942 4191 2089 4274 sint,
2135 4190 2410 4258 ostendit
2436 4190 2656 4258 beatus

319 4307 568 4394 Petrus,
615 4308 792 4375 cuius
819 4308 1088 4375 vicarios
1130 4329 1196 4376 se
1226 4329 1362 4376 esse
1390 4309 1799 4392 mentiuntur,
1846 4306 2089 4373 dicens:
2135 4307 2469 4394 Fuqientes
2501 4310 2652 4390 eiua,

319 4448 486 4515 quae
527 4429 598 4491 in
640 4428 873 4492 mundo
919 4440 1035 4510 est,
1083 4429 1613 4514 concupiscentiae
1657 4427 2147 4513 corruptionem,
2194 4427 2542 4492 ministrate
2584 4428 2655 4492 in

465 4580 509 4615 ι.
546 4568 704 4617 mtu-
733 4568 959 4616 nesam·
986 4568 1176 4617 osam.
1298 4567 1466 4616 1).ὤο
1498 4568 1565 4617 ιιι
1595 4570 1761 4634 tagam
1791 4569 1838 4614 a·
1869 4566 1973 4614 cod.
