3319 5242
741 451 870 517 134
1437 468 1738 516 wmALm
1777 466 2153 516 nrmrom
2193 467 2270 514 ω.
2301 467 2378 514 57.

526 614 702 671 1147?
737 585 890 678 cura
932 615 1230 694 gravatus
1276 615 1360 694 et,
1407 610 1571 676 sicut
1607 609 1884 698 Domino
1927 609 2189 696 placuit,
2233 609 2735 676 necessariorum
2778 610 3075 677 tenuitate

737 727 1193 813 aliquantisper
1229 727 1544 809 anxiatus,
1590 726 1657 791 id
1686 726 1899 812 ipsum
1931 726 2182 792 divinae
2212 725 2624 792 consolationi
2652 723 3074 792 indubitanter

735 843 1035 927 asscribe,
1082 843 1138 909 si
1183 844 1359 909 cuius
1404 861 1512 908 cor
1556 843 1696 928 ipse
1725 841 1898 908 Deus
1942 842 2243 926 tetigerit,
2293 843 2578 926 quamvis
2613 846 2831 928 preter
2859 847 2921 908 te
2948 842 3074 908 fere

731 959 943 1026 nullus
996 959 1116 1025 hoc
1169 964 1453 1045 tempore
1507 959 1600 1025 sic
1657 959 1827 1025 circa
1880 978 1983 1025 me
2039 959 2124 1025 sit
2178 956 2468 1043 affectus,
2540 965 2613 1025 ut
2666 956 2879 1025 oculos
2936 978 3075 1025 suos

733 1097 924 1164 super
968 1096 1072 1143 me
1117 1076 1363 1161 aperiat
1408 1079 1491 1159 et,
1538 1074 1740 1161 ipsius
1786 1074 1970 1160 copia
2015 1073 2094 1141 de
2137 1075 2342 1141 nostri
2380 1075 2655 1141 auctoris
2684 1094 2948 1141 munere
2977 1093 3073 1139 ac-

732 1196 946 1279 cepta,
1015 1211 1222 1258 meam
1276 1191 1590 1278 inopiam,
1650 1211 1841 1275 quam
1895 1196 2160 1278 propter
2215 1191 2373 1257 alios
2430 1191 2742 1275 sustineo,
2798 1190 3076 1257 fraterna

731 1309 1165 1395 compassione
1210 1307 1522 1394 suppleat.
1615 1306 1782 1373 Nam
1826 1307 2118 1373 mihimet
2174 1305 2292 1372 soli
2348 1306 2533 1373 facile
2577 1305 2942 1373 sufficerent
2982 1304 3078 1372 vel

728 1444 960 1511 parva,
1009 1425 1176 1509 qnia,
1233 1428 1537 1509 quantum
1579 1444 1684 1490 res
1729 1423 1999 1510 patitur,
2044 1443 2174 1489 non
2216 1421 2403 1489 valde
2446 1422 2700 1508 requiro
2744 1421 3075 1509 superflua.

732 1539 843 1608 Set
896 1540 1049 1626 quid
1103 1539 1341 1606 diutius
1399 1543 1736 1625 occupatos
1793 1538 2005 1605 oculos
2059 1538 2161 1605 vel
2219 1559 2403 1605 aures
2460 1544 2605 1612 tuas
2661 1538 2896 1606 talibus
2951 1559 3079 1606 me-

729 1677 983 1724 morans
1041 1656 1266 1722 teneo?
1324 1656 1611 1740 quamvis
1668 1655 2006 1721 iocundum
2064 1655 2222 1722 mihi
2265 1656 2350 1722 sit
2394 1675 2470 1721 ac
2525 1654 2892 1722 delectabile
2937 1675 3079 1721 cum

729 1773 1139 1840 dilectissimo
1193 1792 1333 1838 meo
1379 1791 1528 1857 sepe
1573 1771 1806 1857 diuque
1850 1770 2141 1837 fabulari.
2211 1769 2435 1837 Modus
2481 1773 2695 1857 itaque
2736 1773 2867 1837 iam
2912 1792 3081 1839 nunc

730 1889 814 1956 sit
854 1889 1110 1956 interim
1159 1888 1471 1972 dictionis,
1518 1908 1664 1954 cum
1707 1907 1832 1953 non
1881 1888 1966 1953 sit
2008 1888 2233 1954 modus
2279 1887 2652 1954 dilectionis.
2723 1886 2899 1955 Vale.

734 2083 855 2153 57.
903 2085 1222 2151 wibaldus
1267 2083 1629 2150 Heinrioum
1665 2085 1744 2150 Π
1776 2088 2131 2172 episcopum
2175 2085 2586 2151 Leodiensem
2630 2095 2839 2171 φοραί,
2900 2096 3084 2173 coyat

906 2191 1334 2272 Eustachium,
1366 2203 1436 2255 ut
1462 2196 1835 2258 monasterio
1859 2191 2214 2258 Stabulensi
2243 2193 2454 2257 ablata
2483 2195 2776 2257 restituat.
2810 2189 2920 2270 (Μ.
2947 2191 3080 2272 40.)

555 2321 694 2381 1147
905 2314 1270 2382 Reverendo
1318 2315 1487 2401 patri
1533 2336 1646 2382 suo
1696 2320 1761 2381 et
1804 2315 2056 2381 domino
2091 2315 2364 2381 Henrico
2411 2320 2664 2381 sanctae
2709 2312 3084 2382 Leodiensis

580 2399 680 2446 ω’
730 2431 1028 2499 ecclesiae
1066 2431 1415 2499 venerabili
1459 2433 1789 2518 episcopo·
1834 2431 2030 2497 frater
2060 2430 2385 2498 Wibaldus
2429 2431 2554 2498 Dei
2595 2431 2804 2516 gratia
2851 2431 3084 2499 Stabu-

725 2546 921 2615 lensis
969 2547 1307 2615 aecclesiae
1353 2569 1572 2614 servus
1620 2547 1879 2614 devotas
1927 2548 2241 2614 orationes
2285 2554 2348 2614 et
2393 2548 2684 2614 devotum
2724 2548 3081 2616 servitium.

905 2663 1162 2731 Fratres
1208 2666 1410 2732 nostri
1456 2672 1520 2732 et
1564 2664 1701 2749 filii,
1750 2664 2155 2732 Stabulenses
2199 2665 2512 2749 monachi,
2559 2670 2806 2733 vestrae
2842 2668 3086 2734 sancti-

727 2781 878 2848 tatis
925 2782 1115 2865 servi,
1161 2781 1524 2848 detulerunt
1568 2782 1648 2847 ad
1692 2802 1809 2847 nos
1846 2801 2102 2864 gravem
2134 2782 2589 2866 querimoniam
2616 2801 2733 2868 pro
2766 2802 2861 2867 eo,
2909 2784 3086 2869 quod

725 2896 1106 2965 Eustachius
1162 2896 1348 2963 homo
1395 2902 1602 2964 vester
1648 2903 1713 2964 et
1755 2897 2209 2983 parrochianus
2253 2897 2471 2964 villam
2518 2898 2855 2982 TornineS,
2917 2921 3089 2985 quae

726 3014 808 3080 ad
862 3013 1245 3081 cotidianam
1288 3012 1680 3100 prebendam
1723 3014 1994 3080 fratrum
2039 3014 2345 3101 pertinet,
2405 3014 2639 3079 invasit
2684 3020 2748 3081 et
2793 3015 3089 3084 eiusdem

723 3129 912 3197 villae
956 3129 1230 3214 redituS,
1279 3131 1388 3215 qni
1432 3130 1500 3196 in
1544 3150 1769 3196 mensa
1810 3130 2082 3196 fratrum
2127 3130 2357 3197 cotidie
2403 3131 2719 3216 serviunt,
2767 3130 3089 3200 violenter

725 3245 1004 3313 abstulit.
1074 3246 1314 3312 Notum
1359 3251 1572 3312 autem
1616 3245 1795 3313 vobis
1841 3267 1977 3313 esse
2023 3267 2150 3313 non
2197 3247 2577 3331 dubitamus,
2625 3247 2895 3332 qualiter
2929 3271 3089 3317 ean-

724 3362 869 3429 dem
924 3361 1143 3428 villam
1200 3361 1432 3427 iudicio
1491 3367 1555 3428 et
1606 3362 1860 3427 iusticia
1912 3363 2188 3429 dictante
2245 3363 2599 3450 recepimus
2657 3369 2721 3430 et
2772 3385 2913 3430 eam
2966 3388 3089 3454 per

724 3477 927 3544 multa
993 3478 1124 3543 iam
1181 3482 1471 3563 tempora
1524 3477 1592 3544 in
1650 3477 1851 3545 libera
1906 3479 2300 3565 possessione
2359 3485 2578 3546 nostra
2630 3481 2958 3548 tenuimus
3022 3490 3090 3551 et

727 3594 935 3679 quiete
988 3593 1416 3659 ordinavimus
1429 3643 1448 3677 ,
1510 3598 1574 3660 et
1618 3594 1700 3660 ad
1743 3615 1894 3662 usus
1938 3595 2209 3662 fratrum
2250 3599 2611 3662 nostrorum
2625 3647 2644 3681 ,
2700 3603 2895 3683 prout
2938 3620 3086 3666 1110-

725 3710 989 3777 nasterii
1034 3709 1428 3795 oportunitas
1474 3711 1792 3796 poscebat„
1839 3711 2079 3778 reditus
2120 3712 2445 3779 universos
2487 3688 2913 3799 aptavimus¹³3
2966 3717 3086 3784 sed

726 3831 793 3894 et
846 3826 1327 3893 decimationem
1386 3831 1449 3892 et
1508 3826 1663 3912 alia,
1724 3849 1882 3914 quae
1925 3827 2072 3894 hinc
2115 3828 2263 3895 inde
2311 3828 2615 3895 distracta
2658 3834 2868 3914 erant,
2929 3851 3087 3899 cum

724 3942 940 4009 labore
983 3962 1212 4026 magno
1257 3941 1713 4027 recollegimus.
1782 3943 1869 4010 Et
1900 3964 2147 4010 eramus
2176 3945 2570 4031 possidentes
2603 3951 2772 4030 tunc,
2820 3948 3085 4031 quando

727 4059 995 4125 domnus
1051 4078 1221 4145 papa
1277 4059 1528 4142 signum
1584 4065 1839 4126 sanctae
1896 4061 2100 4145 crucis
2153 4062 2335 4128 nobis
2391 4061 2702 4149 inposuit,
2763 4068 2834 4127 ut
2881 4084 3087 4151 super

726 4194 1008 4262 paganos
1054 4179 1230 4241 trans
1263 4174 1481 4242 Albim
1524 4176 1593 4242 in
1639 4177 2107 4263 expeditionem
2148 4198 2566 4262 moveremur,
2615 4198 2688 4245 ac
2730 4198 3086 4264 personam

725 4296 1010 4359 nostram
1055 4295 1120 4357 et
1161 4297 1383 4358 nostra
1425 4293 1640 4358 omnia
1684 4293 1799 4359 sub
1845 4294 2300 4379 protectionem
2346 4294 2516 4360 beati
2559 4293 2732 4361 Petri
2779 4300 2843 4362 et
2886 4317 3084 4365 suam

727 4408 1025 4494 suscepit.
1095 4407 1271 4474 Intra
1316 4409 1483 4494 quod
1524 4414 1776 4494 tempus
1822 4409 2172 4496 predictam
2201 4409 2420 4476 villam
2450 4430 2579 4476 non
2609 4411 2844 4498 absque
2875 4416 3086 4482 sacri-

724 4524 887 4609 legio
919 4523 1088 4589 idem
1116 4523 1547 4605 E(ustachius)
1579 4525 1831 4591 invasit.
1902 4524 2083 4591 Unde
2129 4526 2339 4591 animo
2383 4526 2701 4612 provoluti
2747 4529 2829 4595 ad
2871 4530 3082 4616 pedes

868 4653 908 4690 a·
946 4639 1213 4691 Loodionsis
1245 4639 1335 4703 0ῇο
1366 4640 1453 4686 vesi
1485 4639 1574 4702 0ῇο
1607 4657 1646 4685 c.
1770 4639 1816 4687 b.
1857 4640 2113 4689 obtat-imus
2144 4649 2328 4688 correct.
2360 4644 2406 4688 ιἰι
2436 4643 2690 4703 »pavimus
2720 4660 2762 4692 c.
