3319 5242
975 490 1273 541 wmanm
1317 492 1692 543 amsronas
1733 493 1841 541 351.
1877 495 1984 546 εει.
2146 526 2151 531 -
2515 482 2649 551 485

303 625 402 701 35
417 627 485 699 1.
528 631 868 719 Greyorius
897 645 956 699 et
983 633 1302 701 lacinthus
1330 637 1679 703 cardinales
1707 636 2070 704 Heinricum
2105 641 2459 727 episcopum
2482 640 2649 708 Leo-

282 746 292 759 ”
525 749 792 814 diensem
823 762 1065 837 royant,
1096 763 1168 817 ut
1197 752 1477 818 Wibaldo
1507 754 1686 819 illata
1716 754 1949 820 damna
1971 758 2286 822 resarciat.
2335 754 2445 838 (Μ.
2467 758 2647 840 329.)

479 878 813 949 Leodiensi
872 884 1166 971 episcopo
1222 884 1570 967 H(einrico)
1626 884 1968 970 Gregorius
2024 887 2241 955 Sancti
2293 889 2524 976 Angeli
2584 898 2649 961 et
2684 905 2824 962 1152

296 997 669 1081 Iac(inthus)
716 998 984 1067 Sanctae
1028 998 1303 1068 Mariae¹
1347 1002 1594 1069 diaconi
1639 1001 1989 1070 cardinales
2034 1004 2320 1072 salutem.
2706 978 2801 1028 ¹²¹²

476 1114 600 1182 Ubi
643 1116 1013 1183 mandatum
1058 1122 1121 1184 et
1176 1120 1516 1186 auctoritas
1567 1118 1851 1206 precedit
1895 1116 2294 1206 apostolicass
2342 1124 2644 1210 securius,

295 1231 575 1298 maxime
630 1232 798 1319 apud
856 1234 1157 1318 amicum,
1213 1235 1488 1302 scribere
1546 1241 1609 1301 et
1657 1254 1876 1322 preces
1922 1237 2155 1303 amicas
2200 1258 2536 1324 possumus
2581 1246 2647 1308 et

295 1347 594 1414 debemus
639 1349 1032 1418 interserere.
1102 1350 1253 1417 Inde
1298 1357 1415 1435 est,
1462 1352 1628 1438 quod
1672 1372 1786 1418 nos
1832 1351 2149 1419 dilectioni
2196 1360 2443 1422 vestrae
2488 1357 2644 1423 scri-

293 1464 516 1530 bentes
563 1472 850 1533 accurate
884 1467 1275 1551 mandamus,
1324 1467 1739 1534 amicabiliter
1770 1468 2187 1555 obsecrantes,
2234 1477 2325 1555 ut,
2371 1491 2516 1538 cum
2546 1472 2643 1538 di-

291 1579 674 1648 lectissimus
730 1587 946 1649 noster
989 1581 1366 1666 W(ibaldus)
1426 1584 1617 1650 abbas
1676 1583 2065 1652 Stabulensis
2121 1586 2190 1652 in
2247 1586 2355 1653 illo
2412 1593 2643 1655 eventu

292 1696 515 1765 bellice
571 1698 996 1767 altercationis
1052 1701 1217 1767 inter
1259 1721 1373 1767 vos
1419 1706 1482 1767 et
1524 1697 2017 1767 Namucensem⁸
2059 1700 2264 1769 multa
2304 1702 2499 1770 immo
2545 1704 2642 1771 in-

290 1811 474 1881 finita
516 1835 631 1902 per
674 1815 967 1882 militiam
996 1822 1274 1884 vestram
1316 1817 1667 1904 perdiderit
1712 1823 1776 1884 et
1819 1817 2124 1885 aecclesia
2160 1819 2295 1886 eius
2324 1820 2393 1886 in
2423 1821 2640 1889 multis

290 1934 361 1999 et
400 1933 646 2016 magnis
693 1931 1036 2019 dampnum
1073 1932 1556 2021 irrecuperabile
1587 1934 1978 2020 sustinuerit,
2021 1937 2363 2022 prudentia
2405 1942 2470 2004 et
2514 1938 2641 2005 dis-

288 2049 488 2115 cretio
529 2052 743 2115 vestra
797 2049 888 2116 sic
934 2060 1037 2117 se·
1084 2051 1384 2117 adversus
1432 2070 1570 2117 eum
1619 2070 1735 2137 per
1780 2050 2155 2134 condignam
2198 2072 2640 2141 recompensa-

284 2165 529 2232 tionem
573 2170 752 2250 gerat
800 2171 863 2232 et
905 2167 1155 2251 habeat,
1203 2168 1496 2252 quatinus
1533 2166 1693 2232 alter
1721 2185 1865 2234 cum
1896 2167 2093 2234 altero
2123 2189 2319 2235 unum
2353 2175 2417 2236 et
2445 2170 2637 2256 idem,

285 2281 459 2368 quod
499 2281 623 2347 fuit
666 2287 730 2349 et
774 2303 910 2350 esse
954 2284 1285 2370 competit,
1342 2282 1849 2369 inseparabiliter
1891 2290 2291 2370 permaneat,
2354 2290 2419 2353 ot
2460 2293 2639 2373 post-

279 2396 545 2464 modum
577 2398 658 2465 ad
685 2418 802 2466 nos
830 2400 1092 2467 verbum
1116 2399 1301 2466 huius
1331 2401 1426 2466 rei
1456 2400 1591 2466 sine
1626 2419 1744 2466 sua
1773 2400 2207 2469 emendatione
2236 2421 2366 2469 non
2395 2402 2633 2471 redeat.

284 2607 470 2685 352.
499 2613 834 2713 ,Ευρεπίυε
853 2613 981 2680 III
998 2613 1315 2682 Har-twice
1349 2613 1810 2703 archiepiscopo
1832 2615 2162 2683 Bremenst'
2188 2618 2465 2701 mandat,
2494 2618 2634 2686 Ka-

363 2762 366 2769 *
463 2732 835 2797 mutate-nsi
863 2742 922 2796 et
946 2732 1294 2798 Corbeiemi
1316 2732 1579 2798 ecclesiis
1610 2744 1822 2819 erepta
1850 2733 2034 2798 reddi
2063 2735 2286 2801 iubeat.
2324 2731 2434 2815 (Μ.
2453 2734 2632 2817 330.)

463 2863 804 2932 Domnus
845 2883 1050 2952 papa
1091 2864 1490 2949 Eugenius
1536 2864 2010 2948 H(artwico)
2055 2864 2464 2936 Bremensi
2510 2888 2631 2936 ar·
2671 2885 2810 2941 1152

276 2968 832 3068 ehiepiscopo.'
2665 2958 2805 3009 ¹⁸²⁹

463 3096 566 3164 Ex
610 3096 1053 3183 conquestione
1096 3096 1310 3165 dilecti
1351 3094 1468 3163 filii
1508 3097 1710 3164 nostri
1738 3094 2062 3183 wibaldi)
2092 3097 2489 3177 corbeiensis
2521 3100 2631 3168 ab-

274 3214 451 3282 batis
497 3215 882 3301 accepimus,
941 3213 1110 3299 quod
1154 3213 1410 3300 quidam
1454 3214 1854 3302 parrochiani
1898 3215 2024 3300 tui,
2077 3214 2372 3283 videlicet
2402 3215 2630 3303 Odiko,

273 3331 643 3415 Riobertus‚
691 3331 1044 3417 Thederus,
1090 3331 1398 3398 Rainerus
1445 3336 1510 3398 et
1553 3330 1986 3417 Hermannus‚
2033 3332 2335 3418 quasdam
2380 3353 2631 3420 posses-

278 3448 491 3516 siones
521 3446 989 3514 Kaminatensis
1036 3448 1424 3533 monasterii,
1473 3468 1631 3534 quae
1674 3447 1742 3513 in
1789 3453 1896 3515 tuo
1944 3449 2311 3537 episcopatu
2349 3469 2486 3516 esse
2514 3471 2628 3517 no-

278 3568 562 3649 scuntur,
610 3564 649 3631 a
692 3563 898 3630 Iudith
946 3564 1262 3651 quondam
1310 3563 1645 3649 abbatissa,
1693 3570 2030 3652 postquam
2076 3565 2114 3632 a
2151 3566 2458 3650 regimine
2490 3588 2628 3636 aec-

278 3680 511 3749 clesiae
555 3685 797 3748 semota
838 3681 1064 3766 fuerat,
1109 3681 1328 3748 illicite
1372 3681 1745 3769 receperint,
1793 3687 1856 3748 et
1901 3702 2005 3748 eas
2051 3686 2271 3749 contra
2312 3682 2627 3751 iusticiam

276 3798 624 3883 detineant,
672 3802 858 3884 atque
903 3797 1223 3886 predictae
1262 3797 1599 3865 aecclesiae
1627 3798 1800 3885 ipsas
1828 3799 2161 3866 restituere
2191 3801 2394 3867 modis
2426 3802 2626 3868 omni-

274 3915 398 3982 bus
444 3914 893 3982 contradicant.
958 3913 1118 3993 Quia
1161 3913 1356 3999 igitur
1388 3915 1469 3981 ad
1497 3920 1783 3982 nostrum
1815 3921 2060 4002 spectat
2089 3914 2382 4001 officium,
2417 3922 2626 3983 errata

271 4028 593 4114 corrigere
653 4036 744 4114 et,
802 4050 962 4116 quae
1015 4029 1179 4097 male
1237 4050 1310 4097 ac
1366 4037 1586 4098 contra
1630 4035 1990 4098 sanctorum
2033 4038 2289 4119 patrum
2332 4032 2624 4099 instituta

266 4148 468 4233 fiunt,
526 4147 597 4213 in
649 4146 902 4213 irritum
956 4167 1249 4214 revocare
1306 4152 1370 4214 et
1426 4148 1507 4214 ad
1563 4148 1959 4215 rectitudinis
2015 4152 2248 4215 statum
2301 4147 2620 4234 reducere,

265 4285 395 4355 per
438 4263 758 4351 presentia
801 4263 1039 4350 scripta
1079 4263 1198 4330 tibi
1243 4264 1647 4350 mandamus,
1705 4266 1998 4350 quatinus
2041 4263 2358 4350 predictos
2400 4284 2621 4350 parro-

265 4380 534 4451 chianos
576 4384 719 4446 tuos
764 4380 1046 4449 districte
1089 4399 1507 4467 commoneas,
1552 4388 1625 4450 ut
1669 4400 1862 4469 supra
1898 4380 2028 4447 fato
2058 4378 2440 4447 monasterio
2469 4400 2616 4467 pos-

421 4537 474 4668 ἶ.
509 4522 902 4670 {fflidim
1046 4611 1100 4669 2.
1138 4609 1206 4668 V.
1246 4625 1334 4684 ep.
1357 4611 1482 4669 350.
1623 4612 1675 4665 3.
1716 4609 1972 4669 comitem
2008 4608 2346 4673 Heinricum.
