3319 5242
916 450 1214 500 mm1
1255 451 1630 502 urrerem
1682 452 1965 501 css-440.
2475 439 2608 507 673

265 593 518 657 vestrae
574 589 955 659 defensionis
1012 592 1318 660 auxilium
1373 594 1651 662 debeatis
1707 595 2074 682 impendere
2128 601 2193 663 et
2249 616 2326 664 ea
2379 598 2449 663 in
2491 617 2609 664 sua
2661 602 2803 691 11555

265 704 524 772 iusticia
571 707 778 773 modis
837 708 1126 776 omnibus
1181 709 1528 777 confovere.
1620 710 1774 778 Inde
1831 716 1956 795 est,
2014 711 2182 796 quod
2234 713 2608 800 prudentiae
2641 676 2748 724 Μ’
2767 679 2828 726 ²⁸

266 826 518 888 vestrae
559 842 676 908 per
720 823 1065 910 apostolica
1107 825 1346 912 scripta
1372 826 1768 910 mandamus,
1811 831 1886 892 ut
1924 829 2378 896 monasterium
2406 830 2609 896 sancti

266 935 518 1003 Antimi
546 958 663 1024 pro
692 938 864 1006 beati
891 938 1066 1009 Petri
1105 960 1179 1008 ac
1207 947 1426 1009 nostra
1451 942 1807 1010 reverentia
1849 943 1918 1010 in
1961 944 2215 1012 iusticia
2257 965 2373 1012 sua
2415 966 2608 1013 manu

267 1057 485 1120 tenere
528 1054 781 1139 curetis,
827 1061 892 1123 et
933 1058 1276 1125 secundum
1322 1059 1490 1145 quod
1529 1060 1599 1126 in
1637 1058 1989 1147 privilegiis
2016 1061 2442 1128 Romanorum
2484 1062 2606 1129 im-

265 1174 633 1255 peratorum
686 1171 891 1239 eidem
945 1175 1326 1242 monasterio
1379 1174 1641 1243 indultis
1710 1176 2057 1243 dinoscitur
2123 1177 2460 1261 contineri,
2526 1177 2607 1245 ad

266 1287 762 1355 conservandam
803 1287 1159 1357 libertatem
1204 1291 1438 1378 ipsius,
1497 1297 1689 1379 prout
1732 1293 2030 1380 expedire
2073 1293 2387 1377 videritis,
2430 1291 2606 1361 labo-

264 1402 424 1469 retis
437 1451 459 1487 ,
516 1404 812 1489 quatinus
869 1405 1093 1490 dignas
1149 1408 1326 1475 vobis
1381 1408 1730 1492 gratiarum
1789 1409 2064 1477 actiones
2126 1408 2484 1495 persolvere
2543 1416 2608 1476 et

264 1523 517 1587 vestrae
558 1518 908 1588 devotionis
964 1522 1243 1590 studium
1299 1523 1637 1591 debeamus
1690 1524 1760 1591 in
1809 1525 1932 1593 hac
1985 1530 2170 1613 parte
2212 1545 2339 1592 non
2381 1525 2605 1593 imme-

261 1635 393 1702 rito
418 1637 895 1714 commendare.
964 1638 1134 1706 Data
1179 1638 1377 1707 Sutrii
1420 1641 1464 1707 5
1509 1639 1650 1707 Kal.
1682 1640 1864 1708 Iunii.

264 1846 448 1919 439.
487 1854 808 1920 Adrianus
836 1853 944 1920 IV
965 1876 1151 1942 papa
1192 1854 1475 1923 wibaldo
1504 1879 1647 1922 suos
1682 1857 1770 1923 ad
1799 1854 2187 1923 Friderioum
2214 1856 2258 1923 I
2274 1878 2483 1943 reyem
2516 1856 2603 1921 le-

485 1979 665 2055 qatos
708 1971 1110 2036 commendat.
2279 1969 2387 2052 ffl·
2424 1970 2605 2053 430·)

442 2100 762 2168 Adrianus
808 2102 1138 2190 episcopus
1182 2122 1402 2171 servus
1446 2123 1775 2171 servorum
1801 2102 1924 2170 Dei
1960 2103 2188 2172 dilecto
2216 2101 2346 2171 filio
2377 2103 2605 2171 Stabu-
2640 2119 2781 2175 1155

260 2214 428 2283 lensi
472 2216 687 2284 abbati
728 2216 997 2285 salutem
1042 2223 1106 2285 et
1150 2219 1559 2306 apostolicam
1601 2218 2118 2287 benedictionem.
2638 2192 2733 2240 ¹²¹²·
2758 2194 2782 2240 ¹

442 2332 728 2421 Experta
768 2335 899 2401 iam
940 2334 1010 2400 in
1054 2334 1273 2401 multis
1318 2355 1468 2421 erga
1500 2342 1963 2405 sacrosanctam
1992 2334 2340 2403 Romanam
2370 2334 2604 2403 aeccle-

261 2447 428 2515 siam
458 2448 810 2517 dilectionis
840 2454 987 2517 tuae
1016 2450 1343 2518 sinceritas
1371 2451 1616 2518 nullum
1639 2451 2049 2519 dubitationis
2071 2451 2280 2519 locum
2301 2452 2370 2518 in
2392 2451 2602 2517 animo

261 2569 481 2632 nostro
524 2564 853 2653 relinquit,
912 2566 1065 2654 quin
1109 2566 1187 2635 de
1231 2566 1330 2635 his
1343 2617 1363 2654 ,
1410 2588 1569 2655 quae
1615 2569 1695 2636 ad
1740 2567 2041 2637 honorem
2087 2569 2220 2636 eius
2264 2568 2602 2656 pertinent,

260 2681 535 2766 vigilans
593 2689 658 2750 et
712 2683 1027 2750 studiosus
1083 2684 1339 2751 existas.
1432 2684 1596 2753 Sane
1651 2703 1767 2753 nos
1824 2685 2085 2753 dilectos
2142 2684 2304 2752 filios
2354 2690 2604 2753 nostros

262 2797 666 2884 G(uidonem)
709 2801 881 2867 tituli
908 2805 1162 2868 sanctae
1189 2799 1579 2887 Potentiane,
1624 2802 2015 2885 I(ohannem)
2045 2801 2216 2869 tituli
2244 2805 2604 2869 sanctorum

260 2913 557 2983 Iohannis
604 2921 669 2983 et
709 2915 891 2983 Pauli
931 2916 1315 3004 presbiteros
1328 2968 1347 3002 ,
1402 2923 1465 2985 et
1507 2916 1910 3002 G(uidonem)
1956 2923 2210 2986 sanctae
2251 2916 2491 2984 Mariae
2535 2918 2604 2985 in

260 3032 513 3118 porticu
540 3032 873 3100 diaconum
901 3031 1274 3118 cardinales,
1303 3033 1646 3120 prudentes
1675 3034 1969 3103 honestos
2002 3054 2076 3102 ac
2097 3033 2410 3102 litteratos
2431 3033 2603 3101 viros

262 3155 329 3216 et
375 3169 530 3233 quos
573 3169 751 3215 caros
796 3150 966 3217 circa
1007 3169 1123 3217 nos
1168 3149 1323 3215 satis
1367 3149 1693 3236 habemus,
1740 3152 1821 3220 ad
1863 3151 2250 3239 presentiam
2282 3151 2603 3217 karissimi

258 3261 379 3330 filii
431 3266 633 3332 nostri
675 3264 1033 3350 F(riderici)
1089 3265 1501 3333 illustrissimi
1545 3265 1970 3334 Romanorum
2016 3267 2187 3351 regis
2230 3286 2348 3354 pro
2390 3266 2602 3333 immi-

259 3380 557 3448 nentibus
599 3381 869 3466 negotiis
914 3381 1304 3450 decrevimus
1348 3383 1886 3451 transmittendos.
1971 3381 2276 3462 Quocirca
2318 3382 2602 3450 dilectio·

259 3516 409 3564 nem
452 3501 630 3564 tuam
667 3517 993 3566 monemus
1023 3502 1089 3565 et
1117 3498 1521 3567 exhortamur
1548 3498 1618 3564 in
1645 3499 1941 3583 Domino,
1987 3500 2281 3585 quatinus
2312 3499 2403 3567 eis
2433 3499 2603 3587 apud

260 3613 532 3680 eundem
586 3610 787 3680 filium
841 3619 1127 3681 nostrum
1179 3617 1343 3683 sicut
1384 3615 1566 3683 nobis
1610 3615 1770 3702 ipsis
1815 3615 2149 3700 diligenter
2191 3616 2482 3700 assistas,
2539 3621 2604 3684 et

258 3728 748 3798 sollicitudinem
793 3749 1041 3797 omnem
1085 3730 1405 3817 adhibeas,
1451 3736 1524 3798 ut
1566 3732 1694 3818 ipsi
1727 3731 1809 3799 ad
1835 3732 2139 3801 honorem
2168 3736 2602 3801 sacrosanctae

256 3844 581 3914 Romanae
647 3845 987 3915 aecclesiae
1045 3846 1328 3916 iniuncta
1382 3846 1635 3915 valeant
1685 3850 1941 3934 negotia
1995 3849 2329 3937 explicare.
2432 3847 2601 3915 Data

259 3959 462 4029 Sutrii
503 3960 641 4030 Kal.
685 3961 868 4029 Iunii.

259 4172 442 4245 440.
482 4178 804 4243 Adrianus
816 4176 922 4242 IV
923 4199 1108 4264 papa
1129 4177 1409 4243 Amoldo
1423 4176 1505 4243 Π
1513 4176 1975 4265 archiepiscopo
2001 4177 2361 4259 Coloniensi,
2391 4176 2596 4243 Eber-

481 4292 680 4358 hardo
726 4294 1012 4380 episcopo
1041 4292 1505 4379 Bamberyensi,
1551 4292 1833 4359 Wibaldo
1875 4293 2151 4374 mandat,
2195 4304 2268 4358 ut
2292 4304 2596 4358 monaste-

482 4411 647 4473 rium
689 4407 995 4496 Far-sense
1042 4406 1361 4474 Fn'derico
1393 4407 1440 4473 I
1468 4411 1604 4496 αφ’
1646 4410 2082 4475 commendent.
2274 4404 2381 4489 (M.
2413 4407 2594 4488 431.)

435 4539 758 4609 Adrianus
802 4539 1133 4628 episcopus
1177 4559 1397 4609 servus
1440 4560 1769 4608 servorum
1796 4539 1921 4609 Dei
1962 4538 2426 4610 venerabilibus
2467 4540 2596 4608 sra-
2625 4549 2771 4673 1131}
