3319 5242
738 406 825 472 82
1467 424 1767 471 πωᾼιυῐ
1805 422 2178 471 urtam-onan
2220 421 2265 468 s.
2296 420 2341 469 9.

740 563 811 634 8.
879 565 1221 632 Lotlum'us
1261 568 1601 653 imperator
1629 568 2034 656 Raynaldwm
2079 570 2360 635 abbatem
2391 567 2781 633 Cas-'nemean
2819 566 2889 630 in
2919 565 3082 630 diem

874 681 965 748 29
1005 682 1176 747 Iunii
1218 681 1561 770 Melphiam
1604 692 1833 748 ουσαν.

558 826 693 880 1137
911 812 1299 896 Loth(arius)
1345 814 1467 880 Dei
1512 815 1721 899 gratia
1760 814 2189 881 Romanorum
2233 817 2579 902 imperator
2624 819 2928 898 augustus
2975 813 3084 879 ab-

581 898 677 945 ¹¹¹¹²'
733 928 866 996 bati
883 925 900 957 ¹
945 929 1304 997 Gasinensis
1351 932 1722 997 monasterii
1766 932 2038 1015 gratiam
2083 952 2263 998 suam
2300 937 2364 997 et
2407 932 2639 998 bonam
2669 930 3079 997 voluntatem.

913 1046 1176 1133 Semper
1219 1049 1414 1113 moris
1460 1048 1664 1115 nostri
1709 1048 1850 1132 fuit,
1899 1068 2004 1114 eos
2048 1053 2458 1114 manutenere
2504 1054 2568 1114 et
2610 1046 2928 1134 amplecti,
2978 1046 3085 1131 qui

733 1161 815 1227 ad
859 1181 974 1228 nos
1021 1168 1307 1250 spectare
1352 1163 1603 1249 debent,
1649 1184 1768 1231 nec
1813 1184 1919 1231 eos
1964 1186 2262 1250 umquam
2295 1164 2603 1248 deserere,
2651 1163 2760 1249 qui
2785 1161 3086 1228 fiduciam

729 1277 798 1343 in
825 1278 1022 1345 ‘nobis
1069 1280 1414 1366 posuerint.
1483 1279 1667 1346 Unde
1704 1281 1925 1367 procul
1954 1281 2143 1348 dubio
2175 1282 2358 1365 scias,
2407 1280 2575 1366 quod
2606 1278 2906 1346 ecclesiae
2937 1283 3088 1344 tuae

728 1394 847 1479 ius,
895 1415 1216 1481 quousque
1244 1397 1613 1481 vixerimus,
1661 1398 1998 1483 tuebimur,
2030 1417 2147 1464 nec
2178 1397 2420 1463 alienae
2448 1395 2752 1484 potestati
2778 1414 3084 1479 umquam

726 1512 1187 1598 permittemus,
1236 1512 1404 1597 quod
1446 1513 1650 1579 nostri
1690 1514 1848 1586 iuris
1881 1520 1979 1581 est
2008 1520 2072 1580 et
2101 1513 2268 1599 quod
2299 1513 2379 1579 ad
2409 1511 2803 1600 imperialem
2833 1516 3084 1598 spectat

726 1627 1120 1711 dignitatem.
1191 1627 1353 1706 Quia
1397 1649 1546 1696 vero
1593 1630 1663 1695 in
1706 1630 1868 1697 festo
1915 1631 2342 1718 apostolorum
2387 1630 2562 1696 Petri
2606 1634 2670 1695 et
2707 1623 2926 1694 Pauli·
2974 1647 3085 1693 cu-

724 1744 890 1810 riam
942 1765 1060 1831 pro
1108 1745 1440 1811 statuendo
1489 1747 1645 1812 duce
1693 1747 1863 1834 apud
1907 1746 2251 1835 Melphiam
2298 1746 2693 1813 condiximus
2738 1762 3085 1829 omnesque

723 1866 932 1927 terrae
977 1861 1243 1928 barones
1291 1881 1363 1928 eo
1410 1864 1891 1930 convocavimus
1906 1864 1951 1950 ⁶,
1996 1864 2371 1931 mandamus
2416 1862 2555 1946 tibi,
2596 1867 2688 1945 ut,
2735 1860 3084 1947 assumptis

723 1982 934 2043 tecum
980 1977 1488 2064 sapientioribus,
1537 1980 1757 2046 eodem
1804 1980 2092 2046 omnibus
2137 1978 2508 2067 postpositis
2550 1978 2789 2062 venias,
2835 1977 3086 2043 omnia-

725 2114 846 2179 que
903 2093 1359 2180 imperatorum
1415 2095 1752 2182 privilegia
1804 2102 2014 2163 tecum
2071 2097 2347 2182 deferas,
2416 2096 2515 2161 ius
2574 2093 2874 2161 ecclesiae
2931 2098 3086 2161 tuac

722 2214 1109 2278 ostensurus.
1291 2211 1549 2279 Fratres
1606 2218 1750 2279 tuos
1764 2263 1784 2298 ,
1845 2213 2010 2279 sicut
2053 2213 2311 2297 rogasti,
2356 2213 2619 2279 honeste
2665 2209 3085 2297 suscepimus,

722 2326 888 2392 sicut
931 2327 1146 2394 decuit
1187 2332 1405 2395 tantae
1450 2327 1750 2395 ecclesiae
1793 2349 2117 2415 personas,
2163 2329 2445 2396 volentes
2489 2325 2807 2395 beneficiis
2839 2326 3083 2392 nostris

721 2442 842 2509 hoc
888 2442 1056 2529 apud
1103 2463 1207 2509 eos
1256 2444 1560 2528 optinere,
1608 2450 1681 2511 ut
1723 2451 1877 2532 aput
1917 2444 2245 2512 ecclesiam
2275 2443 2681 2510 Casinensem
2711 2443 3086 2510 memoriale

723 2564 1012 2626 nostrum
1071 2580 1321 2647 semper
1373 2566 1716 2631 remaneat.
1901 2561 1969 2629 Si
2029 2562 2108 2628 ad
2166 2562 2398 2628 festum
2451 2560 2808 2649 praefatum
2858 2560 3086 2629 venire

722 2676 950 2762 possis,
996 2675 1140 2758 fiat3
1203 2677 1301 2742 sin
1349 2683 1594 2761 autem,
1643 2682 1877 2763 quanto
1924 2678 2110 2744 citius
2156 2678 2362 2764 possis
2407 2677 2646 2743 venias.
2828 2675 3087 2743 Salutat

723 2796 787 2857 te
843 2791 1072 2857 dilecta
1126 2797 1345 2858 nostra
1397 2792 1728 2880 Rychyza,
1802 2794 2090 2860 omnibus
2154 2793 2356 2859 modis
2415 2793 2719 2859 honorem
2777 2782 3088 2861 ecclesiae

721 2913 870 2974 tuae
917 2907 1301 2995 amplectens
1349 2929 1615 2995 cumque
1661 2913 1794 2976 toto
1828 2910 1973 2976 nisu
2003 2929 2371 2995 promovere
2402 2910 2680 2997 cupiens.
2816 2908 3088 2978 Fratres

721 3024 846 3108 tui,
907 3025 1070 3092 sicut
1124 3026 1441 3113 sapientes
1498 3026 1653 3110 viri,
1724 3046 1868 3092 cum
1926 3046 2157 3110 magna
2212 3025 2590 3093 discretione
2643 3026 2826 3095 nobis
2879 3025 3090 3093 locuti

722 3146 887 3206 sunt.
958 3141 1133 3226 Vale,
1183 3148 1247 3209 et
1292 3143 1546 3209 eosdem
1592 3147 1803 3208 tecum
1848 3142 2061 3208 ducas.

730 3431 797 3502 9.
867 3435 1209 3501 Locharius
1252 3437 1594 3523 imperator
1626 3437 2055 3502 Casium-sibus
2085 3438 2161 3502 de
2197 3438 2544 3524 privileqiis
2587 3460 2800 3503 eorwm
2841 3440 3088 3531 confir-

863 3551 1112 3616 mandis
1154 3553 1414 3616 scribit&

549 3703 686 3757 1137
902 3681 1239 3749 Lotharius
1294 3682 1417 3749 Dei
1470 3683 1679 3767 gratia
1719 3682 2148 3750 Romanorum
2201 3684 2548 3772 imperator
2604 3691 2905 3769 augustus
2964 3687 3087 3755 de-

571 3776 669 3822 ¹¹²¹¹'
724 3819 879 3867 cano
895 3794 918 3827 ⁸
966 3799 1378 3885 omnibusque
1410 3797 1770 3866 Casinensis
1815 3800 2184 3866 monasterii
2227 3800 2529 3868 fratribus
2574 3803 2846 3887 gratiam
2890 3822 3086 3871 suam

726 3922 790 3983 et
835 3917 1065 3983 bonam
1108 3915 1517 4013 voluntatem.

902 4031 1219 4117 Nolentes,
1268 4038 1571 4118 quantum
1601 4032 1775 4098 Deus
1803 4030 2187 4119 permiserit,
2222 4032 2290 4099 in
2321 4032 2530 4120 aliquo
2561 4034 2863 4102 terminos
2894 4043 3086 4129 ante-

752 4210 753 4213 =
869 4196 909 4230 a.
945 4185 1105 4231 Edidit
1134 4186 1338 4247 Angelus
1371 4183 1429 4230 de
1458 4185 1587 4230 Nuce
1615 4184 1647 4229 1.
1665 4184 1698 4229 l.
1726 4198 1775 4241 p.
1793 4183 1869 4229 25.
1971 4183 2017 4229 b.
2049 4183 2396 4232 convocabimus
2426 4186 2499 4232 ed.
2602 4199 2641 4233 c.
2676 4186 2837 4233 Edidit
2866 4189 3084 4249 Auget-0

726 4263 783 4310 de
812 4264 939 4311 Nuce
969 4266 1000 4310 l.
1019 4266 1051 4311 l.

868 4351 917 4404 1.
958 4351 1243 4422 Raynaldo
1282 4348 1693 4417 (Hetruriensi).
1748 4346 1835 4404 ef.
1859 4349 2010 4404 Petri
2045 4349 2185 4406 diac.
2216 4348 2419 4406 Chron.
2445 4349 2627 4407 Oasin.
2664 4351 2728 4406 L.
2752 4351 2848 4407 IV.
2888 4367 2937 4407 c.
2968 4355 3088 4411 108

721 4436 916 4584 kliog.
939 4438 1061 4581 l81¹9.
1207 4441 1258 4495 2.
1296 4438 1435 4494 Iuni.
1463 4439 1551 4494 29.
1695 4437 1749 4492 3.
1785 4436 1994 4493 Ottoni.
2041 4438 2112 4495 V.
2136 4439 2288 4495 Petri
2322 4438 2464 4495 diac.
2488 4438 2692 4497 chron.
2716 4438 2842 4497 Cas.
2878 4441 2941 4496 L.
2969 4442 3084 4499 IV.
