<?xml version="1.0" encoding="UTF-8"?>
<!DOCTYPE html PUBLIC "-//W3C//DTD XHTML 1.0 Transitional//EN"
    "http://www.w3.org/TR/xhtml1/DTD/xhtml1-transitional.dtd">
<html xmlns="http://www.w3.org/1999/xhtml" xml:lang="en" lang="en">
 <head>
  <title>
</title>
<meta http-equiv="Content-Type" content="text/html;charset=utf-8" />
  <meta name='ocr-system' content='tesseract 3.04.00' />
  <meta name='ocr-capabilities' content='ocr_page ocr_carea ocr_par ocr_line ocrx_word'/>
</head>
<body>
  <div class='ocr_page' id='page_1' title='image "./monumentacorbei00corvgoog_0338.png"; bbox 0 0 3319 5242; ppageno 0'>
   <div class='ocr_carea' id='block_1_1' title="bbox 770 447 2441 517">
    <p class='ocr_par' dir='ltr' id='par_1_1' title="bbox 770 447 2441 517">
     <span class='ocr_line' id='line_1_1' title="bbox 770 447 2441 517; baseline -0.004 -1"><span class='ocrx_word' id='word_1_1' title='bbox 770 447 901 517; x_wconf 84' lang='lat'><strong>324</strong></span> <span class='ocrx_word' id='word_1_2' title='bbox 1435 465 1734 514; x_wconf 74' lang='lat' dir='ltr'><strong>vvaLm</strong></span> <span class='ocrx_word' id='word_1_3' title='bbox 1777 463 2153 514; x_wconf 64' lang='lat' dir='ltr'><strong>xrrs‘ronss</strong></span> <span class='ocrx_word' id='word_1_4' title='bbox 2193 463 2301 511; x_wconf 73' lang='lat'><strong>204.</strong></span> <span class='ocrx_word' id='word_1_5' title='bbox 2334 462 2441 510; x_wconf 74' lang='lat' dir='ltr'><strong>sos.</strong></span> 
     </span>
    </p>
   </div>
   <div class='ocr_carea' id='block_1_2' title="bbox 563 605 3084 696">
    <p class='ocr_par' dir='ltr' id='par_1_2' title="bbox 563 605 3084 696">
     <span class='ocr_line' id='line_1_2' title="bbox 563 605 3084 696; baseline 0.001 -28"><span class='ocrx_word' id='word_1_6' title='bbox 563 613 702 669; x_wconf 83' lang='lat'>1149</span> <span class='ocrx_word' id='word_1_7' title='bbox 764 610 975 696; x_wconf 89' lang='lat' dir='ltr'><strong>ipsum</strong></span> <span class='ocrx_word' id='word_1_8' title='bbox 994 608 1333 675; x_wconf 68' lang='lat' dir='ltr'><strong>sententia</strong></span> <span class='ocrx_word' id='word_1_9' title='bbox 1376 608 1569 692; x_wconf 87' lang='lat' dir='ltr'><strong>digna</strong></span> <span class='ocrx_word' id='word_1_10' title='bbox 1613 608 1746 675; x_wconf 86' lang='lat' dir='ltr'><strong>suis</strong></span> <span class='ocrx_word' id='word_1_11' title='bbox 1793 607 2153 675; x_wconf 79' lang='lat' dir='ltr'><strong>excessibus</strong></span> <span class='ocrx_word' id='word_1_12' title='bbox 2197 606 2571 690; x_wconf 82' lang='lat' dir='ltr'><strong>feriendum,</strong></span> <span class='ocrx_word' id='word_1_13' title='bbox 2616 605 2745 671; x_wconf 86' lang='lat' dir='ltr'><strong>nisi</strong></span> <span class='ocrx_word' id='word_1_14' title='bbox 2790 610 2939 672; x_wconf 84' lang='lat' dir='ltr'><strong>tuae</strong></span> <span class='ocrx_word' id='word_1_15' title='bbox 2972 623 3084 670; x_wconf 79' lang='lat' dir='ltr'><strong>ma-</strong></span> 
     </span>
    </p>
   </div>
   <div class='ocr_carea' id='block_1_3' title="bbox 535 688 781 740">
    <p class='ocr_par' dir='ltr' id='par_1_3' title="bbox 535 688 781 740">
     <span class='ocr_line' id='line_1_3' title="bbox 535 688 781 740; baseline 0 -5"><span class='ocrx_word' id='word_1_16' title='bbox 535 688 649 735; x_wconf 86' lang='lat' dir='ltr'><strong>Nov.</strong></span> <span class='ocrx_word' id='word_1_17' title='bbox 668 690 728 735; x_wconf 79' lang='lat'><strong>28</strong></span> <span class='ocrx_word' id='word_1_18' title='bbox 767 726 781 740; x_wconf 91' lang='lat'><strong>.</strong></span> 
     </span>
    </p>
   </div>
   <div class='ocr_carea' id='block_1_4' title="bbox 584 2600 721 2723">
    <p class='ocr_par' dir='ltr' id='par_1_4' title="bbox 584 2600 721 2723">
     <span class='ocr_line' id='line_1_4' title="bbox 584 2600 721 2659; baseline -0.007 -1"><span class='ocrx_word' id='word_1_19' title='bbox 584 2600 721 2659; x_wconf 85' lang='lat'>1149</span> 
     </span>
     <span class='ocr_line' id='line_1_5' title="bbox 597 2677 707 2723; baseline -0.009 0"><span class='ocrx_word' id='word_1_20' title='bbox 597 2677 707 2723; x_wconf 88' lang='lat' dir='ltr'><strong>Dec.</strong></span> 
     </span>
    </p>
   </div>
   <div class='ocr_carea' id='block_1_5' title="bbox 750 724 3099 2075">
    <p class='ocr_par' dir='ltr' id='par_1_5' title="bbox 750 724 3087 1162">
     <span class='ocr_line' id='line_1_6' title="bbox 763 724 3086 812; baseline -0.002 -21"><span class='ocrx_word' id='word_1_21' title='bbox 763 725 1006 792; x_wconf 81' lang='lat' dir='ltr'><strong>iestatis</strong></span> <span class='ocrx_word' id='word_1_22' title='bbox 1052 724 1280 810; x_wconf 86' lang='lat' dir='ltr'><strong>legatio</strong></span> <span class='ocrx_word' id='word_1_23' title='bbox 1324 726 1735 812; x_wconf 91' lang='lat' dir='ltr'><strong>prevenisset.</strong></span> <span class='ocrx_word' id='word_1_24' title='bbox 1808 724 1920 791; x_wconf 89' lang='lat' dir='ltr'><strong>Set</strong></span> <span class='ocrx_word' id='word_1_25' title='bbox 1959 724 2250 811; x_wconf 80' lang='lat' dir='ltr'><strong>precibus</strong></span> <span class='ocrx_word' id='word_1_26' title='bbox 2281 724 2409 791; x_wconf 91' lang='lat' dir='ltr'><strong>tuis</strong></span> <span class='ocrx_word' id='word_1_27' title='bbox 2440 727 2746 810; x_wconf 90' lang='lat' dir='ltr'><strong>quantum</strong></span> <span class='ocrx_word' id='word_1_28' title='bbox 2776 739 3086 810; x_wconf 85' lang='lat' dir='ltr'><strong>possumus</strong></span> 
     </span>
     <span class='ocr_line' id='line_1_7' title="bbox 763 838 3087 928; baseline -0.002 -21"><span class='ocrx_word' id='word_1_29' title='bbox 763 841 1079 926; x_wconf 87' lang='lat' dir='ltr'><strong>inclinati,</strong></span> <span class='ocrx_word' id='word_1_30' title='bbox 1136 862 1396 908; x_wconf 89' lang='lat' dir='ltr'><strong>manum</strong></span> <span class='ocrx_word' id='word_1_31' title='bbox 1456 848 1741 908; x_wconf 89' lang='lat' dir='ltr'><strong>nostram</strong></span> <span class='ocrx_word' id='word_1_32' title='bbox 1796 842 1865 908; x_wconf 93' lang='lat' dir='ltr'><strong>in</strong></span> <span class='ocrx_word' id='word_1_33' title='bbox 1923 841 2389 928; x_wconf 84' lang='lat' dir='ltr'><strong>presentiarum</strong></span> <span class='ocrx_word' id='word_1_34' title='bbox 2433 840 2511 907; x_wconf 89' lang='lat' dir='ltr'><strong>ab</strong></span> <span class='ocrx_word' id='word_1_35' title='bbox 2557 840 2762 926; x_wconf 90' lang='lat' dir='ltr'><strong>ipsius</strong></span> <span class='ocrx_word' id='word_1_36' title='bbox 2809 838 3087 924; x_wconf 50' lang='lat' dir='ltr'><strong>damma·</strong></span> 
     </span>
     <span class='ocr_line' id='line_1_8' title="bbox 760 958 2874 1045; baseline -0 -21"><span class='ocrx_word' id='word_1_37' title='bbox 760 958 933 1025; x_wconf 87' lang='lat' dir='ltr'><strong>tione</strong></span> <span class='ocrx_word' id='word_1_38' title='bbox 976 959 1357 1025; x_wconf 84' lang='lat' dir='ltr'><strong>retraximus</strong></span> <span class='ocrx_word' id='word_1_39' title='bbox 1404 964 1468 1025; x_wconf 91' lang='lat' dir='ltr'><strong>et</strong></span> <span class='ocrx_word' id='word_1_40' title='bbox 1511 979 1711 1045; x_wconf 91' lang='lat' dir='ltr'><strong>usque</strong></span> <span class='ocrx_word' id='word_1_41' title='bbox 1753 958 1835 1024; x_wconf 90' lang='lat' dir='ltr'><strong>ad</strong></span> <span class='ocrx_word' id='word_1_42' title='bbox 1865 958 2262 1042; x_wconf 79' lang='lat' dir='ltr'><strong>dominicam,</strong></span> <span class='ocrx_word' id='word_1_43' title='bbox 2311 977 2436 1043; x_wconf 92' lang='lat' dir='ltr'><strong>qua</strong></span> <span class='ocrx_word' id='word_1_44' title='bbox 2463 961 2758 1024; x_wconf 87' lang='lat' dir='ltr'><strong>cantatur</strong></span> <span class='ocrx_word' id='word_1_45' title='bbox 2801 958 2874 1043; x_wconf 62' lang='lat' dir='ltr'><strong>Eg</strong></span> 
     </span>
     <span class='ocr_line' id='line_1_9' title="bbox 750 1070 2874 1162; baseline -0.002 -19"><span class='ocrx_word' id='word_1_46' title='bbox 750 1088 980 1162; x_wconf 65' lang='lat' dir='ltr'><strong>pastor</strong></span> <span class='ocrx_word' id='word_1_47' title='bbox 1038 1076 1234 1141; x_wconf 77' lang='lat' dir='ltr'><strong>bonus</strong></span> <span class='ocrx_word' id='word_1_48' title='bbox 1252 1070 1288 1157; x_wconf 89' lang='lat'><strong>¹,</strong></span> <span class='ocrx_word' id='word_1_49' title='bbox 1347 1075 1633 1142; x_wconf 86' lang='lat' dir='ltr'><strong>inducias</strong></span> <span class='ocrx_word' id='word_1_50' title='bbox 1682 1076 1741 1142; x_wconf 92' lang='lat' dir='ltr'><strong>ei</strong></span> <span class='ocrx_word' id='word_1_51' title='bbox 1787 1076 2228 1142; x_wconf 89' lang='lat' dir='ltr'><strong>concessimus.</strong></span> <span class='ocrx_word' id='word_1_52' title='bbox 2298 1073 2461 1153; x_wconf 84' lang='lat' dir='ltr'><strong>Quia</strong></span> <span class='ocrx_word' id='word_1_53' title='bbox 2504 1094 2654 1158; x_wconf 87' lang='lat' dir='ltr'><strong>ergo</strong></span> <span class='ocrx_word' id='word_1_54' title='bbox 2702 1072 2874 1140; x_wconf 89' lang='lat' dir='ltr'><strong>excel</strong></span> 
     </span>
    </p>

    <p class='ocr_par' dir='ltr' id='par_1_6' title="bbox 758 1189 3099 2075">
     <span class='ocr_line' id='line_1_10' title="bbox 760 1189 2874 1277; baseline -0.001 -20"><span class='ocrx_word' id='word_1_55' title='bbox 760 1196 907 1258; x_wconf 91' lang='lat' dir='ltr'><strong>tuae</strong></span> <span class='ocrx_word' id='word_1_56' title='bbox 964 1211 1181 1277; x_wconf 88' lang='lat' dir='ltr'><strong>preces</strong></span> <span class='ocrx_word' id='word_1_57' title='bbox 1242 1192 1477 1276; x_wconf 85' lang='lat' dir='ltr'><strong>absque</strong></span> <span class='ocrx_word' id='word_1_58' title='bbox 1532 1191 1713 1276; x_wconf 88' lang='lat' dir='ltr'><strong>gravi</strong></span> <span class='ocrx_word' id='word_1_59' title='bbox 1759 1198 2014 1259; x_wconf 87' lang='lat' dir='ltr'><strong>sanctae</strong></span> <span class='ocrx_word' id='word_1_60' title='bbox 2063 1191 2399 1258; x_wconf 89' lang='lat' dir='ltr'><strong>aecclesiae</strong></span> <span class='ocrx_word' id='word_1_61' title='bbox 2445 1196 2509 1257; x_wconf 89' lang='lat' dir='ltr'><strong>et</strong></span> <span class='ocrx_word' id='word_1_62' title='bbox 2553 1189 2874 1277; x_wconf 72' lang='lat' dir='ltr'><strong>disciplina</strong></span> 
     </span>
     <span class='ocr_line' id='line_1_11' title="bbox 760 1306 3094 1392; baseline -0.003 -17"><span class='ocrx_word' id='word_1_63' title='bbox 760 1308 1145 1376; x_wconf 89' lang='lat' dir='ltr'><strong>clesiasticae</strong></span> <span class='ocrx_word' id='word_1_64' title='bbox 1199 1306 1437 1375; x_wconf 92' lang='lat' dir='ltr'><strong>lesione</strong></span> <span class='ocrx_word' id='word_1_65' title='bbox 1493 1308 1562 1373; x_wconf 91' lang='lat' dir='ltr'><strong>in</strong></span> <span class='ocrx_word' id='word_1_66' title='bbox 1615 1306 1736 1374; x_wconf 88' lang='lat' dir='ltr'><strong>hoc</strong></span> <span class='ocrx_word' id='word_1_67' title='bbox 1794 1328 1874 1374; x_wconf 91' lang='lat' dir='ltr'><strong>ex</strong></span> <span class='ocrx_word' id='word_1_68' title='bbox 1918 1313 2051 1375; x_wconf 88' lang='lat' dir='ltr'><strong>toto</strong></span> <span class='ocrx_word' id='word_1_69' title='bbox 2100 1307 2399 1375; x_wconf 90' lang='lat' dir='ltr'><strong>exaudire</strong></span> <span class='ocrx_word' id='word_1_70' title='bbox 2444 1307 2879 1392; x_wconf 86' lang='lat' dir='ltr'><strong>nequivimus,</strong></span> <span class='ocrx_word' id='word_1_71' title='bbox 2938 1356 2961 1371; x_wconf 88' lang='lat'><strong>.</strong></span> <span class='ocrx_word' id='word_1_72' title='bbox 2974 1356 3094 1389; x_wconf 55' lang='lat' dir='ltr'><strong>vg..</strong></span> 
     </span>
     <span class='ocr_line' id='line_1_12' title="bbox 760 1422 3094 1512; baseline -0.001 -21"><span class='ocrx_word' id='word_1_73' title='bbox 760 1425 1176 1512; x_wconf 78' lang='lat' dir='ltr'><strong>equanimiter</strong></span> <span class='ocrx_word' id='word_1_74' title='bbox 1222 1424 1555 1491; x_wconf 91' lang='lat' dir='ltr'><strong>clementia</strong></span> <span class='ocrx_word' id='word_1_75' title='bbox 1596 1424 1794 1509; x_wconf 87' lang='lat' dir='ltr'><strong>ferat,</strong></span> <span class='ocrx_word' id='word_1_76' title='bbox 1853 1430 1918 1492; x_wconf 91' lang='lat' dir='ltr'><strong>et</strong></span> <span class='ocrx_word' id='word_1_77' title='bbox 1960 1424 2060 1491; x_wconf 93' lang='lat' dir='ltr'><strong>his</strong></span> <span class='ocrx_word' id='word_1_78' title='bbox 2074 1474 2093 1508; x_wconf 91' lang='lat'><strong>,</strong></span> <span class='ocrx_word' id='word_1_79' title='bbox 2142 1443 2262 1510; x_wconf 93' lang='lat' dir='ltr'><strong>que</strong></span> <span class='ocrx_word' id='word_1_80' title='bbox 2308 1429 2561 1490; x_wconf 90' lang='lat' dir='ltr'><strong>sanctae</strong></span> <span class='ocrx_word' id='word_1_81' title='bbox 2605 1422 2930 1490; x_wconf 74' lang='lat' dir='ltr'><strong>Romanae</strong></span> <span class='ocrx_word' id='word_1_82' title='bbox 2974 1436 3094 1487; x_wconf 82' lang='lat' dir='ltr'><strong>aec-</strong></span> 
     </span>
     <span class='ocr_line' id='line_1_13' title="bbox 758 1538 3096 1627; baseline -0.002 -19"><span class='ocrx_word' id='word_1_83' title='bbox 758 1540 988 1609; x_wconf 92' lang='lat' dir='ltr'><strong>clesiae</strong></span> <span class='ocrx_word' id='word_1_84' title='bbox 1051 1542 1244 1608; x_wconf 88' lang='lat' dir='ltr'><strong>matri</strong></span> <span class='ocrx_word' id='word_1_85' title='bbox 1302 1546 1449 1607; x_wconf 90' lang='lat' dir='ltr'><strong>tuae</strong></span> <span class='ocrx_word' id='word_1_86' title='bbox 1507 1540 1907 1626; x_wconf 89' lang='lat' dir='ltr'><strong>incumbunt,</strong></span> <span class='ocrx_word' id='word_1_87' title='bbox 1978 1541 2154 1607; x_wconf 92' lang='lat' dir='ltr'><strong>cuius</strong></span> <span class='ocrx_word' id='word_1_88' title='bbox 2222 1540 2616 1627; x_wconf 88' lang='lat' dir='ltr'><strong>omnipotens</strong></span> <span class='ocrx_word' id='word_1_89' title='bbox 2675 1538 2992 1606; x_wconf 86' lang='lat' dir='ltr'><strong>Dominus</strong></span> <span class='ocrx_word' id='word_1_90' title='bbox 3040 1542 3096 1602; x_wconf 86' lang='lat' dir='ltr'><strong>te</strong></span> 
     </span>
     <span class='ocr_line' id='line_1_14' title="bbox 758 1656 3095 1743; baseline -0.002 -18"><span class='ocrx_word' id='word_1_91' title='bbox 758 1659 1087 1725; x_wconf 87' lang='lat' dir='ltr'><strong>constituit</strong></span> <span class='ocrx_word' id='word_1_92' title='bbox 1140 1657 1533 1725; x_wconf 86' lang='lat' dir='ltr'><strong>defensorem</strong></span> <span class='ocrx_word' id='word_1_93' title='bbox 1546 1707 1565 1741; x_wconf 81' lang='lat'><strong>,</strong></span> <span class='ocrx_word' id='word_1_94' title='bbox 1624 1658 1789 1724; x_wconf 89' lang='lat' dir='ltr'><strong>sicut</strong></span> <span class='ocrx_word' id='word_1_95' title='bbox 1842 1657 1920 1724; x_wconf 93' lang='lat' dir='ltr'><strong>de</strong></span> <span class='ocrx_word' id='word_1_96' title='bbox 1962 1656 2350 1742; x_wconf 83' lang='lat' dir='ltr'><strong>benignitate</strong></span> <span class='ocrx_word' id='word_1_97' title='bbox 2394 1662 2506 1723; x_wconf 89' lang='lat' dir='ltr'><strong>tua</strong></span> <span class='ocrx_word' id='word_1_98' title='bbox 2548 1675 2913 1743; x_wconf 86' lang='lat' dir='ltr'><strong>speramus,</strong></span> <span class='ocrx_word' id='word_1_99' title='bbox 2971 1659 3095 1721; x_wconf 83' lang='lat' dir='ltr'><strong>tan-</strong></span> 
     </span>
     <span class='ocr_line' id='line_1_15' title="bbox 760 1769 3095 1861; baseline -0.001 -21"><span class='ocrx_word' id='word_1_100' title='bbox 760 1795 950 1861; x_wconf 89' lang='lat' dir='ltr'><strong>quam</strong></span> <span class='ocrx_word' id='word_1_101' title='bbox 1011 1775 1337 1861; x_wconf 92' lang='lat' dir='ltr'><strong>piissimus</strong></span> <span class='ocrx_word' id='word_1_102' title='bbox 1392 1773 1682 1840; x_wconf 82' lang='lat' dir='ltr'><strong>iusticias</strong></span> <span class='ocrx_word' id='word_1_103' title='bbox 1739 1778 1984 1840; x_wconf 88' lang='lat' dir='ltr'><strong>amator</strong></span> <span class='ocrx_word' id='word_1_104' title='bbox 2039 1773 2351 1840; x_wconf 90' lang='lat' dir='ltr'><strong>intendas.</strong></span> <span class='ocrx_word' id='word_1_105' title='bbox 2531 1771 2853 1839; x_wconf 88' lang='lat' dir='ltr'><strong>Dilectum</strong></span> <span class='ocrx_word' id='word_1_106' title='bbox 2907 1769 3095 1837; x_wconf 88' lang='lat' dir='ltr'><strong>filium</strong></span> 
     </span>
     <span class='ocr_line' id='line_1_16' title="bbox 759 1887 3099 1975; baseline -0.002 -18"><span class='ocrx_word' id='word_1_107' title='bbox 759 1895 1046 1957; x_wconf 91' lang='lat' dir='ltr'><strong>nostrum</strong></span> <span class='ocrx_word' id='word_1_108' title='bbox 1076 1890 1444 1958; x_wconf 87' lang='lat' dir='ltr'><strong>Heinricum</strong></span> <span class='ocrx_word' id='word_1_109' title='bbox 1485 1890 1797 1957; x_wconf 89' lang='lat' dir='ltr'><strong>iuniorem</strong></span> <span class='ocrx_word' id='word_1_110' title='bbox 1828 1910 2042 1975; x_wconf 86' lang='lat' dir='ltr'><strong>regem</strong></span> <span class='ocrx_word' id='word_1_111' title='bbox 2086 1890 2155 1957; x_wconf 93' lang='lat' dir='ltr'><strong>in</strong></span> <span class='ocrx_word' id='word_1_112' title='bbox 2183 1889 2459 1957; x_wconf 88' lang='lat' dir='ltr'><strong>Domino</strong></span> <span class='ocrx_word' id='word_1_113' title='bbox 2502 1889 2871 1956; x_wconf 86' lang='lat' dir='ltr'><strong>salutamus.</strong></span> <span class='ocrx_word' id='word_1_114' title='bbox 2944 1887 3099 1954; x_wconf 84' lang='lat' dir='ltr'><strong>Data</strong></span> 
     </span>
     <span class='ocr_line' id='line_1_17' title="bbox 758 2004 1749 2075; baseline -0.001 -2"><span class='ocrx_word' id='word_1_115' title='bbox 758 2004 1058 2074; x_wconf 85' lang='lat' dir='ltr'><strong>Laterani</strong></span> <span class='ocrx_word' id='word_1_116' title='bbox 1100 2008 1146 2073; x_wconf 86' lang='lat'>4</span> <span class='ocrx_word' id='word_1_117' title='bbox 1189 2006 1327 2073; x_wconf 90' lang='lat' dir='ltr'><strong>Kal.</strong></span> <span class='ocrx_word' id='word_1_118' title='bbox 1363 2006 1749 2075; x_wconf 88' lang='lat' dir='ltr'><strong>Decembris.</strong></span> 
     </span>
    </p>
   </div>
   <div class='ocr_carea' id='block_1_6' title="bbox 1723 2139 2150 2150">
    <p class='ocr_par' dir='ltr' id='par_1_7' title="bbox 1723 2139 2150 2150">
     <span class='ocr_line' id='line_1_18' title="bbox 1723 2139 2150 2150; baseline 0 0"><span class='ocrx_word' id='word_1_119' title='bbox 1723 2139 2150 2150; x_wconf 95' lang='lat' dir='ltr'><strong> </strong></span> 
     </span>
    </p>
   </div>
   <div class='ocr_carea' id='block_1_7' title="bbox 756 2217 3101 4539">
    <p class='ocr_par' dir='ltr' id='par_1_8' title="bbox 756 2217 3101 4539">
     <span class='ocr_line' id='line_1_19' title="bbox 762 2217 3097 2310; baseline -0.002 -22"><span class='ocrx_word' id='word_1_120' title='bbox 762 2217 938 2290; x_wconf 77' lang='lat'><strong>205.</strong></span> <span class='ocrx_word' id='word_1_121' title='bbox 976 2222 1294 2290; x_wconf 72' lang='lat' dir='ltr'><strong>Wibaldus</strong></span> <span class='ocrx_word' id='word_1_122' title='bbox 1342 2223 1628 2289; x_wconf 81' lang='lat' dir='ltr'><strong>Conrado</strong></span> <span class='ocrx_word' id='word_1_123' title='bbox 1656 2221 1773 2289; x_wconf 90' lang='grc' dir='ltr'><strong>ΠΙ</strong></span> <span class='ocrx_word' id='word_1_124' title='bbox 1797 2224 1934 2310; x_wconf 67' lang='lat' dir='ltr'><strong>reqi</strong></span> <span class='ocrx_word' id='word_1_125' title='bbox 1977 2224 2204 2304; x_wconf 72' lang='lat' dir='ltr'><strong>scribit,</strong></span> <span class='ocrx_word' id='word_1_126' title='bbox 2251 2244 2317 2286; x_wconf 80' lang='lat' dir='ltr'><strong>se</strong></span> <span class='ocrx_word' id='word_1_127' title='bbox 2360 2244 2474 2287; x_wconf 74' lang='lat' dir='ltr'><strong>neo</strong></span> <span class='ocrx_word' id='word_1_128' title='bbox 2514 2222 2810 2286; x_wconf 69' lang='lat' dir='ltr'><strong>mucium</strong></span> <span class='ocrx_word' id='word_1_129' title='bbox 2851 2243 2971 2285; x_wconf 79' lang='lat' dir='ltr'><strong>nec</strong></span> <span class='ocrx_word' id='word_1_130' title='bbox 3009 2219 3097 2283; x_wconf 67' lang='lat' dir='ltr'><strong>lit·</strong></span> 
     </span>
     <span class='ocr_line' id='line_1_20' title="bbox 980 2336 3097 2425; baseline -0.003 -20"><span class='ocrx_word' id='word_1_131' title='bbox 980 2350 1145 2405; x_wconf 76' lang='lat' dir='ltr'><strong>teras</strong></span> <span class='ocrx_word' id='word_1_132' title='bbox 1212 2341 1343 2405; x_wconf 72' lang='lat' dir='ltr'><strong>eius</strong></span> <span class='ocrx_word' id='word_1_133' title='bbox 1410 2340 1732 2425; x_wconf 69' lang='lat' dir='ltr'><strong>accepisse.</strong></span> <span class='ocrx_word' id='word_1_134' title='bbox 1822 2338 1929 2406; x_wconf 87' lang='lat' dir='ltr'><strong>De</strong></span> <span class='ocrx_word' id='word_1_135' title='bbox 1993 2339 2273 2405; x_wconf 71' lang='lat' dir='ltr'><strong>restituta</strong></span> <span class='ocrx_word' id='word_1_136' title='bbox 2342 2338 2473 2403; x_wconf 71' lang='lat' dir='ltr'><strong>eius</strong></span> <span class='ocrx_word' id='word_1_137' title='bbox 2535 2338 2801 2403; x_wconf 71' lang='lat' dir='ltr'><strong>sanitate</strong></span> <span class='ocrx_word' id='word_1_138' title='bbox 2856 2336 3097 2423; x_wconf 69' lang='lat' dir='ltr'><strong>qauda.</strong></span> 
     </span>
     <span class='ocr_line' id='line_1_21' title="bbox 978 2448 3098 2539; baseline -0.001 -20"><span class='ocrx_word' id='word_1_139' title='bbox 978 2454 1160 2539; x_wconf 71' lang='lat' dir='ltr'><strong>Petit,</strong></span> <span class='ocrx_word' id='word_1_140' title='bbox 1208 2456 1327 2522; x_wconf 68' lang='lat' dir='ltr'><strong>sibu·</strong></span> <span class='ocrx_word' id='word_1_141' title='bbox 1368 2455 1703 2521; x_wconf 71' lang='lat' dir='ltr'><strong>subveniat.</strong></span> <span class='ocrx_word' id='word_1_142' title='bbox 2779 2449 2888 2533; x_wconf 81' lang='grc' dir='ltr'><strong>(Μ.</strong></span> <span class='ocrx_word' id='word_1_143' title='bbox 2929 2448 3098 2529; x_wconf 81' lang='grc'><strong>203.)</strong></span> 
     </span>
     <span class='ocr_line' id='line_1_22' title="bbox 936 2584 3098 2673; baseline -0.002 -19"><span class='ocrx_word' id='word_1_144' title='bbox 936 2587 1158 2655; x_wconf 90' lang='lat' dir='ltr'><strong>Inclito</strong></span> <span class='ocrx_word' id='word_1_145' title='bbox 1215 2585 1664 2673; x_wconf 85' lang='lat' dir='ltr'><strong>triumphatori</strong></span> <span class='ocrx_word' id='word_1_146' title='bbox 1720 2586 1760 2653; x_wconf 71' lang='lat' dir='ltr'><strong>a</strong></span> <span class='ocrx_word' id='word_1_147' title='bbox 1812 2585 1949 2654; x_wconf 89' lang='lat' dir='ltr'><strong>Deo</strong></span> <span class='ocrx_word' id='word_1_148' title='bbox 2005 2590 2334 2672; x_wconf 87' lang='lat' dir='ltr'><strong>coronato,</strong></span> <span class='ocrx_word' id='word_1_149' title='bbox 2394 2584 2796 2654; x_wconf 86' lang='lat' dir='ltr'><strong>serenissimo</strong></span> <span class='ocrx_word' id='word_1_150' title='bbox 2853 2586 3098 2653; x_wconf 90' lang='lat' dir='ltr'><strong>domino</strong></span> 
     </span>
     <span class='ocr_line' id='line_1_23' title="bbox 757 2702 3101 2791; baseline -0.002 -20"><span class='ocrx_word' id='word_1_151' title='bbox 757 2724 871 2772; x_wconf 91' lang='lat' dir='ltr'><strong>suo</strong></span> <span class='ocrx_word' id='word_1_152' title='bbox 925 2702 1264 2787; x_wconf 89' lang='lat' dir='ltr'><strong>C(onrado)</strong></span> <span class='ocrx_word' id='word_1_153' title='bbox 1322 2704 1595 2789; x_wconf 86' lang='lat' dir='ltr'><strong>glorioso</strong></span> <span class='ocrx_word' id='word_1_154' title='bbox 1655 2702 2084 2770; x_wconf 86' lang='lat' dir='ltr'><strong>Romanorum</strong></span> <span class='ocrx_word' id='word_1_155' title='bbox 2147 2704 2518 2791; x_wconf 89' lang='lat' dir='ltr'><strong>imperatori</strong></span> <span class='ocrx_word' id='word_1_156' title='bbox 2583 2709 2848 2787; x_wconf 87' lang='lat' dir='ltr'><strong>augusto</strong></span> <span class='ocrx_word' id='word_1_157' title='bbox 2910 2704 3101 2769; x_wconf 69' lang='lat' dir='ltr'><strong>frater</strong></span> 
     </span>
     <span class='ocr_line' id='line_1_24' title="bbox 756 2818 3099 2906; baseline -0 -19"><span class='ocrx_word' id='word_1_158' title='bbox 756 2819 1134 2904; x_wconf 85' lang='lat' dir='ltr'><strong>W(ibaldus)</strong></span> <span class='ocrx_word' id='word_1_159' title='bbox 1179 2820 1302 2888; x_wconf 88' lang='lat' dir='ltr'><strong>Dei</strong></span> <span class='ocrx_word' id='word_1_160' title='bbox 1346 2821 1554 2904; x_wconf 88' lang='lat' dir='ltr'><strong>gratia</strong></span> <span class='ocrx_word' id='word_1_161' title='bbox 1595 2820 1664 2887; x_wconf 92' lang='lat' dir='ltr'><strong>id</strong></span> <span class='ocrx_word' id='word_1_162' title='bbox 1721 2821 1889 2906; x_wconf 88' lang='lat' dir='ltr'><strong>quod</strong></span> <span class='ocrx_word' id='word_1_163' title='bbox 1944 2825 2042 2887; x_wconf 91' lang='lat' dir='ltr'><strong>est</strong></span> <span class='ocrx_word' id='word_1_164' title='bbox 2081 2821 2152 2887; x_wconf 94' lang='lat' dir='ltr'><strong>in</strong></span> <span class='ocrx_word' id='word_1_165' title='bbox 2199 2819 2500 2888; x_wconf 89' lang='lat' dir='ltr'><strong>aecclesia</strong></span> <span class='ocrx_word' id='word_1_166' title='bbox 2542 2820 2885 2904; x_wconf 88' lang='lat' dir='ltr'><strong>catholica,</strong></span> <span class='ocrx_word' id='word_1_167' title='bbox 2940 2818 3099 2887; x_wconf 87' lang='lat' dir='ltr'><strong>salu-</strong></span> 
     </span>
     <span class='ocr_line' id='line_1_25' title="bbox 756 2932 2172 3024; baseline -0.001 -20"><span class='ocrx_word' id='word_1_168' title='bbox 756 2942 890 3006; x_wconf 89' lang='lat' dir='ltr'><strong>tem</strong></span> <span class='ocrx_word' id='word_1_169' title='bbox 933 2939 1002 3005; x_wconf 92' lang='lat' dir='ltr'><strong>in</strong></span> <span class='ocrx_word' id='word_1_170' title='bbox 1047 2958 1141 3022; x_wconf 85' lang='lat' dir='ltr'><strong>ee,</strong></span> <span class='ocrx_word' id='word_1_171' title='bbox 1190 2938 1298 3024; x_wconf 92' lang='lat' dir='ltr'><strong>qui</strong></span> <span class='ocrx_word' id='word_1_172' title='bbox 1342 2937 1605 3003; x_wconf 90' lang='lat' dir='ltr'><strong>mandat</strong></span> <span class='ocrx_word' id='word_1_173' title='bbox 1648 2935 1885 3004; x_wconf 89' lang='lat' dir='ltr'><strong>salutes</strong></span> <span class='ocrx_word' id='word_1_174' title='bbox 1930 2936 2117 3004; x_wconf 88' lang='lat' dir='ltr'><strong>Iacob</strong></span> <span class='ocrx_word' id='word_1_175' title='bbox 2129 2932 2172 3003; x_wconf 84' lang='lat'><strong>².</strong></span> 
     </span>
     <span class='ocr_line' id='line_1_26' title="bbox 938 3053 3099 3141; baseline -0.001 -20"><span class='ocrx_word' id='word_1_176' title='bbox 938 3055 1124 3121; x_wconf 87' lang='lat' dir='ltr'><strong>quta</strong></span> <span class='ocrx_word' id='word_1_177' title='bbox 1177 3053 1557 3140; x_wconf 87' lang='lat' dir='ltr'><strong>beneplaciti</strong></span> <span class='ocrx_word' id='word_1_178' title='bbox 1612 3055 1810 3121; x_wconf 87' lang='lat' dir='ltr'><strong>vestri</strong></span> <span class='ocrx_word' id='word_1_179' title='bbox 1865 3054 2237 3120; x_wconf 88' lang='lat' dir='ltr'><strong>mandatum</strong></span> <span class='ocrx_word' id='word_1_180' title='bbox 2291 3053 2761 3141; x_wconf 86' lang='lat' dir='ltr'><strong>expectavimus</strong></span> <span class='ocrx_word' id='word_1_181' title='bbox 2805 3053 3099 3120; x_wconf 89' lang='lat' dir='ltr'><strong>nuncium</strong></span> 
     </span>
     <span class='ocr_line' id='line_1_27' title="bbox 757 3170 3099 3258; baseline -0.001 -20"><span class='ocrx_word' id='word_1_182' title='bbox 757 3176 1038 3238; x_wconf 89' lang='lat' dir='ltr'><strong>vestrum</strong></span> <span class='ocrx_word' id='word_1_183' title='bbox 1084 3176 1149 3238; x_wconf 91' lang='lat' dir='ltr'><strong>et</strong></span> <span class='ocrx_word' id='word_1_184' title='bbox 1190 3170 1436 3237; x_wconf 88' lang='lat' dir='ltr'><strong>litteras</strong></span> <span class='ocrx_word' id='word_1_185' title='bbox 1481 3175 1747 3256; x_wconf 88' lang='lat' dir='ltr'><strong>vestras,</strong></span> <span class='ocrx_word' id='word_1_186' title='bbox 1807 3190 2094 3256; x_wconf 87' lang='lat' dir='ltr'><strong>quorum,</strong></span> <span class='ocrx_word' id='word_1_187' title='bbox 2153 3171 2416 3237; x_wconf 89' lang='lat' dir='ltr'><strong>decurso</strong></span> <span class='ocrx_word' id='word_1_188' title='bbox 2459 3176 2765 3258; x_wconf 80' lang='lat' dir='ltr'><strong>tempore,</strong></span> <span class='ocrx_word' id='word_1_189' title='bbox 2814 3189 2956 3237; x_wconf 89' lang='lat' dir='ltr'><strong>cum</strong></span> <span class='ocrx_word' id='word_1_190' title='bbox 3003 3189 3099 3236; x_wconf 73' lang='lat' dir='ltr'><strong>ac·</strong></span> 
     </span>
     <span class='ocr_line' id='line_1_28' title="bbox 757 3285 3099 3375; baseline -0.001 -21"><span class='ocrx_word' id='word_1_191' title='bbox 757 3288 1141 3375; x_wconf 86' lang='lat' dir='ltr'><strong>cepissemus</strong></span> <span class='ocrx_word' id='word_1_192' title='bbox 1187 3292 1503 3371; x_wconf 89' lang='lat' dir='ltr'><strong>neutrum,</strong></span> <span class='ocrx_word' id='word_1_193' title='bbox 1548 3287 1730 3370; x_wconf 87' lang='lat' dir='ltr'><strong>gravi</strong></span> <span class='ocrx_word' id='word_1_194' title='bbox 1773 3287 2062 3355; x_wconf 88' lang='lat' dir='ltr'><strong>mesticia</strong></span> <span class='ocrx_word' id='word_1_195' title='bbox 2107 3292 2172 3354; x_wconf 89' lang='lat' dir='ltr'><strong>et</strong></span> <span class='ocrx_word' id='word_1_196' title='bbox 2214 3288 2459 3372; x_wconf 84' lang='lat' dir='ltr'><strong>ingenti</strong></span> <span class='ocrx_word' id='word_1_197' title='bbox 2502 3287 2868 3354; x_wconf 87' lang='lat' dir='ltr'><strong>confusione</strong></span> <span class='ocrx_word' id='word_1_198' title='bbox 2911 3285 3099 3352; x_wconf 86' lang='lat' dir='ltr'><strong>animi</strong></span> 
     </span>
     <span class='ocr_line' id='line_1_29' title="bbox 758 3396 3099 3475; baseline -0.001 -5"><span class='ocrx_word' id='word_1_199' title='bbox 758 3402 968 3471; x_wconf 87' lang='lat' dir='ltr'><strong>affecti</strong></span> <span class='ocrx_word' id='word_1_200' title='bbox 995 3404 1249 3470; x_wconf 79' lang='lat' dir='ltr'><strong>fuimus.</strong></span> <span class='ocrx_word' id='word_1_201' title='bbox 1310 3402 1423 3470; x_wconf 90' lang='lat' dir='ltr'><strong>Set</strong></span> <span class='ocrx_word' id='word_1_202' title='bbox 1448 3403 1700 3470; x_wconf 90' lang='lat' dir='ltr'><strong>rediens</strong></span> <span class='ocrx_word' id='word_1_203' title='bbox 1739 3405 1819 3470; x_wconf 89' lang='lat' dir='ltr'><strong>ad</strong></span> <span class='ocrx_word' id='word_1_204' title='bbox 1859 3425 1974 3470; x_wconf 92' lang='lat' dir='ltr'><strong>nos</strong></span> <span class='ocrx_word' id='word_1_205' title='bbox 1987 3398 2010 3432; x_wconf 81' lang='lat'>⁸</span> <span class='ocrx_word' id='word_1_206' title='bbox 2032 3404 2072 3470; x_wconf 78' lang='lat' dir='ltr'><strong>a</strong></span> <span class='ocrx_word' id='word_1_207' title='bbox 2090 3409 2306 3472; x_wconf 86' lang='lat' dir='ltr'><strong>vestra</strong></span> <span class='ocrx_word' id='word_1_208' title='bbox 2333 3407 2509 3475; x_wconf 90' lang='lat' dir='ltr'><strong>curia</strong></span> <span class='ocrx_word' id='word_1_209' title='bbox 2536 3408 2733 3473; x_wconf 83' lang='lat' dir='ltr'><strong>frater</strong></span> <span class='ocrx_word' id='word_1_210' title='bbox 2764 3396 3099 3470; x_wconf 84' lang='lat' dir='ltr'><strong>Iohannes‘</strong></span> 
     </span>
     <span class='ocr_line' id='line_1_30' title="bbox 758 3518 3098 3607; baseline -0.001 -20"><span class='ocrx_word' id='word_1_211' title='bbox 758 3520 1040 3587; x_wconf 91' lang='lat' dir='ltr'><strong>dolorem</strong></span> <span class='ocrx_word' id='word_1_212' title='bbox 1095 3525 1382 3587; x_wconf 85' lang='lat' dir='ltr'><strong>nostrum</strong></span> <span class='ocrx_word' id='word_1_213' title='bbox 1426 3519 1772 3607; x_wconf 86' lang='lat' dir='ltr'><strong>plurimum</strong></span> <span class='ocrx_word' id='word_1_214' title='bbox 1818 3520 2118 3589; x_wconf 88' lang='lat' dir='ltr'><strong>abstersit</strong></span> <span class='ocrx_word' id='word_1_215' title='bbox 2164 3525 2228 3587; x_wconf 88' lang='lat' dir='ltr'><strong>et</strong></span> <span class='ocrx_word' id='word_1_216' title='bbox 2271 3518 2549 3584; x_wconf 89' lang='lat' dir='ltr'><strong>animam</strong></span> <span class='ocrx_word' id='word_1_217' title='bbox 2592 3525 2878 3588; x_wconf 87' lang='lat' dir='ltr'><strong>nostram</strong></span> <span class='ocrx_word' id='word_1_218' title='bbox 2920 3519 3098 3587; x_wconf 86' lang='lat' dir='ltr'><strong>valde</strong></span> 
     </span>
     <span class='ocr_line' id='line_1_31' title="bbox 758 3633 3099 3723; baseline -0.001 -19"><span class='ocrx_word' id='word_1_219' title='bbox 758 3636 1154 3720; x_wconf 85' lang='lat' dir='ltr'><strong>exhilaravit,</strong></span> <span class='ocrx_word' id='word_1_220' title='bbox 1202 3657 1280 3703; x_wconf 90' lang='lat' dir='ltr'><strong>ex</strong></span> <span class='ocrx_word' id='word_1_221' title='bbox 1314 3656 1388 3703; x_wconf 90' lang='lat' dir='ltr'><strong>eo</strong></span> <span class='ocrx_word' id='word_1_222' title='bbox 1417 3635 1730 3721; x_wconf 88' lang='lat' dir='ltr'><strong>videlicet,</strong></span> <span class='ocrx_word' id='word_1_223' title='bbox 1778 3637 1945 3723; x_wconf 92' lang='lat' dir='ltr'><strong>quod</strong></span> <span class='ocrx_word' id='word_1_224' title='bbox 1988 3658 2101 3704; x_wconf 91' lang='lat' dir='ltr'><strong>vos</strong></span> <span class='ocrx_word' id='word_1_225' title='bbox 2148 3637 2227 3703; x_wconf 91' lang='lat' dir='ltr'><strong>de</strong></span> <span class='ocrx_word' id='word_1_226' title='bbox 2270 3633 2637 3702; x_wconf 89' lang='lat' dir='ltr'><strong>infirmitate</strong></span> <span class='ocrx_word' id='word_1_227' title='bbox 2680 3642 2895 3704; x_wconf 89' lang='lat' dir='ltr'><strong>vestra</strong></span> <span class='ocrx_word' id='word_1_228' title='bbox 2932 3641 3099 3703; x_wconf 86' lang='lat' dir='ltr'><strong>recte</strong></span> 
     </span>
     <span class='ocr_line' id='line_1_32' title="bbox 758 3752 3097 3837; baseline -0.001 -17"><span class='ocrx_word' id='word_1_229' title='bbox 758 3752 1152 3820; x_wconf 90' lang='lat' dir='ltr'><strong>convaluisse</strong></span> <span class='ocrx_word' id='word_1_230' title='bbox 1193 3753 1537 3820; x_wconf 91' lang='lat' dir='ltr'><strong>nunciavit.</strong></span> <span class='ocrx_word' id='word_1_231' title='bbox 1608 3752 2061 3822; x_wconf 87' lang='lat' dir='ltr'><strong>Verumtamen</strong></span> <span class='ocrx_word' id='word_1_232' title='bbox 2108 3753 2187 3820; x_wconf 92' lang='lat' dir='ltr'><strong>de</strong></span> <span class='ocrx_word' id='word_1_233' title='bbox 2216 3754 2470 3837; x_wconf 84' lang='lat' dir='ltr'><strong>negotio</strong></span> <span class='ocrx_word' id='word_1_234' title='bbox 2497 3757 2716 3820; x_wconf 89' lang='lat' dir='ltr'><strong>nostro</strong></span> <span class='ocrx_word' id='word_1_235' title='bbox 2743 3752 2938 3820; x_wconf 87' lang='lat' dir='ltr'><strong>nichil</strong></span> <span class='ocrx_word' id='word_1_236' title='bbox 2967 3772 3097 3819; x_wconf 89' lang='lat' dir='ltr'><strong>cer-</strong></span> 
     </span>
     <span class='ocr_line' id='line_1_33' title="bbox 758 3868 3099 3957; baseline -0.001 -21"><span class='ocrx_word' id='word_1_237' title='bbox 758 3875 926 3954; x_wconf 91' lang='lat' dir='ltr'><strong>tum,</strong></span> <span class='ocrx_word' id='word_1_238' title='bbox 983 3868 1179 3936; x_wconf 87' lang='lat' dir='ltr'><strong>nichil</strong></span> <span class='ocrx_word' id='word_1_239' title='bbox 1233 3870 1507 3938; x_wconf 89' lang='lat' dir='ltr'><strong>salutare</strong></span> <span class='ocrx_word' id='word_1_240' title='bbox 1556 3869 1973 3938; x_wconf 89' lang='lat' dir='ltr'><strong>renunciavit.</strong></span> <span class='ocrx_word' id='word_1_241' title='bbox 2050 3869 2137 3937; x_wconf 91' lang='lat' dir='ltr'><strong>Et</strong></span> <span class='ocrx_word' id='word_1_242' title='bbox 2179 3890 2349 3937; x_wconf 89' lang='lat' dir='ltr'><strong>nunc</strong></span> <span class='ocrx_word' id='word_1_243' title='bbox 2390 3869 2670 3954; x_wconf 84' lang='lat' dir='ltr'><strong>graviter</strong></span> <span class='ocrx_word' id='word_1_244' title='bbox 2711 3869 3099 3957; x_wconf 81' lang='lat' dir='ltr'><strong>improperat</strong></span> 
     </span>
     <span class='ocr_line' id='line_1_34' title="bbox 757 3985 3098 4074; baseline -0 -21"><span class='ocrx_word' id='word_1_245' title='bbox 757 3986 938 4055; x_wconf 91' lang='lat' dir='ltr'><strong>nobis</strong></span> <span class='ocrx_word' id='word_1_246' title='bbox 985 3985 1381 4054; x_wconf 87' lang='lat' dir='ltr'><strong>Corbeiensis</strong></span> <span class='ocrx_word' id='word_1_247' title='bbox 1428 3987 1694 4055; x_wconf 86' lang='lat' dir='ltr'><strong>ecclesia</strong></span> <span class='ocrx_word' id='word_1_248' title='bbox 1737 3987 1937 4074; x_wconf 88' lang='lat' dir='ltr'><strong>quod,</strong></span> <span class='ocrx_word' id='word_1_249' title='bbox 1984 4006 2159 4073; x_wconf 84' lang='lat' dir='ltr'><strong>cum,</strong></span> <span class='ocrx_word' id='word_1_250' title='bbox 2218 3987 2385 4054; x_wconf 90' lang='lat' dir='ltr'><strong>bona</strong></span> <span class='ocrx_word' id='word_1_251' title='bbox 2428 4006 2542 4073; x_wconf 87' lang='lat' dir='ltr'><strong>spe</strong></span> <span class='ocrx_word' id='word_1_252' title='bbox 2587 3986 2627 4053; x_wconf 73' lang='lat' dir='ltr'><strong>a</strong></span> <span class='ocrx_word' id='word_1_253' title='bbox 2668 3992 2882 4055; x_wconf 85' lang='lat' dir='ltr'><strong>vestra</strong></span> <span class='ocrx_word' id='word_1_254' title='bbox 2921 4005 3098 4052; x_wconf 87' lang='lat' dir='ltr'><strong>man-</strong></span> 
     </span>
     <span class='ocr_line' id='line_1_35' title="bbox 759 4103 3096 4192; baseline -0 -22"><span class='ocrx_word' id='word_1_255' title='bbox 759 4104 1087 4171; x_wconf 86' lang='lat' dir='ltr'><strong>suetudine</strong></span> <span class='ocrx_word' id='word_1_256' title='bbox 1140 4103 1431 4188; x_wconf 84' lang='lat' dir='ltr'><strong>inducta,</strong></span> <span class='ocrx_word' id='word_1_257' title='bbox 1489 4110 1775 4172; x_wconf 89' lang='lat' dir='ltr'><strong>nostram</strong></span> <span class='ocrx_word' id='word_1_258' title='bbox 1829 4105 2210 4192; x_wconf 89' lang='lat' dir='ltr'><strong>parvitatem</strong></span> <span class='ocrx_word' id='word_1_259' title='bbox 2268 4103 2349 4170; x_wconf 90' lang='lat' dir='ltr'><strong>ad</strong></span> <span class='ocrx_word' id='word_1_260' title='bbox 2404 4104 2686 4188; x_wconf 91' lang='lat' dir='ltr'><strong>regimen</strong></span> <span class='ocrx_word' id='word_1_261' title='bbox 2744 4123 2925 4170; x_wconf 91' lang='lat' dir='ltr'><strong>suum</strong></span> <span class='ocrx_word' id='word_1_262' title='bbox 2983 4121 3096 4188; x_wconf 86' lang='lat' dir='ltr'><strong>pro</strong></span> 
     </span>
     <span class='ocr_line' id='line_1_36' title="bbox 758 4218 3095 4309; baseline -0.001 -22"><span class='ocrx_word' id='word_1_263' title='bbox 758 4219 1148 4309; x_wconf 89' lang='lat' dir='ltr'><strong>beneplacito</strong></span> <span class='ocrx_word' id='word_1_264' title='bbox 1195 4226 1404 4288; x_wconf 89' lang='lat' dir='ltr'><strong>vestro</strong></span> <span class='ocrx_word' id='word_1_265' title='bbox 1452 4219 1731 4305; x_wconf 87' lang='lat' dir='ltr'><strong>elegerit,</strong></span> <span class='ocrx_word' id='word_1_266' title='bbox 1758 4241 1904 4288; x_wconf 83' lang='lat' dir='ltr'><strong>non</strong></span> <span class='ocrx_word' id='word_1_267' title='bbox 1950 4221 2155 4287; x_wconf 92' lang='lat' dir='ltr'><strong>solum</strong></span> <span class='ocrx_word' id='word_1_268' title='bbox 2198 4221 2471 4305; x_wconf 85' lang='lat' dir='ltr'><strong>gratiam</strong></span> <span class='ocrx_word' id='word_1_269' title='bbox 2507 4225 2572 4287; x_wconf 92' lang='lat' dir='ltr'><strong>et</strong></span> <span class='ocrx_word' id='word_1_270' title='bbox 2604 4218 3095 4287; x_wconf 85' lang='lat' dir='ltr'><strong>misericordiam</strong></span> 
     </span>
     <span class='ocr_line' id='line_1_37' title="bbox 757 4335 3096 4422; baseline -0.001 -19"><span class='ocrx_word' id='word_1_271' title='bbox 757 4341 1091 4404; x_wconf 88' lang='lat' dir='ltr'><strong>consecuta</strong></span> <span class='ocrx_word' id='word_1_272' title='bbox 1146 4357 1273 4403; x_wconf 92' lang='lat' dir='ltr'><strong>non</strong></span> <span class='ocrx_word' id='word_1_273' title='bbox 1331 4337 1446 4422; x_wconf 91' lang='lat' dir='ltr'><strong>sit,</strong></span> <span class='ocrx_word' id='word_1_274' title='bbox 1503 4342 1602 4404; x_wconf 91' lang='lat' dir='ltr'><strong>set</strong></span> <span class='ocrx_word' id='word_1_275' title='bbox 1655 4338 1847 4404; x_wconf 89' lang='lat' dir='ltr'><strong>etiam</strong></span> <span class='ocrx_word' id='word_1_276' title='bbox 1900 4338 2230 4405; x_wconf 88' lang='lat' dir='ltr'><strong>thesauros</strong></span> <span class='ocrx_word' id='word_1_277' title='bbox 2287 4357 2432 4404; x_wconf 88' lang='lat' dir='ltr'><strong>suos</strong></span> <span class='ocrx_word' id='word_1_278' title='bbox 2486 4342 2551 4404; x_wconf 89' lang='lat' dir='ltr'><strong>et</strong></span> <span class='ocrx_word' id='word_1_279' title='bbox 2590 4335 2869 4404; x_wconf 90' lang='lat' dir='ltr'><strong>laborem</strong></span> <span class='ocrx_word' id='word_1_280' title='bbox 2912 4352 3096 4401; x_wconf 91' lang='lat' dir='ltr'><strong>suum</strong></span> 
     </span>
     <span class='ocr_line' id='line_1_38' title="bbox 756 4452 3096 4539; baseline -0.002 -19"><span class='ocrx_word' id='word_1_281' title='bbox 756 4452 1058 4522; x_wconf 87' lang='lat' dir='ltr'><strong>damnose</strong></span> <span class='ocrx_word' id='word_1_282' title='bbox 1104 4453 1403 4521; x_wconf 88' lang='lat' dir='ltr'><strong>amiserit.</strong></span> <span class='ocrx_word' id='word_1_283' title='bbox 1472 4452 1559 4520; x_wconf 91' lang='lat' dir='ltr'><strong>Et</strong></span> <span class='ocrx_word' id='word_1_284' title='bbox 1603 4453 1901 4539; x_wconf 90' lang='lat' dir='ltr'><strong>quoniam</strong></span> <span class='ocrx_word' id='word_1_285' title='bbox 1944 4454 2394 4539; x_wconf 90' lang='lat' dir='ltr'><strong>intelleximus,</strong></span> <span class='ocrx_word' id='word_1_286' title='bbox 2439 4473 2551 4520; x_wconf 90' lang='lat' dir='ltr'><strong>vos</strong></span> <span class='ocrx_word' id='word_1_287' title='bbox 2589 4455 2672 4521; x_wconf 83' lang='lat'><strong>15</strong></span> <span class='ocrx_word' id='word_1_288' title='bbox 2702 4452 2917 4525; x_wconf 82' lang='lat' dir='ltr'><strong>diebus</strong></span> <span class='ocrx_word' id='word_1_289' title='bbox 2946 4456 3096 4517; x_wconf 78' lang='lat' dir='ltr'><strong>ante</strong></span> 
     </span>
    </p>
   </div>
   <div class='ocr_carea' id='block_1_8' title="bbox 899 4576 3091 4657">
    <p class='ocr_par' dir='ltr' id='par_1_9' title="bbox 899 4576 3091 4657">
     <span class='ocr_line' id='line_1_39' title="bbox 899 4576 3091 4657; baseline 0 -17"><span class='ocrx_word' id='word_1_290' title='bbox 899 4586 950 4640; x_wconf 93' lang='lat'><strong>1.</strong></span> <span class='ocrx_word' id='word_1_291' title='bbox 988 4584 1129 4641; x_wconf 81' lang='lat'>1150</span> <span class='ocrx_word' id='word_1_292' title='bbox 1163 4583 1297 4654; x_wconf 89' lang='lat' dir='ltr'><strong>Apr.</strong></span> <span class='ocrx_word' id='word_1_293' title='bbox 1324 4584 1415 4641; x_wconf 88' lang='grc'><strong>30.</strong></span> <span class='ocrx_word' id='word_1_294' title='bbox 1544 4586 1594 4640; x_wconf 77' lang='lat'><strong>2.</strong></span> <span class='ocrx_word' id='word_1_295' title='bbox 1633 4585 1724 4641; x_wconf 90' lang='lat' dir='ltr'><strong>Ps.</strong></span> <span class='ocrx_word' id='word_1_296' title='bbox 1749 4585 1838 4657; x_wconf 83' lang='lat'><strong>43,</strong></span> <span class='ocrx_word' id='word_1_297' title='bbox 1861 4586 1917 4643; x_wconf 82' lang='lat'><strong>5.</strong></span> <span class='ocrx_word' id='word_1_298' title='bbox 2046 4588 2097 4642; x_wconf 88' lang='grc'><strong>3.</strong></span> <span class='ocrx_word' id='word_1_299' title='bbox 2137 4585 2442 4644; x_wconf 78' lang='lat' dir='ltr'><strong>corbeiam.</strong></span> <span class='ocrx_word' id='word_1_300' title='bbox 2565 4576 2620 4642; x_wconf 75' lang='lat'><strong>4.</strong></span> <span class='ocrx_word' id='word_1_301' title='bbox 2651 4581 3091 4642; x_wconf 67' lang='lat' dir='ltr'><strong>-Fritheselensia</strong></span> 
     </span>
    </p>
   </div>
  </div>
 </body>
</html>
