<?xml version="1.0" encoding="UTF-8"?>
<!DOCTYPE html PUBLIC "-//W3C//DTD XHTML 1.0 Transitional//EN"
    "http://www.w3.org/TR/xhtml1/DTD/xhtml1-transitional.dtd">
<html xmlns="http://www.w3.org/1999/xhtml" xml:lang="en" lang="en">
 <head>
  <title>
</title>
<meta http-equiv="Content-Type" content="text/html;charset=utf-8" />
  <meta name='ocr-system' content='tesseract 3.04.00' />
  <meta name='ocr-capabilities' content='ocr_page ocr_carea ocr_par ocr_line ocrx_word'/>
</head>
<body>
  <div class='ocr_page' id='page_1' title='image "./monumentacorbei00corvgoog_0093.png"; bbox 0 0 3319 5242; ppageno 0'>
   <div class='ocr_carea' id='block_1_1' title="bbox 922 430 2553 498">
    <p class='ocr_par' dir='ltr' id='par_1_1' title="bbox 922 430 2553 498">
     <span class='ocr_line' id='line_1_1' title="bbox 922 430 2553 498; baseline 0 -1"><span class='ocrx_word' id='word_1_1' title='bbox 922 448 1220 497; x_wconf 71' lang='lat' dir='ltr'><strong>wmsnm</strong></span> <span class='ocrx_word' id='word_1_2' title='bbox 1265 448 1637 498; x_wconf 59' lang='lat' dir='ltr'><strong>asmona·</strong></span> <span class='ocrx_word' id='word_1_3' title='bbox 1671 450 1827 496; x_wconf 81' lang='lat'><strong>2-4.</strong></span> <span class='ocrx_word' id='word_1_4' title='bbox 2467 430 2553 497; x_wconf 83' lang='lat'><strong>79</strong></span> 
     </span>
    </p>
   </div>
   <div class='ocr_carea' id='block_1_2' title="bbox 243 588 2892 1024">
    <p class='ocr_par' dir='ltr' id='par_1_2' title="bbox 249 588 2892 794">
     <span class='ocr_line' id='line_1_2' title="bbox 251 588 2892 675; baseline 0.001 -20"><span class='ocrx_word' id='word_1_5' title='bbox 251 588 444 657; x_wconf 85' lang='lat' dir='ltr'><strong>Precor</strong></span> <span class='ocrx_word' id='word_1_6' title='bbox 485 595 547 657; x_wconf 90' lang='lat' dir='ltr'><strong>et</strong></span> <span class='ocrx_word' id='word_1_7' title='bbox 591 609 707 675; x_wconf 88' lang='lat' dir='ltr'><strong>ego</strong></span> <span class='ocrx_word' id='word_1_8' title='bbox 755 589 1021 657; x_wconf 89' lang='lat' dir='ltr'><strong>eundem</strong></span> <span class='ocrx_word' id='word_1_9' title='bbox 1064 591 1329 675; x_wconf 81' lang='lat' dir='ltr'><strong>virginis</strong></span> <span class='ocrx_word' id='word_1_10' title='bbox 1373 590 1610 659; x_wconf 91' lang='lat' dir='ltr'><strong>Filium</strong></span> <span class='ocrx_word' id='word_1_11' title='bbox 1654 612 1766 659; x_wconf 91' lang='lat' dir='ltr'><strong>seu</strong></span> <span class='ocrx_word' id='word_1_12' title='bbox 1809 591 2195 675; x_wconf 81' lang='lat' dir='ltr'><strong>virginitatis</strong></span> <span class='ocrx_word' id='word_1_13' title='bbox 2239 589 2459 657; x_wconf 84' lang='lat' dir='ltr'><strong>florem</strong></span> <span class='ocrx_word' id='word_1_14' title='bbox 2491 596 2555 657; x_wconf 89' lang='lat' dir='ltr'><strong>et</strong></span> <span class='ocrx_word' id='word_1_15' title='bbox 2574 594 2892 650; x_wconf 81' lang='lat'>1119-1130</span> 
     </span>
     <span class='ocr_line' id='line_1_3' title="bbox 249 706 2555 794; baseline 0.001 -23"><span class='ocrx_word' id='word_1_16' title='bbox 249 713 524 773; x_wconf 81' lang='lat' dir='ltr'><strong>sanctum·</strong></span> <span class='ocrx_word' id='word_1_17' title='bbox 573 706 683 791; x_wconf 90' lang='lat' dir='ltr'><strong>qui</strong></span> <span class='ocrx_word' id='word_1_18' title='bbox 730 726 921 792; x_wconf 90' lang='lat' dir='ltr'><strong>super</strong></span> <span class='ocrx_word' id='word_1_19' title='bbox 964 706 1132 774; x_wconf 88' lang='lat' dir='ltr'><strong>hunc</strong></span> <span class='ocrx_word' id='word_1_20' title='bbox 1174 706 1395 774; x_wconf 86' lang='lat' dir='ltr'><strong>florem</strong></span> <span class='ocrx_word' id='word_1_21' title='bbox 1440 707 1778 793; x_wconf 90' lang='lat' dir='ltr'><strong>requiescit</strong></span> <span class='ocrx_word' id='word_1_22' title='bbox 1812 707 2074 773; x_wconf 89' lang='lat' dir='ltr'><strong>Domini</strong></span> <span class='ocrx_word' id='word_1_23' title='bbox 2120 708 2435 794; x_wconf 76' lang='lat' dir='ltr'><strong>spiritum,</strong></span> <span class='ocrx_word' id='word_1_24' title='bbox 2480 712 2555 774; x_wconf 89' lang='lat' dir='ltr'><strong>ut</strong></span> 
     </span>
    </p>

    <p class='ocr_par' dir='ltr' id='par_1_3' title="bbox 247 822 2553 908">
     <span class='ocr_line' id='line_1_4' title="bbox 247 822 2553 908; baseline 0.001 -21"><span class='ocrx_word' id='word_1_25' title='bbox 247 822 489 889; x_wconf 84' lang='lat' dir='ltr'><strong>veritatis</strong></span> <span class='ocrx_word' id='word_1_26' title='bbox 545 822 706 889; x_wconf 90' lang='lat' dir='ltr'><strong>mihi</strong></span> <span class='ocrx_word' id='word_1_27' title='bbox 759 828 822 890; x_wconf 89' lang='lat' dir='ltr'><strong>et</strong></span> <span class='ocrx_word' id='word_1_28' title='bbox 864 825 933 890; x_wconf 90' lang='lat' dir='ltr'><strong>in</strong></span> <span class='ocrx_word' id='word_1_29' title='bbox 976 825 1096 892; x_wconf 90' lang='lat' dir='ltr'><strong>hoc</strong></span> <span class='ocrx_word' id='word_1_30' title='bbox 1142 832 1206 892; x_wconf 90' lang='lat' dir='ltr'><strong>et</strong></span> <span class='ocrx_word' id='word_1_31' title='bbox 1248 824 1317 890; x_wconf 90' lang='lat' dir='ltr'><strong>in</strong></span> <span class='ocrx_word' id='word_1_32' title='bbox 1361 825 1624 891; x_wconf 89' lang='lat' dir='ltr'><strong>caeteris</strong></span> <span class='ocrx_word' id='word_1_33' title='bbox 1672 830 1971 908; x_wconf 78' lang='lat' dir='ltr'><strong>suggerat</strong></span> <span class='ocrx_word' id='word_1_34' title='bbox 2015 843 2269 890; x_wconf 89' lang='lat' dir='ltr'><strong>sensum</strong></span> <span class='ocrx_word' id='word_1_35' title='bbox 2315 842 2553 890; x_wconf 87' lang='lat' dir='ltr'><strong>sermo-</strong></span> 
     </span>
    </p>

    <p class='ocr_par' dir='ltr' id='par_1_4' title="bbox 243 937 1198 1024">
     <span class='ocr_line' id='line_1_5' title="bbox 243 937 1198 1024; baseline 0.003 -20"><span class='ocrx_word' id='word_1_36' title='bbox 243 958 475 1024; x_wconf 79' lang='lat' dir='ltr'><strong>nemque</strong></span> <span class='ocrx_word' id='word_1_37' title='bbox 514 937 772 1008; x_wconf 87' lang='lat' dir='ltr'><strong>fidelem</strong></span> <span class='ocrx_word' id='word_1_38' title='bbox 817 946 881 1008; x_wconf 98' lang='lat' dir='ltr'><strong>et</strong></span> <span class='ocrx_word' id='word_1_39' title='bbox 924 947 1198 1008; x_wconf 90' lang='lat' dir='ltr'><strong>cautum.</strong></span> 
     </span>
    </p>
   </div>
   <div class='ocr_carea' id='block_1_3' title="bbox 1168 1073 1591 1084">
    <p class='ocr_par' dir='ltr' id='par_1_5' title="bbox 1168 1073 1591 1084">
     <span class='ocr_line' id='line_1_6' title="bbox 1168 1073 1591 1084; baseline 0 4158"><span class='ocrx_word' id='word_1_40' title='bbox 1168 1073 1591 1084; x_wconf 95' lang='lat' dir='ltr'><strong> </strong></span> 
     </span>
    </p>
   </div>
   <div class='ocr_carea' id='block_1_4' title="bbox 221 1150 2887 3114">
    <p class='ocr_par' dir='ltr' id='par_1_6' title="bbox 221 1150 2887 3114">
     <span class='ocr_line' id='line_1_7' title="bbox 241 1150 2551 1244; baseline -0.001 -24"><span class='ocrx_word' id='word_1_41' title='bbox 241 1150 296 1221; x_wconf 90' lang='lat'><strong>3.</strong></span> <span class='ocrx_word' id='word_1_42' title='bbox 342 1154 726 1220; x_wconf 72' lang='lat' dir='ltr'><strong>Innocentius</strong></span> <span class='ocrx_word' id='word_1_43' title='bbox 754 1155 832 1221; x_wconf 90' lang='lat' dir='ltr'><strong>II</strong></span> <span class='ocrx_word' id='word_1_44' title='bbox 841 1156 1450 1244; x_wconf 73' lang='lat' dir='ltr'><strong>papaFolcmav-mn</strong></span> <span class='ocrx_word' id='word_1_45' title='bbox 1481 1156 1763 1220; x_wconf 80' lang='lat' dir='ltr'><em>abbatem</em></span> <span class='ocrx_word' id='word_1_46' title='bbox 1795 1155 2215 1221; x_wconf 77' lang='lat' dir='ltr'><strong>Corbeiensem</strong></span> <span class='ocrx_word' id='word_1_47' title='bbox 2250 1153 2551 1235; x_wconf 74' lang='lat' dir='ltr'><strong>hortatwr,</strong></span> 
     </span>
     <span class='ocr_line' id='line_1_8' title="bbox 345 1271 1609 1359; baseline -0.001 -24"><span class='ocrx_word' id='word_1_48' title='bbox 345 1281 410 1335; x_wconf 77' lang='lat' dir='ltr'><strong>ut</strong></span> <span class='ocrx_word' id='word_1_49' title='bbox 448 1272 864 1336; x_wconf 74' lang='lat' dir='ltr'><strong>camerarium</strong></span> <span class='ocrx_word' id='word_1_50' title='bbox 907 1271 1280 1359; x_wconf 72' lang='lat' dir='ltr'><strong>infamatum</strong></span> <span class='ocrx_word' id='word_1_51' title='bbox 1327 1272 1609 1335; x_wconf 73' lang='lat' dir='ltr'><strong>dimittat.</strong></span> 
     </span>
     <span class='ocr_line' id='line_1_9' title="bbox 385 1399 2887 1490; baseline -0.004 -20"><span class='ocrx_word' id='word_1_52' title='bbox 385 1402 783 1470; x_wconf 78' lang='lat' dir='ltr'><strong>Innocentius</strong></span> <span class='ocrx_word' id='word_1_53' title='bbox 814 1404 1144 1490; x_wconf 90' lang='lat' dir='ltr'><strong>episcopus</strong></span> <span class='ocrx_word' id='word_1_54' title='bbox 1176 1424 1396 1470; x_wconf 77' lang='lat' dir='ltr'><strong>servus</strong></span> <span class='ocrx_word' id='word_1_55' title='bbox 1428 1422 1754 1469; x_wconf 86' lang='lat' dir='ltr'><strong>servorum</strong></span> <span class='ocrx_word' id='word_1_56' title='bbox 1784 1401 1907 1467; x_wconf 91' lang='lat' dir='ltr'><strong>Dei</strong></span> <span class='ocrx_word' id='word_1_57' title='bbox 1935 1400 2164 1467; x_wconf 87' lang='lat' dir='ltr'><strong>dilecto</strong></span> <span class='ocrx_word' id='word_1_58' title='bbox 2194 1399 2323 1467; x_wconf 89' lang='lat' dir='ltr'><strong>filio</strong></span> <span class='ocrx_word' id='word_1_59' title='bbox 2345 1399 2553 1482; x_wconf 86' lang='lat' dir='ltr'><strong>F(olc-</strong></span> <span class='ocrx_word' id='word_1_60' title='bbox 2575 1408 2887 1462; x_wconf 80' lang='lat'><strong>1133-1137</strong></span> 
     </span>
     <span class='ocr_line' id='line_1_10' title="bbox 234 1480 2817 1605; baseline -0 -22"><span class='ocrx_word' id='word_1_61' title='bbox 234 1519 407 1600; x_wconf 86' lang='lat' dir='ltr'><strong>maro)</strong></span> <span class='ocrx_word' id='word_1_62' title='bbox 453 1519 821 1586; x_wconf 89' lang='lat' dir='ltr'><strong>Corbeiensi</strong></span> <span class='ocrx_word' id='word_1_63' title='bbox 878 1519 1092 1586; x_wconf 89' lang='lat' dir='ltr'><strong>abbati</strong></span> <span class='ocrx_word' id='word_1_64' title='bbox 1147 1519 1416 1586; x_wconf 75' lang='lat' dir='ltr'><strong>salutem</strong></span> <span class='ocrx_word' id='word_1_65' title='bbox 1463 1524 1528 1585; x_wconf 93' lang='lat' dir='ltr'><strong>et</strong></span> <span class='ocrx_word' id='word_1_66' title='bbox 1573 1517 1986 1605; x_wconf 88' lang='lat' dir='ltr'><strong>apostolicam</strong></span> <span class='ocrx_word' id='word_1_67' title='bbox 2031 1516 2549 1584; x_wconf 79' lang='lat' dir='ltr'><strong>benedictionem.</strong></span> <span class='ocrx_word' id='word_1_68' title='bbox 2639 1480 2771 1527; x_wconf 48' lang='lat' dir='ltr'><strong>&#39;hb‘</strong></span> <span class='ocrx_word' id='word_1_69' title='bbox 2789 1482 2817 1527; x_wconf 76' lang='lat'>⁸</span> 
     </span>
     <span class='ocr_line' id='line_1_11' title="bbox 384 1632 2552 1720; baseline -0.001 -18"><span class='ocrx_word' id='word_1_70' title='bbox 384 1634 845 1719; x_wconf 87' lang='lat' dir='ltr'><strong>Religiosorum</strong></span> <span class='ocrx_word' id='word_1_71' title='bbox 888 1636 1171 1702; x_wconf 87' lang='lat' dir='ltr'><strong>virorum</strong></span> <span class='ocrx_word' id='word_1_72' title='bbox 1228 1641 1353 1719; x_wconf 87' lang='lat' dir='ltr'><strong>est,</strong></span> <span class='ocrx_word' id='word_1_73' title='bbox 1415 1635 1711 1701; x_wconf 85' lang='lat' dir='ltr'><strong>honestas</strong></span> <span class='ocrx_word' id='word_1_74' title='bbox 1769 1654 2071 1720; x_wconf 83' lang='lat' dir='ltr'><strong>personas</strong></span> <span class='ocrx_word' id='word_1_75' title='bbox 2130 1654 2243 1700; x_wconf 90' lang='lat' dir='ltr'><strong>suo</strong></span> <span class='ocrx_word' id='word_1_76' title='bbox 2290 1632 2552 1716; x_wconf 86' lang='lat' dir='ltr'><strong>collegio</strong></span> 
     </span>
     <span class='ocr_line' id='line_1_12' title="bbox 236 1749 2553 1837; baseline -0.001 -20"><span class='ocrx_word' id='word_1_77' title='bbox 236 1749 521 1835; x_wconf 83' lang='lat' dir='ltr'><strong>adhibere,</strong></span> <span class='ocrx_word' id='word_1_78' title='bbox 572 1772 841 1836; x_wconf 89' lang='lat' dir='ltr'><strong>quorum</strong></span> <span class='ocrx_word' id='word_1_79' title='bbox 874 1752 1284 1819; x_wconf 86' lang='lat' dir='ltr'><strong>contubernio</strong></span> <span class='ocrx_word' id='word_1_80' title='bbox 1314 1752 1576 1817; x_wconf 86' lang='lat' dir='ltr'><strong>minime</strong></span> <span class='ocrx_word' id='word_1_81' title='bbox 1605 1750 2008 1817; x_wconf 77' lang='lat' dir='ltr'><strong>infamentur.</strong></span> <span class='ocrx_word' id='word_1_82' title='bbox 2079 1749 2261 1817; x_wconf 86' lang='lat' dir='ltr'><strong>Unde</strong></span> <span class='ocrx_word' id='word_1_83' title='bbox 2290 1749 2553 1837; x_wconf 89' lang='lat' dir='ltr'><strong>psalmi-</strong></span> 
     </span>
     <span class='ocr_line' id='line_1_13' title="bbox 231 1863 2553 1949; baseline -0.001 -14"><span class='ocrx_word' id='word_1_84' title='bbox 231 1867 415 1949; x_wconf 72' lang='lat' dir='ltr'><strong>grafus</strong></span> <span class='ocrx_word' id='word_1_85' title='bbox 459 1873 643 1934; x_wconf 75' lang='lat' dir='ltr'><strong>vates</strong></span> <span class='ocrx_word' id='word_1_86' title='bbox 687 1869 886 1935; x_wconf 81' lang='lat' dir='ltr'><strong>canit:</strong></span> <span class='ocrx_word' id='word_1_87' title='bbox 937 1870 1278 1935; x_wconf 78' lang='lat' dir='ltr'><strong>Ambulans</strong></span> <span class='ocrx_word' id='word_1_88' title='bbox 1322 1871 1389 1933; x_wconf 76' lang='lat' dir='ltr'><strong>in</strong></span> <span class='ocrx_word' id='word_1_89' title='bbox 1433 1870 1536 1933; x_wconf 79' lang='lat' dir='ltr'><strong>via</strong></span> <span class='ocrx_word' id='word_1_90' title='bbox 1579 1868 1998 1949; x_wconf 69' lang='lat' dir='ltr'><strong>imaculata,</strong></span> <span class='ocrx_word' id='word_1_91' title='bbox 2019 1863 2146 1933; x_wconf 74' lang='lat' dir='ltr'><strong>‘hic</strong></span> <span class='ocrx_word' id='word_1_92' title='bbox 2188 1868 2343 1933; x_wconf 72' lang='lat' dir='ltr'><strong>mihi</strong></span> <span class='ocrx_word' id='word_1_93' title='bbox 2368 1870 2553 1933; x_wconf 72' lang='lat' dir='ltr'><strong>mini-</strong></span> 
     </span>
     <span class='ocr_line' id='line_1_14' title="bbox 230 1981 2553 2069; baseline -0 -19"><span class='ocrx_word' id='word_1_94' title='bbox 230 1987 434 2050; x_wconf 66' lang='lat' dir='ltr'><strong>stu-abac</strong></span> <span class='ocrx_word' id='word_1_95' title='bbox 452 1981 486 2049; x_wconf 89' lang='lat'><strong>¹.</strong></span> <span class='ocrx_word' id='word_1_96' title='bbox 582 1984 670 2051; x_wconf 89' lang='lat' dir='ltr'><strong>Et</strong></span> <span class='ocrx_word' id='word_1_97' title='bbox 724 1984 1022 2069; x_wconf 90' lang='lat' dir='ltr'><strong>quoniam</strong></span> <span class='ocrx_word' id='word_1_98' title='bbox 1067 1983 1146 2049; x_wconf 92' lang='lat' dir='ltr'><strong>de</strong></span> <span class='ocrx_word' id='word_1_99' title='bbox 1193 1983 1466 2069; x_wconf 90' lang='lat' dir='ltr'><strong>quodam</strong></span> <span class='ocrx_word' id='word_1_100' title='bbox 1511 1982 1889 2065; x_wconf 87' lang='lat' dir='ltr'><strong>camerari0‚</strong></span> <span class='ocrx_word' id='word_1_101' title='bbox 1948 2002 2135 2068; x_wconf 90' lang='lat' dir='ltr'><strong>quem</strong></span> <span class='ocrx_word' id='word_1_102' title='bbox 2178 1983 2411 2050; x_wconf 91' lang='lat' dir='ltr'><strong>habere</strong></span> <span class='ocrx_word' id='word_1_103' title='bbox 2457 1982 2553 2049; x_wconf 91' lang='lat' dir='ltr'><strong>di-</strong></span> 
     </span>
     <span class='ocr_line' id='line_1_15' title="bbox 231 2098 2556 2186; baseline 0.001 -23"><span class='ocrx_word' id='word_1_104' title='bbox 231 2099 383 2183; x_wconf 72' lang='lat' dir='ltr'><strong>ceriS,</strong></span> <span class='ocrx_word' id='word_1_105' title='bbox 426 2099 637 2167; x_wconf 86' lang='lat' dir='ltr'><strong>multa</strong></span> <span class='ocrx_word' id='word_1_106' title='bbox 679 2100 938 2166; x_wconf 87' lang='lat' dir='ltr'><strong>sinistra</strong></span> <span class='ocrx_word' id='word_1_107' title='bbox 975 2100 1209 2166; x_wconf 84' lang='lat' dir='ltr'><strong>nostris</strong></span> <span class='ocrx_word' id='word_1_108' title='bbox 1242 2106 1389 2166; x_wconf 90' lang='lat' dir='ltr'><strong>sunt</strong></span> <span class='ocrx_word' id='word_1_109' title='bbox 1419 2099 1676 2165; x_wconf 87' lang='lat' dir='ltr'><strong>auribus</strong></span> <span class='ocrx_word' id='word_1_110' title='bbox 1705 2098 2016 2182; x_wconf 84' lang='lat' dir='ltr'><strong>nuntiata,</strong></span> <span class='ocrx_word' id='word_1_111' title='bbox 2061 2119 2177 2185; x_wconf 89' lang='lat' dir='ltr'><strong>per</strong></span> <span class='ocrx_word' id='word_1_112' title='bbox 2209 2098 2556 2186; x_wconf 85' lang='lat' dir='ltr'><strong>apostolica</strong></span> 
     </span>
     <span class='ocr_line' id='line_1_16' title="bbox 231 2215 2553 2302; baseline 0.001 -23"><span class='ocrx_word' id='word_1_113' title='bbox 231 2216 439 2302; x_wconf 84' lang='lat' dir='ltr'><strong>scripta</strong></span> <span class='ocrx_word' id='word_1_114' title='bbox 480 2216 605 2282; x_wconf 90' lang='lat' dir='ltr'><strong>tibi</strong></span> <span class='ocrx_word' id='word_1_115' title='bbox 649 2217 1023 2282; x_wconf 87' lang='lat' dir='ltr'><strong>mandamus</strong></span> <span class='ocrx_word' id='word_1_116' title='bbox 1070 2220 1258 2301; x_wconf 90' lang='lat' dir='ltr'><strong>atque</strong></span> <span class='ocrx_word' id='word_1_117' title='bbox 1293 2215 1708 2301; x_wconf 16' lang='lat' dir='ltr'><strong>«precipimus,</strong></span> <span class='ocrx_word' id='word_1_118' title='bbox 1757 2218 2063 2300; x_wconf 88' lang='lat' dir='ltr'><strong>quatenus</strong></span> <span class='ocrx_word' id='word_1_119' title='bbox 2094 2215 2306 2301; x_wconf 89' lang='lat' dir='ltr'><strong>ipsum</strong></span> <span class='ocrx_word' id='word_1_120' title='bbox 2338 2216 2377 2281; x_wconf 78' lang='lat' dir='ltr'><strong>a</strong></span> <span class='ocrx_word' id='word_1_121' title='bbox 2406 2235 2553 2281; x_wconf 90' lang='lat' dir='ltr'><strong>con-</strong></span> 
     </span>
     <span class='ocr_line' id='line_1_17' title="bbox 230 2331 2554 2417; baseline 0 -22"><span class='ocrx_word' id='word_1_122' title='bbox 230 2332 396 2398; x_wconf 83' lang='lat' dir='ltr'><strong>sortio</strong></span> <span class='ocrx_word' id='word_1_123' title='bbox 451 2337 567 2399; x_wconf 87' lang='lat' dir='ltr'><strong>tuo</strong></span> <span class='ocrx_word' id='word_1_124' title='bbox 624 2353 916 2399; x_wconf 82' lang='lat' dir='ltr'><strong>amoveas</strong></span> <span class='ocrx_word' id='word_1_125' title='bbox 977 2338 1042 2398; x_wconf 89' lang='lat' dir='ltr'><strong>et</strong></span> <span class='ocrx_word' id='word_1_126' title='bbox 1097 2337 1231 2397; x_wconf 89' lang='lat' dir='ltr'><strong>tam</strong></span> <span class='ocrx_word' id='word_1_127' title='bbox 1290 2331 1617 2397; x_wconf 87' lang='lat' dir='ltr'><strong>honestam</strong></span> <span class='ocrx_word' id='word_1_128' title='bbox 1677 2331 2161 2416; x_wconf 81' lang='lat' dir='ltr'><strong>religiosamque</strong></span> <span class='ocrx_word' id='word_1_129' title='bbox 2215 2350 2554 2417; x_wconf 86' lang='lat' dir='ltr'><strong>personam</strong></span> 
     </span>
     <span class='ocr_line' id='line_1_18' title="bbox 229 2446 2551 2533; baseline 0.001 -22"><span class='ocrx_word' id='word_1_130' title='bbox 229 2447 338 2513; x_wconf 84' lang='lat' dir='ltr'><strong>eius</strong></span> <span class='ocrx_word' id='word_1_131' title='bbox 379 2448 517 2516; x_wconf 87' lang='lat' dir='ltr'><strong>loco</strong></span> <span class='ocrx_word' id='word_1_132' title='bbox 565 2448 931 2532; x_wconf 85' lang='lat' dir='ltr'><strong>substituas,</strong></span> <span class='ocrx_word' id='word_1_133' title='bbox 980 2449 1058 2514; x_wconf 90' lang='lat' dir='ltr'><strong>de</strong></span> <span class='ocrx_word' id='word_1_134' title='bbox 1104 2448 1280 2513; x_wconf 85' lang='lat' dir='ltr'><strong>cuius</strong></span> <span class='ocrx_word' id='word_1_135' title='bbox 1312 2447 1787 2514; x_wconf 85' lang='lat' dir='ltr'><strong>conversatione</strong></span> <span class='ocrx_word' id='word_1_136' title='bbox 1818 2448 2211 2533; x_wconf 87' lang='lat' dir='ltr'><strong>omnipotens</strong></span> <span class='ocrx_word' id='word_1_137' title='bbox 2243 2446 2551 2513; x_wconf 87' lang='lat' dir='ltr'><strong>Dominus</strong></span> 
     </span>
     <span class='ocr_line' id='line_1_19' title="bbox 229 2560 2552 2653; baseline 0.002 -27"><span class='ocrx_word' id='word_1_138' title='bbox 229 2560 543 2633; x_wconf 87' lang='lat' dir='ltr'><strong>honoretur</strong></span> <span class='ocrx_word' id='word_1_139' title='bbox 591 2570 655 2632; x_wconf 90' lang='lat' dir='ltr'><strong>et</strong></span> <span class='ocrx_word' id='word_1_140' title='bbox 698 2566 869 2632; x_wconf 85' lang='lat' dir='ltr'><strong>fama</strong></span> <span class='ocrx_word' id='word_1_141' title='bbox 912 2570 1024 2631; x_wconf 88' lang='lat' dir='ltr'><strong>tua</strong></span> <span class='ocrx_word' id='word_1_142' title='bbox 1067 2563 1202 2632; x_wconf 88' lang='lat' dir='ltr'><strong>Deo</strong></span> <span class='ocrx_word' id='word_1_143' title='bbox 1249 2564 1534 2653; x_wconf 89' lang='lat' dir='ltr'><strong>propicio</strong></span> <span class='ocrx_word' id='word_1_144' title='bbox 1581 2563 1905 2631; x_wconf 79' lang='lat' dir='ltr'><strong>occasione</strong></span> <span class='ocrx_word' id='word_1_145' title='bbox 1950 2563 2208 2631; x_wconf 88' lang='lat' dir='ltr'><strong>huiusce</strong></span> <span class='ocrx_word' id='word_1_146' title='bbox 2242 2564 2414 2631; x_wconf 92' lang='lat' dir='ltr'><strong>modi</strong></span> <span class='ocrx_word' id='word_1_147' title='bbox 2442 2585 2552 2631; x_wconf 91' lang='lat' dir='ltr'><strong>ne-</strong></span> 
     </span>
     <span class='ocr_line' id='line_1_20' title="bbox 228 2680 2553 2766; baseline 0.001 -21"><span class='ocrx_word' id='word_1_148' title='bbox 228 2699 515 2766; x_wconf 85' lang='lat' dir='ltr'><strong>quaquam</strong></span> <span class='ocrx_word' id='word_1_149' title='bbox 562 2681 829 2748; x_wconf 87' lang='lat' dir='ltr'><strong>ulterius</strong></span> <span class='ocrx_word' id='word_1_150' title='bbox 877 2682 1259 2766; x_wconf 87' lang='lat' dir='ltr'><strong>denigretur.</strong></span> <span class='ocrx_word' id='word_1_151' title='bbox 1346 2682 1482 2748; x_wconf 88' lang='lat' dir='ltr'><strong>Tua</strong></span> <span class='ocrx_word' id='word_1_152' title='bbox 1525 2682 1740 2766; x_wconf 86' lang='lat' dir='ltr'><strong>itaque</strong></span> <span class='ocrx_word' id='word_1_153' title='bbox 1786 2680 2080 2765; x_wconf 88' lang='lat' dir='ltr'><strong>interest,</strong></span> <span class='ocrx_word' id='word_1_154' title='bbox 2128 2681 2322 2747; x_wconf 89' lang='lat' dir='ltr'><strong>talem</strong></span> <span class='ocrx_word' id='word_1_155' title='bbox 2366 2686 2428 2747; x_wconf 84' lang='lat' dir='ltr'><strong>te</strong></span> <span class='ocrx_word' id='word_1_156' title='bbox 2475 2681 2553 2747; x_wconf 90' lang='lat' dir='ltr'><strong>de</strong></span> 
     </span>
     <span class='ocr_line' id='line_1_21' title="bbox 225 2795 2553 2882; baseline 0.001 -21"><span class='ocrx_word' id='word_1_157' title='bbox 225 2801 405 2863; x_wconf 85' lang='lat' dir='ltr'><strong>cetero</strong></span> <span class='ocrx_word' id='word_1_158' title='bbox 452 2797 775 2882; x_wconf 73' lang='lat' dir='ltr'><strong>exhibere,</strong></span> <span class='ocrx_word' id='word_1_159' title='bbox 822 2798 916 2863; x_wconf 89' lang='lat' dir='ltr'><strong>ita</strong></span> <span class='ocrx_word' id='word_1_160' title='bbox 961 2798 1041 2864; x_wconf 91' lang='lat' dir='ltr'><strong>ad</strong></span> <span class='ocrx_word' id='word_1_161' title='bbox 1086 2798 1551 2865; x_wconf 87' lang='lat' dir='ltr'><strong>reformandam</strong></span> <span class='ocrx_word' id='word_1_162' title='bbox 1597 2795 1967 2881; x_wconf 87' lang='lat' dir='ltr'><strong>religionem</strong></span> <span class='ocrx_word' id='word_1_163' title='bbox 2006 2797 2349 2863; x_wconf 86' lang='lat' dir='ltr'><strong>instantius</strong></span> <span class='ocrx_word' id='word_1_164' title='bbox 2376 2796 2553 2863; x_wconf 87' lang='lat' dir='ltr'><strong>labo-</strong></span> 
     </span>
     <span class='ocr_line' id='line_1_22' title="bbox 226 2914 2553 3000; baseline -0 -21"><span class='ocrx_word' id='word_1_165' title='bbox 226 2931 363 2997; x_wconf 82' lang='lat' dir='ltr'><strong>rare,</strong></span> <span class='ocrx_word' id='word_1_166' title='bbox 406 2920 479 2980; x_wconf 89' lang='lat' dir='ltr'><strong>ut</strong></span> <span class='ocrx_word' id='word_1_167' title='bbox 528 2914 792 2980; x_wconf 87' lang='lat' dir='ltr'><strong>sinistra</strong></span> <span class='ocrx_word' id='word_1_168' title='bbox 834 2914 1023 2997; x_wconf 81' lang='lat' dir='ltr'><strong>fama,</strong></span> <span class='ocrx_word' id='word_1_169' title='bbox 1072 2935 1232 3000; x_wconf 88' lang='lat' dir='ltr'><strong>quae</strong></span> <span class='ocrx_word' id='word_1_170' title='bbox 1277 2934 1391 3000; x_wconf 88' lang='lat' dir='ltr'><strong>pro</strong></span> <span class='ocrx_word' id='word_1_171' title='bbox 1437 2915 1623 2981; x_wconf 93' lang='lat' dir='ltr'><strong>huius</strong></span> <span class='ocrx_word' id='word_1_172' title='bbox 1654 2914 1828 2980; x_wconf 92' lang='lat' dir='ltr'><strong>modi</strong></span> <span class='ocrx_word' id='word_1_173' title='bbox 1859 2914 2028 2999; x_wconf 88' lang='lat' dir='ltr'><strong>apud</strong></span> <span class='ocrx_word' id='word_1_174' title='bbox 2057 2914 2270 2980; x_wconf 89' lang='lat' dir='ltr'><strong>sedem</strong></span> <span class='ocrx_word' id='word_1_175' title='bbox 2303 2918 2553 2999; x_wconf 88' lang='lat' dir='ltr'><strong>aposto-</strong></span> 
     </span>
     <span class='ocr_line' id='line_1_23' title="bbox 221 3024 2552 3114; baseline 0.001 -23"><span class='ocrx_word' id='word_1_176' title='bbox 221 3024 385 3095; x_wconf 82' lang='lat' dir='ltr'><strong>licam</strong></span> <span class='ocrx_word' id='word_1_177' title='bbox 427 3030 730 3114; x_wconf 87' lang='lat' dir='ltr'><strong>innotuit,</strong></span> <span class='ocrx_word' id='word_1_178' title='bbox 778 3030 936 3096; x_wconf 89' lang='lat' dir='ltr'><strong>bone</strong></span> <span class='ocrx_word' id='word_1_179' title='bbox 981 3031 1472 3097; x_wconf 88' lang='lat' dir='ltr'><strong>conversationis</strong></span> <span class='ocrx_word' id='word_1_180' title='bbox 1520 3030 1744 3097; x_wconf 89' lang='lat' dir='ltr'><strong>studiis</strong></span> <span class='ocrx_word' id='word_1_181' title='bbox 1792 3030 2190 3114; x_wconf 84' lang='lat' dir='ltr'><strong>abstergatur</strong></span> <span class='ocrx_word' id='word_1_182' title='bbox 2236 3035 2299 3095; x_wconf 87' lang='lat' dir='ltr'><strong>et</strong></span> <span class='ocrx_word' id='word_1_183' title='bbox 2327 3050 2441 3095; x_wconf 90' lang='lat' dir='ltr'><strong>nos</strong></span> <span class='ocrx_word' id='word_1_184' title='bbox 2473 3029 2552 3095; x_wconf 92' lang='lat' dir='ltr'><strong>de</strong></span> 
     </span>
    </p>
   </div>
   <div class='ocr_carea' id='block_1_5' title="bbox 224 3143 2546 3233">
    <p class='ocr_par' dir='ltr' id='par_1_7' title="bbox 224 3143 2546 3233">
     <span class='ocr_line' id='line_1_24' title="bbox 224 3143 2546 3233; baseline 0 -23"><span class='ocrx_word' id='word_1_185' title='bbox 224 3143 328 3210; x_wconf 82' lang='lat' dir='ltr'><strong>tuis</strong></span> <span class='ocrx_word' id='word_1_186' title='bbox 372 3146 729 3213; x_wconf 88' lang='lat' dir='ltr'><strong>actionibus</strong></span> <span class='ocrx_word' id='word_1_187' title='bbox 774 3146 1045 3229; x_wconf 88' lang='lat' dir='ltr'><strong>gaudere</strong></span> <span class='ocrx_word' id='word_1_188' title='bbox 1089 3147 1423 3233; x_wconf 86' lang='lat' dir='ltr'><strong>possimus.</strong></span> <span class='ocrx_word' id='word_1_189' title='bbox 1494 3145 1665 3212; x_wconf 87' lang='lat' dir='ltr'><strong>Data</strong></span> <span class='ocrx_word' id='word_1_190' title='bbox 1706 3145 1871 3212; x_wconf 85' lang='lat' dir='ltr'><strong>Pisis</strong></span> <span class='ocrx_word' id='word_1_191' title='bbox 1920 3148 1960 3212; x_wconf 89' lang='grc'>6</span> <span class='ocrx_word' id='word_1_192' title='bbox 2007 3145 2153 3212; x_wconf 88' lang='lat' dir='ltr'><strong>Idus</strong></span> <span class='ocrx_word' id='word_1_193' title='bbox 2199 3144 2546 3212; x_wconf 88' lang='lat' dir='ltr'><strong>Februarii.</strong></span> 
     </span>
    </p>
   </div>
   <div class='ocr_carea' id='block_1_6' title="bbox 1170 3288 1591 3297">
    <p class='ocr_par' dir='ltr' id='par_1_8' title="bbox 1170 3288 1591 3297">
     <span class='ocr_line' id='line_1_25' title="bbox 1170 3288 1591 3297; baseline 0 1945"><span class='ocrx_word' id='word_1_194' title='bbox 1170 3288 1591 3297; x_wconf 95' lang='lat' dir='ltr'><strong> </strong></span> 
     </span>
    </p>
   </div>
   <div class='ocr_carea' id='block_1_7' title="bbox 225 3352 2826 4157">
    <p class='ocr_par' dir='ltr' id='par_1_9' title="bbox 225 3352 2826 4157">
     <span class='ocr_line' id='line_1_26' title="bbox 225 3352 2553 3457; baseline 0.001 -25"><span class='ocrx_word' id='word_1_195' title='bbox 225 3360 283 3431; x_wconf 88' lang='grc'><strong>4.</strong></span> <span class='ocrx_word' id='word_1_196' title='bbox 337 3368 678 3434; x_wconf 74' lang='lat' dir='ltr'><strong>Locharius</strong></span> <span class='ocrx_word' id='word_1_197' title='bbox 722 3371 1060 3457; x_wconf 80' lang='lat' dir='ltr'><strong>imperator</strong></span> <span class='ocrx_word' id='word_1_198' title='bbox 1093 3371 1445 3437; x_wconf 78' lang='lat' dir='ltr'><strong>Casinenses</strong></span> <span class='ocrx_word' id='word_1_199' title='bbox 1485 3352 1857 3451; x_wconf 75' lang='lat' dir='ltr'><strong>cohortatur,</strong></span> <span class='ocrx_word' id='word_1_200' title='bbox 1895 3382 1964 3435; x_wconf 79' lang='lat' dir='ltr'><strong>ut</strong></span> <span class='ocrx_word' id='word_1_201' title='bbox 1991 3370 2200 3435; x_wconf 80' lang='lat' dir='ltr'><strong>relicto</strong></span> <span class='ocrx_word' id='word_1_202' title='bbox 2231 3369 2553 3435; x_wconf 73' lang='lat' dir='ltr'><strong>schismate</strong></span> 
     </span>
     <span class='ocr_line' id='line_1_27' title="bbox 339 3484 2553 3573; baseline 0.001 -24"><span class='ocrx_word' id='word_1_203' title='bbox 339 3484 760 3550; x_wconf 71' lang='lat' dir='ltr'><strong>Innocentium</strong></span> <span class='ocrx_word' id='word_1_204' title='bbox 793 3485 867 3552; x_wconf 84' lang='lat' dir='ltr'><strong>II</strong></span> <span class='ocrx_word' id='word_1_205' title='bbox 895 3497 1247 3573; x_wconf 73' lang='lat' dir='ltr'><strong>sequantur.</strong></span> <span class='ocrx_word' id='word_1_206' title='bbox 1312 3486 1736 3552; x_wconf 66' lang='lat' dir='ltr'><strong>Senior-ectum</strong></span> <span class='ocrx_word' id='word_1_207' title='bbox 1782 3488 2061 3553; x_wconf 80' lang='lat' dir='ltr'><strong>abbatem</strong></span> <span class='ocrx_word' id='word_1_208' title='bbox 2108 3486 2195 3549; x_wconf 89' lang='lat' dir='ltr'><strong>ad</strong></span> <span class='ocrx_word' id='word_1_209' title='bbox 2236 3509 2301 3550; x_wconf 78' lang='lat' dir='ltr'><strong>se</strong></span> <span class='ocrx_word' id='word_1_210' title='bbox 2345 3488 2553 3551; x_wconf 80' lang='lat' dir='ltr'><strong>venire</strong></span> 
     </span>
     <span class='ocr_line' id='line_1_28' title="bbox 333 3595 553 3666; baseline -0.014 1"><span class='ocrx_word' id='word_1_211' title='bbox 333 3599 493 3666; x_wconf 69' lang='lat' dir='ltr'><strong>ww</strong></span> <span class='ocrx_word' id='word_1_212' title='bbox 506 3595 553 3664; x_wconf 86' lang='lat'><strong>².</strong></span> 
     </span>
     <span class='ocr_line' id='line_1_29' title="bbox 372 3721 2782 3809; baseline -0.001 -18"><span class='ocrx_word' id='word_1_213' title='bbox 372 3722 768 3805; x_wconf 88' lang='lat' dir='ltr'><strong>Loth(arius)</strong></span> <span class='ocrx_word' id='word_1_214' title='bbox 792 3721 912 3789; x_wconf 90' lang='lat' dir='ltr'><strong>Dei</strong></span> <span class='ocrx_word' id='word_1_215' title='bbox 934 3724 1141 3806; x_wconf 86' lang='lat' dir='ltr'><strong>gratia</strong></span> <span class='ocrx_word' id='word_1_216' title='bbox 1159 3722 1583 3789; x_wconf 89' lang='lat' dir='ltr'><strong>Romanorum</strong></span> <span class='ocrx_word' id='word_1_217' title='bbox 1604 3723 1950 3809; x_wconf 88' lang='lat' dir='ltr'><strong>imperator</strong></span> <span class='ocrx_word' id='word_1_218' title='bbox 1973 3729 2276 3806; x_wconf 87' lang='lat' dir='ltr'><strong>augustus</strong></span> <span class='ocrx_word' id='word_1_219' title='bbox 2299 3723 2552 3790; x_wconf 86' lang='lat' dir='ltr'><strong>univer·</strong></span> <span class='ocrx_word' id='word_1_220' title='bbox 2645 3737 2782 3789; x_wconf 84' lang='lat'><strong>1136</strong></span> 
     </span>
     <span class='ocr_line' id='line_1_30' title="bbox 226 3808 2826 3923; baseline 0.001 -21"><span class='ocrx_word' id='word_1_221' title='bbox 226 3836 296 3901; x_wconf 74' lang='lat' dir='ltr'><strong>sis</strong></span> <span class='ocrx_word' id='word_1_222' title='bbox 320 3839 625 3905; x_wconf 84' lang='lat' dir='ltr'><strong>fratribus</strong></span> <span class='ocrx_word' id='word_1_223' title='bbox 658 3838 875 3905; x_wconf 84' lang='lat' dir='ltr'><strong>Sancti</strong></span> <span class='ocrx_word' id='word_1_224' title='bbox 894 3834 1254 3906; x_wconf 84' lang='lat' dir='ltr'><strong>Benedicti⁸</strong></span> <span class='ocrx_word' id='word_1_225' title='bbox 1277 3839 1547 3923; x_wconf 86' lang='lat' dir='ltr'><strong>gratiam</strong></span> <span class='ocrx_word' id='word_1_226' title='bbox 1579 3858 1759 3905; x_wconf 89' lang='lat' dir='ltr'><strong>suam</strong></span> <span class='ocrx_word' id='word_1_227' title='bbox 1791 3843 1855 3904; x_wconf 89' lang='lat' dir='ltr'><strong>et</strong></span> <span class='ocrx_word' id='word_1_228' title='bbox 1884 3839 2114 3905; x_wconf 89' lang='lat' dir='ltr'><strong>bonam</strong></span> <span class='ocrx_word' id='word_1_229' title='bbox 2136 3839 2547 3906; x_wconf 86' lang='lat' dir='ltr'><strong>voluntatem.</strong></span> <span class='ocrx_word' id='word_1_230' title='bbox 2586 3810 2712 3868; x_wconf 35' lang='lat'>⁸⁰¹³&amp;</span> <span class='ocrx_word' id='word_1_231' title='bbox 2729 3808 2826 3855; x_wconf 47' lang='lat'><strong>⁰⁰*</strong></span> 
     </span>
     <span class='ocr_line' id='line_1_31' title="bbox 375 3953 2551 4040; baseline 0 -18"><span class='ocrx_word' id='word_1_232' title='bbox 375 3955 481 4022; x_wconf 84' lang='lat' dir='ltr'><strong>Ex</strong></span> <span class='ocrx_word' id='word_1_233' title='bbox 542 3955 802 4040; x_wconf 87' lang='lat' dir='ltr'><strong>antiquo</strong></span> <span class='ocrx_word' id='word_1_234' title='bbox 860 3954 1124 4022; x_wconf 87' lang='lat' dir='ltr'><strong>ecclesia</strong></span> <span class='ocrx_word' id='word_1_235' title='bbox 1179 3959 1392 4021; x_wconf 86' lang='lat' dir='ltr'><strong>vestra</strong></span> <span class='ocrx_word' id='word_1_236' title='bbox 1446 3974 1676 4021; x_wconf 91' lang='lat' dir='ltr'><strong>nomen</strong></span> <span class='ocrx_word' id='word_1_237' title='bbox 1730 3953 2052 4038; x_wconf 88' lang='lat' dir='ltr'><strong>religionis</strong></span> <span class='ocrx_word' id='word_1_238' title='bbox 2109 3954 2332 4021; x_wconf 91' lang='lat' dir='ltr'><strong>habuit</strong></span> <span class='ocrx_word' id='word_1_239' title='bbox 2388 3976 2551 4022; x_wconf 89' lang='lat' dir='ltr'><strong>sem-</strong></span> 
     </span>
     <span class='ocr_line' id='line_1_32' title="bbox 225 4070 2545 4157; baseline 0 -22"><span class='ocrx_word' id='word_1_240' title='bbox 225 4085 437 4157; x_wconf 85' lang='lat' dir='ltr'><strong>perque</strong></span> <span class='ocrx_word' id='word_1_241' title='bbox 468 4077 727 4139; x_wconf 87' lang='lat' dir='ltr'><strong>sanctae</strong></span> <span class='ocrx_word' id='word_1_242' title='bbox 758 4071 1250 4138; x_wconf 87' lang='lat' dir='ltr'><strong>conversationis</strong></span> <span class='ocrx_word' id='word_1_243' title='bbox 1282 4070 1639 4156; x_wconf 85' lang='lat' dir='ltr'><strong>exemplum</strong></span> <span class='ocrx_word' id='word_1_244' title='bbox 1673 4076 1736 4137; x_wconf 92' lang='lat' dir='ltr'><strong>et</strong></span> <span class='ocrx_word' id='word_1_245' title='bbox 1762 4071 2032 4137; x_wconf 81' lang='lat' dir='ltr'><strong>formam</strong></span> <span class='ocrx_word' id='word_1_246' title='bbox 2063 4070 2204 4136; x_wconf 90' lang='lat' dir='ltr'><strong>aliis</strong></span> <span class='ocrx_word' id='word_1_247' title='bbox 2235 4072 2545 4157; x_wconf 87' lang='lat' dir='ltr'><strong>praebuit.</strong></span> 
     </span>
    </p>
   </div>
   <div class='ocr_carea' id='block_1_8' title="bbox 228 4204 2550 4617">
    <p class='ocr_par' dir='ltr' id='par_1_10' title="bbox 228 4204 2548 4345">
     <span class='ocr_line' id='line_1_33' title="bbox 344 4204 2548 4267; baseline -0 -16"><span class='ocrx_word' id='word_1_248' title='bbox 344 4217 385 4251; x_wconf 71' lang='grc' dir='ltr'><strong>ι.</strong></span> <span class='ocrx_word' id='word_1_249' title='bbox 416 4206 529 4252; x_wconf 78' lang='lat' dir='ltr'><strong>dum</strong></span> <span class='ocrx_word' id='word_1_250' title='bbox 559 4205 633 4252; x_wconf 77' lang='lat' dir='ltr'><strong>ed.</strong></span> <span class='ocrx_word' id='word_1_251' title='bbox 726 4204 772 4251; x_wconf 89' lang='lat' dir='ltr'><strong>b.</strong></span> <span class='ocrx_word' id='word_1_252' title='bbox 804 4223 862 4252; x_wconf 71' lang='lat' dir='ltr'><strong>ex</strong></span> <span class='ocrx_word' id='word_1_253' title='bbox 895 4205 1052 4252; x_wconf 69' lang='lat' dir='ltr'><strong>codice</strong></span> <span class='ocrx_word' id='word_1_254' title='bbox 1079 4207 1320 4253; x_wconf 67' lang='lat' dir='ltr'><strong>casinensi</strong></span> <span class='ocrx_word' id='word_1_255' title='bbox 1347 4205 1492 4250; x_wconf 70' lang='lat' dir='ltr'><strong>edidis</strong></span> <span class='ocrx_word' id='word_1_256' title='bbox 1515 4205 1717 4267; x_wconf 68' lang='lat' dir='ltr'><strong>Angelus</strong></span> <span class='ocrx_word' id='word_1_257' title='bbox 1745 4205 1802 4250; x_wconf 74' lang='lat' dir='ltr'><strong>de</strong></span> <span class='ocrx_word' id='word_1_258' title='bbox 1829 4205 1979 4250; x_wconf 69' lang='lat' dir='ltr'><strong>Nuce.-</strong></span> <span class='ocrx_word' id='word_1_259' title='bbox 2013 4204 2239 4252; x_wconf 69' lang='lat' dir='ltr'><strong>Chronica</strong></span> <span class='ocrx_word' id='word_1_260' title='bbox 2270 4206 2548 4257; x_wconf 67' lang='lat' dir='ltr'><strong>Catinensis,</strong></span> 
     </span>
     <span class='ocr_line' id='line_1_34' title="bbox 228 4280 726 4345; baseline 0.014 -20"><span class='ocrx_word' id='word_1_261' title='bbox 228 4280 265 4325; x_wconf 63' lang='lat'><strong>&#39;-</strong></span> <span class='ocrx_word' id='word_1_262' title='bbox 292 4286 550 4344; x_wconf 64' lang='lat' dir='ltr'><strong>appendicis</strong></span> <span class='ocrx_word' id='word_1_263' title='bbox 580 4303 630 4345; x_wconf 81' lang='lat' dir='ltr'><strong>p.</strong></span> <span class='ocrx_word' id='word_1_264' title='bbox 649 4286 726 4331; x_wconf 76' lang='lat'><strong>24.</strong></span> 
     </span>
    </p>

    <p class='ocr_par' dir='ltr' id='par_1_11' title="bbox 228 4368 2550 4617">
     <span class='ocr_line' id='line_1_35' title="bbox 348 4368 2550 4439; baseline -0.001 -14"><span class='ocrx_word' id='word_1_265' title='bbox 348 4372 396 4425; x_wconf 85' lang='lat' dir='ltr'><strong>l.</strong></span> <span class='ocrx_word' id='word_1_266' title='bbox 432 4371 528 4427; x_wconf 89' lang='lat' dir='ltr'><strong>Ps.</strong></span> <span class='ocrx_word' id='word_1_267' title='bbox 554 4372 678 4439; x_wconf 88' lang='lat'><strong>100,</strong></span> <span class='ocrx_word' id='word_1_268' title='bbox 701 4372 753 4425; x_wconf 90' lang='grc'><strong>6.</strong></span> <span class='ocrx_word' id='word_1_269' title='bbox 896 4372 948 4426; x_wconf 77' lang='lat'><strong>2.</strong></span> <span class='ocrx_word' id='word_1_270' title='bbox 986 4370 1144 4426; x_wconf 85' lang='lat' dir='ltr'><strong>Hanc</strong></span> <span class='ocrx_word' id='word_1_271' title='bbox 1178 4369 1471 4439; x_wconf 86' lang='lat' dir='ltr'><strong>epistolam</strong></span> <span class='ocrx_word' id='word_1_272' title='bbox 1505 4370 1766 4438; x_wconf 83' lang='lat' dir='ltr'><strong>scriptam</strong></span> <span class='ocrx_word' id='word_1_273' title='bbox 1803 4383 1927 4425; x_wconf 82' lang='lat' dir='ltr'><strong>esse</strong></span> <span class='ocrx_word' id='word_1_274' title='bbox 1961 4374 2268 4439; x_wconf 83' lang='lat' dir='ltr'><strong>„tempore‚</strong></span> <span class='ocrx_word' id='word_1_275' title='bbox 2305 4384 2417 4439; x_wconf 87' lang='lat' dir='ltr'><strong>quo</strong></span> <span class='ocrx_word' id='word_1_276' title='bbox 2452 4368 2550 4423; x_wconf 87' lang='lat' dir='ltr'><strong>im·</strong></span> 
     </span>
     <span class='ocr_line' id='line_1_36' title="bbox 228 4456 2547 4528; baseline -0.002 -13"><span class='ocrx_word' id='word_1_277' title='bbox 228 4466 423 4523; x_wconf 69' lang='lat' dir='ltr'><strong>perator</strong></span> <span class='ocrx_word' id='word_1_278' title='bbox 458 4460 794 4516; x_wconf 79' lang='lat' dir='ltr'><strong>transcensis</strong></span> <span class='ocrx_word' id='word_1_279' title='bbox 821 4458 1060 4528; x_wconf 85' lang='lat' dir='ltr'><strong>Alpibus</strong></span> <span class='ocrx_word' id='word_1_280' title='bbox 1094 4459 1324 4515; x_wconf 84' lang='lat' dir='ltr'><strong>intravit</strong></span> <span class='ocrx_word' id='word_1_281' title='bbox 1356 4458 1571 4513; x_wconf 84' lang='lat' dir='ltr'><strong>Italiam</strong></span> <span class='ocrx_word' id='word_1_282' title='bbox 1585 4458 1628 4526; x_wconf 86' lang='lat'><strong>“,</strong></span> <span class='ocrx_word' id='word_1_283' title='bbox 1667 4456 1835 4513; x_wconf 86' lang='lat' dir='ltr'><strong>refert</strong></span> <span class='ocrx_word' id='word_1_284' title='bbox 1863 4458 2059 4514; x_wconf 86' lang='lat' dir='ltr'><strong>Petrus</strong></span> <span class='ocrx_word' id='word_1_285' title='bbox 2094 4458 2237 4513; x_wconf 88' lang='lat' dir='ltr'><strong>diac.</strong></span> <span class='ocrx_word' id='word_1_286' title='bbox 2264 4458 2320 4513; x_wconf 91' lang='lat' dir='ltr'><strong>in</strong></span> <span class='ocrx_word' id='word_1_287' title='bbox 2346 4456 2547 4515; x_wconf 84' lang='lat' dir='ltr'><strong>Chron.</strong></span> 
     </span>
     <span class='ocr_line' id='line_1_37' title="bbox 229 4542 2343 4617; baseline 0.001 -16"><span class='ocrx_word' id='word_1_288' title='bbox 229 4542 389 4603; x_wconf 68' lang='lat' dir='ltr'><strong>cusin.</strong></span> <span class='ocrx_word' id='word_1_289' title='bbox 423 4550 491 4604; x_wconf 75' lang='lat'><strong>1..</strong></span> <span class='ocrx_word' id='word_1_290' title='bbox 516 4550 622 4605; x_wconf 91' lang='lat'><em>1111</em></span> <span class='ocrx_word' id='word_1_291' title='bbox 659 4566 707 4605; x_wconf 88' lang='lat' dir='ltr'><strong>c.</strong></span> <span class='ocrx_word' id='word_1_292' title='bbox 738 4549 838 4604; x_wconf 82' lang='lat'><strong>107</strong></span> <span class='ocrx_word' id='word_1_293' title='bbox 877 4549 1042 4617; x_wconf 77' lang='lat' dir='ltr'><strong>(Mon.</strong></span> <span class='ocrx_word' id='word_1_294' title='bbox 1070 4548 1257 4605; x_wconf 81' lang='lat' dir='ltr'><strong>Germ.</strong></span> <span class='ocrx_word' id='word_1_295' title='bbox 1281 4546 1376 4604; x_wconf 83' lang='lat' dir='ltr'><strong>SS.</strong></span> <span class='ocrx_word' id='word_1_296' title='bbox 1406 4547 1525 4604; x_wconf 83' lang='lat' dir='ltr'><strong>v11.</strong></span> <span class='ocrx_word' id='word_1_297' title='bbox 1552 4549 1698 4614; x_wconf 77' lang='lat'><strong>818).</strong></span> <span class='ocrx_word' id='word_1_298' title='bbox 1842 4548 1896 4603; x_wconf 90' lang='lat'><strong>3.</strong></span> <span class='ocrx_word' id='word_1_299' title='bbox 1934 4547 2343 4605; x_wconf 76' lang='lat' dir='ltr'><strong>casinensibus.</strong></span> 
     </span>
    </p>
   </div>
  </div>
 </body>
</html>
