3319 5242
703 446 793 515 90
1481 466 1779 513 ΜΒΑῐωι
1820 466 2149 514 ΕΡιεΤοιΑ
2192 466 2265 512 12.

527 610 666 665 1137
703 613 1064 674 sanctorum
1108 609 1630 694 monasteriisque
1676 607 2039 675 sceleratius
2086 609 2392 693 saeviunt,
2436 614 2511 674 ut
2551 607 2897 675 maioribus
2941 608 3037 674 in·

554 683 650 731 ⁰⁰¹*
702 723 941 790 cendiis
1008 724 1230 792 domus
1286 725 1587 791 orationis
1600 774 1619 807 ‚
1691 744 1881 810 quam
1934 724 2122 792 urbes
2177 730 2524 810 cunctaque
2580 724 2816 811 oppida
2870 744 3040 791 com-

702 840 949 907 burant.
1019 839 1351 926 Impletum
1408 846 1504 907 est
1556 859 1724 907 nunc
1777 841 1843 906 in
1901 840 2212 925 ecclesiis,
2272 841 2439 925 quod
2496 843 2593 907 vir
2650 846 2905 907 sanctus
2959 840 3041 907 ad

700 957 1044 1024 Dominum
1114 956 1423 1045 declamat
1487 957 1732 1024 dicens:
1812 958 1930 1025 Ubi
1982 960 2392 1024 laudaverunt
2448 968 2505 1023 te
2548 969 2768 1045 patres
2824 960 3036 1038 nostri,

687 1073 875 1156 sacca
930 1085 1016 1139 est
1068 1078 1301 1141 exustio
1354 1070 1564 1152 alonis&
1632 1073 1816 1140 Nul'lc
1867 1073 1997 1139 iam
2042 1074 2217 1139 venit
2257 1073 2443 1152 hora,
2503 1078 2576 1138 ut
2621 1091 2868 1152 01111168,
2932 1072 3039 1152 qui

697 2585 866 2653 tibus
909 2586 1090 2673 penis
1136 2584 1382 2652 facilius
1428 2584 1612 2668 dant,
1667 2585 1899 2650 iterum
1943 2582 2299 2650 crudelibus
2346 2582 2701 2650 tormentis·
2723 2580 3038 2650 oblatores

695 2706 953 2787 urgent,
1012 2707 1409 2769 autumantes
1471 2701 1809 2786 quamdam
1861 2705 2109 2787 partem
2164 2719 2292 2766 non
2346 2704 2550 2765 totum
2603 2698 2912 2782 oblatum3
2973 2705 3042 2766 et

696 2823 932 2905 quanto
975 2817 1118 2905 plus
1164 2818 1337 2902 dant,
1382 2823 1559 2884 tanto
1592 2817 1863 2905 amplius
1894 2817 2256 2904 quempiam
2286 2815 2518 2882 habere
2546 2814 2828 2882 credunt.
2893 2810 3038 2882 Non

696 2934 1004 3002 infirmior
1050 2955 1258 3020 sexuS‚
1312 2954 1440 3000 non
1485 2934 1901 3001 consideratio
1948 2932 2315 3018 nobilitatis,
2369 2953 2497 2998 non
2538 2932 2894 2999 reverentia
2935 2952 3039 2998 sa-

696 3051 1029 3120 cerdotalis
1043 3101 1062 3135 ‚
1118 3072 1246 3117 non
1298 3051 1630 3118 monastici
1675 3050 1927 3116 habitus
1972 3055 2241 3117 stemma
2282 3047 2750 3115 crudelissimas
2794 3053 3039 3115 mentes

697 3189 912 3236 eorum
958 3168 1238 3251 mitigat3
1287 3168 1439 3253 quin
1480 3168 1610 3234 imo
1655 3167 1748 3233 ibi
1792 3171 2252 3250 exaggerantur
2281 3166 2378 3231 ira
2406 3165 2658 3249 furoris,
2703 3164 2814 3230 ubi
2840 3164 3039 3231 hono·

695 3306 831 3352 rem
888 3285 1285 3371 conspiciunt
1341 3283 1690 3367 dignitatis.
1763 3282 1993 3348 Senilis
2049 3281 2382 3348 maturitas
2437 3286 2627 3367 atque
2679 3281 3042 3349 veneranda

695 3401 959 3468 canities
973 3449 992 3484 ,
1064 3421 1222 3486 quae
1290 3400 1592 3466 cesariem
1658 3399 1885 3485 capitis
1950 3405 2024 3465 ut
2083 3397 2296 3464 lanam
2365 3397 2696 3465 candidam
2763 3396 3039 3483 dealbat,

695 3517 935 3584 nullam
981 3517 1101 3583 sibi
1148 3516 1227 3582 ab
1270 3516 1555 3583 hostibus
1598 3515 2097 3582 misericordiam
2141 3514 2453 3596 vindicat3
2498 3513 2797 3601 parvulos
2842 3515 3040 3581 etiam

696 3635 776 3702 ab
820 3633 1116 3701 uberibus
1161 3632 1465 3700 maternis
1498 3633 1772 3719 rapiens,
1818 3632 2124 3698 barbarus
2154 3631 2330 3696 furor
2358 3631 2674 3696 insontem
2702 3630 3039 3698 infantiam

696 3748 877 3818 elidit
934 3749 1015 3815 ad
1068 3754 1323 3816 terram.
1401 3749 1736 3835 Impletum
1790 3754 1888 3816 est
1928 3766 2127 3830 nunc,
2187 3745 2353 3831 quod
2399 3746 2551 3813 olim
2594 3746 2808 3813 Iudaei
2852 3765 3038 3814 cane-

696 3868 880 3935 bant:
928 3869 1103 3934 Dicit
1145 3869 1446 3948 inimica-5,
1496 3868 1822 3933 incendere
1865 3888 2033 3930 meos
2063 3866 2233 3955 fines
2278 3875 2336 3928 et
2367 3864 2671 3951 parvulos
2712 3886 2881 3928 meos
2929 3866 3038 3928 eli-

695 4007 910 4050 surum
967 3985 1055 4049 ad
1106 3976 1353 4048 terra-³⁸.
1421 3981 1494 4047 In
1554 3979 1854 4048 aedificiis
1912 3984 2124 4046 autem
2180 3998 2555 4062 magnarum
2609 3976 3037 4062 ecclesiarum,

697 4100 1054 4181 domorum,
1124 4098 1477 4182 civitatum,
1534 4099 1643 4165 ubi
1698 4097 2059 4163 incendium
2072 4095 2096 4131 ¹'
2154 4094 2597 4161 destructionis
2655 4086 2768 4180 per
2823 4095 3040 4178 ignem

695 4215 913 4281 facere¹
947 4234 1075 4280 non
1117 4220 1403 4301 possunt,
1459 4215 1735 4301 parietes
1782 4212 1914 4279 solo
1961 4217 2251 4298 aequant,
2296 4216 2370 4278 ut
2410 4229 2580 4277 nunc
2624 4210 2885 4296 antiqua
2927 4211 3043 4278 illa

697 4331 1065 4419 speciositas
1113 4329 1539 4397 aedificiorum
1581 4349 1698 4396 nec
1745 4329 1894 4414 quid
1940 4328 2131 4395 fuerit
2173 4347 2433 4415 prorsus
2478 4332 2798 4414 appareat.

707 4522 712 4526 .
840 4496 882 4529 ι.
912 4482 1086 4528 retibus
1113 4485 1272 4537 Mara,
1303 4481 1470 4529 ictibus
1504 4481 1667 4529 chron.
1694 4482 1804 4528 Cas.
1926 4480 1972 4526 b.
2002 4479 2233 4538 ingenium
2264 4481 2427 4532 Hora,
2456 4478 2716 4525 incendium
2742 4478 2906 4526 οὗτοι.
2927 4481 3040 4527 cos.

838 4580 888 4635 1.
925 4576 1051 4632 lsai.
1077 4577 1163 4647 64,
1192 4578 1276 4632 ll.
1419 4578 1472 4631 2.
1509 4575 1596 4630 Pa.
1627 4574 1713 4644 73,
1738 4573 1907 4629 5—7.
2049 4575 2102 4629 3.
2139 4572 2327 4629 Iudith
2367 4573 2450 4645 16,
2486 4574 2537 4629 6.
