3319 5242
970 462 1283 512 manns
1328 463 1790 514 consumens
2474 447 2562 515 29

246 605 367 691 plue
412 607 680 671 vanusne
732 608 948 671 recisa.
1044 607 1339 672 Primitus
1391 631 1535 673 cero
1589 610 1681 673 ita
1727 618 2122 694 comparatus
2168 609 2362 673 codex
2408 620 2559 690 erat,

250 732 305 785 at
348 721 645 788 exhiberet
703 723 996 812 Dionysii
1053 721 1296 809 Exiyui
1352 723 1688 812 Bedaeque
1743 724 2039 789 circulum
2093 747 2386 811 maynum
2433 748 2561 811 pa-

248 832 445 919 ulnae',
489 840 601 927 qui
644 840 723 905 ab
769 862 934 904 anno
976 838 1111 906 532
1157 839 1245 904 ad
1287 862 1518 904 annum
1556 839 1733 905 1063
1767 841 2138 926 perveniens
2181 842 2564 927 undeciyinti

248 976 517 1018 manorum
584 957 653 1019 in
705 978 772 1020 sc
837 954 1021 1021 habet
1074 955 1273 1045 cyclos
1327 965 1460 1021 octo
1521 965 1579 1020 ct
1631 957 1865 1042 ciyinti.
1967 954 2220 1022 Etenim
2283 958 2564 1044 quamvis·

245 1072 428 1156 mayni
479 1071 698 1135 circuli
741 1072 1127 1158 principium
1184 1072 1369 1154 absit,
1428 1081 1634 1137 tamen
1688 1094 1909 1161 manus
1963 1073 2165 1137 seculo
2211 1071 2362 1138 XII
2400 1075 2561 1138 anti-

244 1178 428 1272 quior²
465 1188 555 1251 sic
598 1186 872 1272 siayulos
915 1209 1223 1252 annorum
1252 1210 1629 1253 novenorum
1661 1188 1960 1253 denorum
1990 1188 2189 1277 cyclos
2217 1189 2284 1253 in
2304 1189 2564 1276 payinis

240 1301 465 1387 sinyulis
503 1304 750 1391 positos
801 1304 1074 1368 numa-is
1130 1305 1468 1391 inser-ipsit,
1514 1303 1717 1392 facile
1770 1314 1840 1368 ut
1894 1314 2230 1392 appareat,
2292 1305 2563 1370 codicem

240 1414 490 1483 habu-‘sse
534 1421 970 1507 quaterniones
1013 1420 1168 1484 duos
1210 1420 1336 1484 cive
1373 1418 1546 1509 solia
1589 1421 1889 1503 sedecim5
1945 1420 2012 1484 in
2057 1443 2219 1508 quae
2263 1421 2560 1508 quemad·

237 1534 459 1598 modum
501 1535 661 1623 cycli
715 1536 934 1623 diqcsti
985 1546 1179 1601 essent
1188 1584 1207 1617 ,
1268 1536 1529 1600 ostendit
1571 1560 1647 1601 ca
1694 1560 1855 1624 quae
1897 1538 2173 1624 sequitur
2217 1536 2430 1602 tabula
2471 1538 2563 1602 ita

239 1648 514 1737 confecta,
565 1661 638 1715 at
679 1661 739 1716 et
780 1675 942 1739 quae
986 1654 1233 1717 omnino
1268 1652 1579 1738 perierint
1606 1650 1781 1739 solia
1824 1652 2041 1718 litteris
2081 1653 2353 1718 minimis
2395 1652 2559 1717 iadi-

238 1776 405 1849 cetur,
462 1778 524 1833 et
564 1790 789 1832 manus
830 1768 996 1833 illius
1038 1767 1239 1833 seculo
1286 1764 1435 1834 XII
1474 1769 1815 1855 superioris
1857 1770 2203 1834 numeratio
2252 1768 2560 1858 cyclorum

236 1883 420 1968 quoad
456 1886 727 1972 supersit
771 1894 1060 1949 cernatur
1074 1910 1096 1948 .-

631 2014 713 2063 fol.
737 2017 762 2061 1
805 2030 829 2063 r
879 2048 2130 2063 .................

664 2360 683 2371 ·
732 2335 762 2381 3
803 2348 827 2381 r
878 2334 1147 2382 551—569
1190 2367 2129 2382 .............

800 2428 830 2460 v
876 2414 1141 2462 570-588
1188 2447 2127 2462 .............

660 2523 684 2535 -
723 2493 764 2552 4
794 2509 826 2551 r
873 2492 1212 2552 589-607
1270 2535 2130 2551 ............

792 2607 833 2651 v
874 2591 1210 2652 608—626
1265 2634 2128 2650 ............

660 2721 682 2732 -
725 2690 764 2749 5
793 2707 825 2749 r
872 2689 1211 2749 627—645
1264 2731 2126 2748 ............

792 2805 833 2848 v
874 2787 1209 2847 646-664
1267 2830 2127 2845 ............

658 2916 682 2928 ·
726 2886 762 2945 6
796 2903 828 2945 r
875 2883 1210 2945 665—683
1268 2926 2125 2942 ............

789 3000 830 3043 v
872 2982 1204 3043 684-702
1264 3023 2122 3039 ............

658 3111 682 3123 -
724 3081 761 3141 7
791 3098 823 3140 r
868 3080 1201 3140 703—721
1264 3120 2122 3136 ............

788 3197 829 3240 v
871 3178 1211 3239 722—740
1259 3192 1613 3236 nunnonms
1652 3191 1885 3237 crenus

348 3329 394 3383 1.
430 3329 491 3384 in
527 3328 689 3384 cuius
712 3328 964 3385 versibus
988 3328 1222 3399 singulis
1245 3326 1559 3383 indicantur
1593 3330 1648 3395 a)
1675 3327 1872 3384 Annus
1895 3324 2106 3382 domini
2128 3323 2302 3381 nostri
2327 3324 2547 3395 Christi,

225 3409 273 3479 b)
302 3413 558 3486 indictio,
606 3422 660 3486 c)
705 3418 869 3475 lunae
904 3424 1127 3488 epacta,
1174 3418 1233 3487 d)
1281 3422 1699 3485 concurrentes,
1748 3419 1801 3484 e)
1849 3416 2015 3472 lunae
2060 3415 2276 3488 cyclus,
2321 3412 2370 3482 f)
2417 3415 2549 3471 luna

227 3499 390 3574 XIIII,
425 3509 488 3577 g)
526 3506 647 3563 dies
682 3507 962 3564 dominica
994 3507 1262 3577 paschae,
1308 3506 1367 3576 h)
1402 3508 1537 3562 luna
1570 3505 1684 3561 diei
1720 3504 2015 3575 paschalis.
2064 3534 2130 3545 —
2178 3504 2242 3559 In
2288 3502 2548 3561 inferiore

225 3593 347 3661 cycli
381 3594 605 3664 septimi
639 3596 843 3652 decimi
880 3598 1128 3668 margine
1165 3612 1360 3652 manus
1395 3612 1507 3652 seo.
1541 3594 1621 3650 IX
1658 3595 1750 3650 vel
1785 3595 1839 3650 X
1873 3595 2063 3665 posuit
2096 3593 2168 3650 ad
2205 3595 2355 3650 illam
2389 3594 2546 3650 tabu·

226 3678 376 3738 hrum
411 3685 768 3755 partitionem
804 3691 1119 3755 spectantes
1155 3701 1350 3741 versus
1385 3683 1515 3741 hos:

520 3774 709 3843 Linea,
745 3773 978 3845 Christe,
1016 3779 1144 3832 tuos
1178 3776 1356 3846 prima
1391 3779 1479 3829 est
1514 3788 1657 3842 qnae
1695 3771 1943 3828 continet
1974 3787 2177 3845 annos3

521 3862 710 3933 Atque
744 3863 989 3920 secunda
1022 3868 1190 3933 tenet,
1228 3862 1373 3937 cycli
1411 3878 1553 3932 quae
1585 3861 1820 3918 indictio
1856 3866 2104 3934 constet3

519 3950 778 4009 Servabit
811 3968 1070 4009 numeros
1106 3952 1317 4023 epactis
1353 3952 1519 4007 tertia
1554 3957 1760 4023 certos;

520 4039 726 4108 Quarta
758 4042 878 4098 dies
913 4046 1167 4097 numerat
1201 4045 1414 4110 septem
1448 4040 1751 4096 bissextilis
1786 4039 1944 4115 anni3

521 4128 724 4197 Quinta
757 4130 861 4185 tibi
897 4131 1070 4188 ciclos
1104 4131 1313 4187 lunaris
1349 4133 1614 4200 conputet
1649 4129 1809 4201 anni3

518 4217 635 4274 Iam
672 4223 895 4288 quartas
929 4219 1175 4276 decimas
1209 4218 1467 4290 designat
1499 4224 1767 4289 sextaque
1801 4219 1988 4290 lunas;

520 4305 768 4377 Septima
801 4324 928 4363 nam
966 4308 1206 4378 paschae
1241 4308 1487 4366 ostendit
1521 4313 1852 4378 tempusque
1888 4307 2174 4378 diemqu03

516 4395 777 4454 Aetatem
813 4396 979 4453 lunae
1015 4402 1285 4454 monstrat
1320 4397 1652 4455 novissimus
1688 4397 1840 4454 ordo.

222 4473 579 4629 witigim
631 4484 779 4543 euim
833 4487 1007 4544 erasis
1055 4485 1222 4544 huius
1275 4502 1469 4544 manus
1531 4487 1681 4545 notis
1743 4484 2095 4556 superposuit
2145 4484 2256 4541 alia
2308 4483 2541 4554 scriptor
