3319 5242
783 444 908 511 178
1542 461 1839 510 wmAnm
1881 460 2211 509 amsa-ona
2251 458 2357 508 10³.

600 608 740 664 1148
954 601 1091 669 Lex
1135 621 1313 669 sacra
1354 602 1643 690 precipit,
1687 609 1762 670 ut
1803 603 1871 670 in
1915 602 2221 669 sacrificio
2266 600 2362 668 sal
2406 598 2706 669 offeratur
2721 596 2757 667 ¹.
2824 598 2912 668 Et
2957 619 3089 687 apo-

778 718 974 785 stolus
1022 718 1203 785 dicit:
1254 719 1353 785 Sit
1389 743 1588 785 sermo
1631 731 1826 785 vester
1852 721 1982 785 sale
2012 721 2289 785 conditus
2298 712 2341 783 ¹.
2411 716 2827 802 Quwcunque
2856 716 3091 783 condita

774 854 902 901 non
934 838 1082 901 sunt
1121 834 1271 919 sale,
1317 834 1594 922 insipida
1635 839 1784 901 sunt
1828 838 1892 900 et
1921 834 2001 900 ad
2029 833 2340 900 humanae
2368 833 2727 900 refectionis
2757 832 3091 919 profectum

775 951 1034 1018 minime
1066 950 1482 1017 accommoda.
1525 949 1743 1016 Virtus
1772 949 1948 1016 nulla
1977 953 2092 1033 est,
2118 969 2307 1035 quam
2336 948 2630 1016 discretio
2659 947 2923 1029 deserit3
2955 947 3094 1014 haec

776 1072 873 1133 est
917 1065 1009 1133 sal
1055 1073 1119 1133 et
1163 1067 1627 1133 condimentum
1671 1086 1904 1150 rerum,
1952 1086 2112 1151 quae
2154 1066 2321 1130 inter
2365 1065 2561 1132 bonas
2591 1069 3092 1132 annumerantur.

774 1181 1055 1250 Virtutes
1110 1184 1180 1250 in
1237 1182 1587 1249 meditullio
1643 1182 1888 1268 positae
1941 1187 2089 1247 sunt
2140 1182 2308 1247 inter
2350 1181 2738 1248 nimietatem
2782 1185 2848 1248 et
2889 1179 3097 1267 pauci-

772 1302 985 1364 tatem.
1057 1298 1229 1365 Haec
1273 1304 1369 1365 est
1412 1299 1519 1364 via
1560 1300 1755 1383 regia,
1800 1299 1869 1364 in
1915 1317 2040 1383 qua
2082 1296 2338 1383 superbi
2382 1295 2773 1363 abscondunt
2814 1288 3097 1381 laqueos*

771 1413 983 1497 nobis,
1040 1415 1110 1480 in
1162 1436 1287 1499 qua
1331 1415 1420 1480 ita
1465 1419 1561 1481 est
1605 1413 2083 1496 ambulandum,
2140 1417 2212 1478 ut
2256 1432 2458 1498 neque
2504 1411 2585 1478 ad
2629 1412 2959 1479 dexteram
3004 1412 3100 1478 de-

770 1529 1074 1597 clinemus
1119 1551 1234 1617 per
1277 1530 1808 1597 inconsideratum
1857 1528 1980 1612 zeli
2035 1528 2349 1617 pronioris
2407 1528 2723 1614 ardorem,
2775 1548 2988 1614 neque
3029 1526 3104 1594 ad

770 1645 1092 1713 sinistram
1140 1646 1460 1713 deviemus
1499 1667 1613 1733 per
1644 1645 1984 1712 dissolutae
2013 1645 2403 1712 remissionis
2432 1649 2769 1731 torporem.
2904 1642 3102 1723 Quor-

770 1783 909 1828 sum
954 1762 1150 1829 haec?
1212 1761 1373 1840 Quia
1417 1762 1710 1829 videlicet
1751 1763 1817 1829 in
1865 1783 1958 1847 eo,
2007 1762 2172 1847 quod
2216 1782 2331 1828 nos
2375 1766 2507 1827 tam
2551 1761 2931 1847 frequenter,
2980 1765 3107 1827 tam

769 1877 1080 1945 instanter
1124 1879 1452 1964 revocatis,
1497 1879 1775 1963 modum,
1823 1879 1932 1965 qui
1977 1883 2073 1944 est
2101 1877 2497 1944 discretionis
2528 1897 2758 1961 comes,
2804 1875 3108 1943 excedere

769 1993 1089 2061 videmini.
1162 1993 1321 2061 Cum
1366 1995 1534 2062 enim
1581 2000 1801 2061 sancta
1845 2000 1909 2061 et
1951 1993 2323 2062 venerabilis
2368 1998 2573 2060 mater
2612 1996 2833 2061 nostra
2877 1990 3109 2059 Stabu-

769 2109 962 2178 lensis
1008 2111 1311 2178 aecclesia
1337 2111 1556 2177 multis
1586 2111 1780 2177 fuerit
1810 2111 2029 2177 attrita
2056 2110 2388 2196 pressuris,
2435 2109 2825 2176 occasionem
2852 2108 3112 2197 rapien-

767 2226 937 2293 tibus
984 2227 1265 2314 inprobis
1313 2248 1390 2293 ex
1429 2249 1522 2310 ee,
1570 2227 1758 2313 quod,
1805 2226 2085 2294 divinam
2113 2225 2507 2293 vocationem
2550 2230 2614 2292 et
2640 2230 2921 2292 vestra-m
2953 2243 3111 2292 una-

766 2343 1003 2410 nimem
1067 2343 1432 2410 electionem
1479 2344 1711 2426 secuti,
1771 2343 1852 2408 ad
1895 2362 2006 2409 vos
2051 2342 2490 2425 transivimus,
2545 2339 2815 2428 impium
2858 2345 3009 2408 erat
3051 2344 3115 2407 et

769 2460 942 2526 omni
986 2459 1189 2526 bestia
1217 2460 1461 2526 furente
1491 2458 1824 2543 crudelius,
1872 2479 2011 2525 eam
2040 2459 2108 2524 in
2138 2457 2445 2542 angustiis
2476 2463 2541 2524 et
2567 2457 2694 2523 iam
2724 2455 3115 2544 inpendente

769 2576 954 2643 ruina
998 2576 1303 2643 deserere.
1393 2575 1771 2643 Intravimus
1814 2574 1883 2642 in
1930 2575 2192 2643 eandem
2237 2573 2602 2642 aecclesiam
2646 2592 2762 2660 per
2805 2568 3113 2655 ostium‘;

770 2693 938 2777 quod
982 2693 1060 2759 de
1105 2693 1238 2758 vita
1285 2699 1347 2760 et
1390 2689 1672 2761 moribus
1717 2693 1952 2759 nostris
1997 2693 2206 2759 dicere
2235 2710 2631 2777 nequaquam
2657 2690 3117 2776 presumimus,

768 2813 866 2874 set
923 2808 1000 2874 de
1054 2814 1189 2876 tota
1246 2809 1640 2876 ordinatione
1696 2815 1759 2876 et
1814 2808 2212 2895 provectibus
2266 2806 2501 2873 nostris
2554 2805 2741 2891 plane
2787 2804 3119 2875 affirmare

767 2944 893 2990 non
922 2925 1351 2992 formidamus.
1401 2925 1783 2992 Videbamus
1820 2925 2033 3010 itaque
2062 2944 2189 2990 non
2217 2923 2438 3010 lupum
2465 2942 2660 2988 unum
2689 2922 3065 2993 venientem
3074 2918 3120 3007 ⁸,

766 3040 891 3106 nisi
936 3041 1097 3107 forte
1144 3046 1343 3108 totam
1388 3042 1723 3109 demonum
1767 3040 2146 3128 phalangem
2183 3059 2378 3106 unum
2407 3038 2626 3125 lupum
2654 3037 3123 3125 intelligamus,

767 3161 864 3224 set
907 3156 1250 3224 multorum
1295 3157 1590 3244 luporu'm
1633 3157 2123 3224 innumerabiles
2168 3155 2501 3240 exercitus,
2550 3154 2658 3240 qui
2687 3152 2770 3220 ad
2797 3154 3124 3223 devoran-

765 3273 913 3339 dam
970 3272 1405 3340 Stabulensem
1471 3273 1838 3340 aecclesiam
1891 3278 1956 3341 et
2009 3293 2302 3357 magnam
2356 3276 2602 3358 partem
2656 3267 3129 3356 Lotharingtiae

769 3387 1026 3456 efferata
1068 3389 1247 3456 rabie
1290 3389 1706 3456 inhiaverant.
1779 3388 1890 3456 Set
1932 3389 2107 3455 misit
2134 3387 2305 3454 Deus
2338 3386 2647 3474 Spiritum
2690 3392 2992 3456 sanctum
3040 3387 3130 3457 de

768 3504 937 3571 coelo
981 3510 1043 3570 et
1072 3503 1378 3571 conclusit
1407 3525 1519 3571 ora
1546 3504 1797 3572 leonum
1810 3502 1854 3589 ⁶,
1903 3510 2089 3591 atque
2119 3505 2469 3591 imperante
2496 3502 2658 3587 Iesu,
2704 3503 2813 3588 qui
2840 3509 3131 3591 propter

763 3625 1024 3707 peccata
1067 3626 1287 3687 nostra
1331 3620 1692 3705 dormierat,
1739 3621 1943 3688 ventis
1979 3626 2042 3688 et
2074 3622 2258 3704 mari,
2303 3620 2471 3687 facta
2513 3624 2611 3687 est
2652 3618 3131 3705 tranquillitas,

766 3742 1056 3823 suspecta
1101 3737 1350 3823 quidem
1399 3742 1462 3803 et
1503 3737 1695 3824 plena
1739 3738 1899 3805 dolis
1940 3742 2005 3804 et
2032 3737 2277 3803 insidiis
2308 3742 2371 3803 et
2402 3736 2648 3823 qualem
2678 3740 2899 3802 nostra
2928 3742 3131 3804 aetas

768 3851 917 3918 dare
963 3853 1304 3937 consuevit,
1352 3860 1786 3920 verumtamen
1832 3853 2060 3939 aliqua.
2119 3852 2343 3920 Vester
2382 3852 2577 3937 igitur
2617 3850 2873 3918 affectus
2902 3851 2983 3918 in
3018 3875 3135 3921 re-

765 3968 1043 4034 vocando
1075 3968 1406 4036 laudabilis
1439 3975 1536 4036 est
1565 3976 1629 4037 et
1656 3969 1836 4037 nobis
1867 3969 2284 4055 gratissimus,
2315 3967 2730 4037 revocationis
2757 3987 2911 4034 vero
2941 3973 3138 4038 tem-

764 4105 883 4172 pus
930 4090 993 4150 et
1037 4104 1227 4151 causa
1254 4086 1457 4152 laudis
1488 4085 1743 4151 titulum
1771 4105 1898 4152 non
1927 4089 2222 4151 meretur.
2293 4086 2567 4172 Tempus
2596 4083 2905 4169 equidem,
2958 4088 3139 4171 quia

764 4200 1172 4287 inportunum
1217 4206 1343 4283 est3
1392 4222 1581 4269 causa
1624 4222 1772 4267 vero
1818 4206 1951 4267 tam
1995 4201 2256 4288 puerilis
2301 4206 2417 4285 est,
2461 4220 2542 4266 ne
2573 4200 2852 4265 dicamus
2883 4201 3136 4286 stulta,

763 4321 837 4382 ut
865 4317 1056 4400 digna
1086 4338 1210 4382 non
1241 4319 1433 4384 fuerit
1462 4318 1655 4383 tantis
1687 4318 2032 4385 conatibus.
2089 4316 2261 4384 Haec
2292 4318 2461 4384 enim
2491 4321 2587 4382 est
2615 4316 2897 4380 maxima
2924 4315 3139 4385 festi-

762 4438 950 4522 natae
994 4436 1408 4501 revocationis
1456 4451 1675 4516 causa,
1733 4434 1930 4520 quod,
1988 4437 2060 4499 ut
2101 4432 2310 4501 verbis
2352 4437 2607 4498 utamur
2649 4431 2911 4514 vestris,
2976 4434 3142 4502 fere

906 4566 957 4620 1.
1001 4565 1177 4620 Levit.
1216 4569 1278 4635 2,
1317 4567 1403 4620 13.
1546 4566 1600 4621 2.
1649 4565 1856 4620 Coloss.
1894 4563 1956 4632 4,
1993 4565 2045 4618 6.
2186 4565 2241 4619 3.
2286 4561 2375 4620 Cf.
2409 4563 2500 4619 ΡΒ.
2536 4562 2667 4630 139,
2702 4562 2738 4616 6
2777 4565 2836 4617 et
2874 4563 3028 4635 141,
3073 4568 3143 4624 4.

761 4655 817 4710 4.
853 4655 925 4711 V.
962 4655 1189 4712 Iohann.
1217 4656 1300 4724 10,
1324 4657 1377 4710 2.
1403 4655 1454 4708 9.
1598 4654 1652 4709 5.
1690 4652 1810 4709 Ioh.
1836 4653 1921 4722 10,
1946 4654 2033 4709 12.
2175 4654 2226 4708 6.
2265 4652 2403 4709 Dan.
2429 4654 2481 4720 6,
2506 4653 2594 4708 22.
