3319 5242
703 379 837 447 600
1371 395 1672 442 wmanm
1715 394 2091 443 arrs'ronm
2131 394 2238 441 468.
2275 393 2384 441 469.

704 538 885 611 468.
919 537 1225 605 Walter-us
1291 540 1482 605 abbas
1548 537 1615 604 S.
1656 538 1992 604 Laurentii
2052 539 2418 605 Leodiemis
2467 537 2753 606 W'zbaldo
2816 541 3050 626 ‚oratius

926 658 1074 742 aqit,
1130 655 1301 743 quod
1341 658 1408 721 in
1451 656 1687 744 synodo
1736 654 2072 721 Leodiensi
2113 658 2212 721 ius
2254 678 2433 720 auum
2477 658 2663 721 witus
2704 658 2802 720 sit.
2891 655 3048 743 Epi-

927 771 1117 837 stolae
1160 771 1419 836 latorem
1465 773 1866 837 commendat.
2721 768 2833 851 (M.
2876 771 3046 853 374.)

528 909 665 966 1157
881 902 1247 971 Reverendo
1293 904 1465 989 patri
1511 904 1720 988 gratia
1761 903 1883 970 Dei
1928 901 2293 970 Corbeiensi
2337 909 2402 970 et
2436 902 2800 971 stabulensi
2847 904 3052 971 abbati

704 1018 1046 1103 W(ibaldo)
1096 1019 1292 1086 frater
1335 1018 1726 1103 walterus),
1775 1025 1840 1086 et
1878 1019 2017 1106 ipse
2062 1019 2270 1103 gratia
2310 1019 2431 1086 Dei
2475 1021 2533 1086 si
2577 1019 2729 1105 quid
2776 1025 2877 1087 est
2921 1041 3054 1087 aec-

705 1137 933 1204 clesiae
979 1136 1183 1203 sancti
1224 1134 1553 1202 Laurentii
1596 1136 1666 1201 in
1711 1133 1978 1220 Leodio,
2036 1135 2317 1202 sincerae
2362 1135 2718 1213 dilectionis
2764 1135 3054 1203 affectum

707 1258 772 1321 et
814 1253 1108 1320 devotum
1153 1253 1221 1318 in
1265 1250 1540 1318 Domino
1587 1251 1934 1318 servitium.

883 1367 1152 1453 Magnae
1196 1366 1655 1435 benivolentiae
1686 1372 1953 1451 vestrae,
1997 1371 2181 1453 pater
2209 1366 2278 1432 in
2308 1365 2558 1434 Christo
2592 1367 2909 1453 amabilis,
2956 1369 3054 1435 de-

705 1490 852 1553 vote
897 1484 1137 1569 gratias
1183 1503 1323 1569 ago,
1368 1503 1485 1571 pro
1533 1503 1605 1549 eo
1647 1483 1814 1569 quod
1841 1481 2064 1549 Leodii
2092 1483 2161 1548 in
2189 1483 2467 1566 generali
2498 1483 2737 1570 synodo
2756 1480 2776 1511 ¹
2804 1504 3058 1551 causam

706 1601 997 1668 iusticias
1040 1600 1212 1668 beati
1241 1598 1569 1666 Laurentii
1613 1600 1693 1666 de
1737 1599 1895 1683 iure,
1943 1598 2110 1684 quod
2153 1598 2345 1667 habet
2382 1600 2453 1666 in
2484 1600 2789 1667 aeccleffla
2816 1599 3059 1668 Publici

704 1718 974 1803 montis,
1033 1717 1227 1783 etiam
1280 1736 1383 1783 me
1439 1715 1729 1799 absente,
1786 1735 1939 1781 vera
1991 1719 2056 1782 et
2098 1716 2412 1781 constanti
2455 1718 2804 1783 assertione
2848 1717 3060 1804 pm

707 1833 874 1900 tueri
920 1837 986 1899 et
1029 1831 1363 1899 defendere
1405 1851 1534 1898 11011
1563 1831 1888 1916 omisistis,
1933 1831 2028 1897 ita
2055 1838 2127 1898 ut
2157 1832 2530 1899 auctoritate
2559 1838 2773 1900 vestra
2801 1854 3060 1920 prorsus

710 1948 1034 2017 obstructa
1085 1948 1217 2014 sint
1260 1968 1372 2014 ora
1415 1947 1806 2034 loquentium
1851 1968 2034 2013 vana.
2125 1946 2278 2014 Inde
2320 1968 2437 2015 nos
2483 1955 2550 2035 et
2590 1949 2864 2036 pusillus
2910 1970 3060 2035 grex

710 2065 881 2133 beati
922 2063 1255 2132 Laurentii
1308 2069 1443 2131 tam
1487 2063 1844 2152 specialiter
1889 2084 2078 2149 quam
2122 2065 2346 2131 devote
2391 2085 2644 2132 oramus
2689 2087 2808 2154 pro
2854 2073 3063 2135 vostra

711 2181 1141 2249 incolomitate
1187 2188 1251 2248 et
1295 2180 1513 2247 salute.
1664 2179 1896 2247 Precor
1924 2185 2156 2266 81118111,
2186 2185 2258 2247 81
2288 2182 2478 2248 8118111
2507 2181 2775 2249 latorem
2804 2205 3062 2270 presen-

711 2299 871 2366 tium
887 2309 930 2383 ⁸,
974 2298 1235 2366 fratrem
1280 2302 1590 2382 nostrum,
1637 2295 1966 2364 dulcedine
1997 2296 2185 2364 solita
2223 2296 2317 2365 et*
2348 2298 2737 2384 benignitate
2766 2300 3060 2385 audiatiS,

713 2421 777 2483 et
819 2416 888 2481 in
934 2434 1142 2499 causa,
1189 2434 1380 2500 quam
1426 2413 1829 2498 suggesserit,
1874 2417 2084 2480 vestro
2131 2434 2275 2480 eum
2320 2414 2581 2481 consilio
2617 2422 2681 2482 et
2710 2417 3060 2503 patrocinio

712 2531 1019 2615 dirigatis.
1142 2529 1504 2618 Optabilem
1547 2530 1705 2595 mihi
1751 2530 2138 2597 reverentiae
2168 2534 2415 2598 vestrae
2457 2533 2855 2618 presentiam
2879 2554 3060 2620 spero

711 2668 816 2716 me
860 2648 929 2714 in
973 2647 1263 2736 proximo
1309 2647 1615 2730 visurum,
1667 2651 1739 2713 81
1782 2647 1859 2712 de
1904 2647 2090 2714 rebus
2134 2649 2506 2714 necessariis
2549 2655 2836 2717 vestrum
2879 2651 3063 2735 digne

713 2770 1008 2852 expetam
1076 2771 1141 2831 et
1200 2764 1517 2831 obtineam
1575 2762 1909 2830 consilium
1968 2771 2032 2831 et
2088 2763 2411 2831 auxilium.
2516 2765 2808 2852 Superna
2857 2761 3060 2855 'pietas

711 2881 1102 2971 protectione
1147 2881 1535 2968 sempiterna
1577 2901 1691 2946 vos
1738 2880 2067 2946 custodiat.

714 3093 893 3166 469.
934 3096 1166 3163 Frater
1196 3096 1275 3162 R.
1302 3095 1585 3162 Wibaldo
1617 3098 1860 3183 yratias
1880 3097 2195 3183 persolvit,
2229 3098 2400 3185 quod
2428 3096 2745 3194 Stephano
2778 3101 3061 3187 episcopo

935 3211 1198 3279 Mettensi
1241 3214 1445 3299 ipsum
1493 3212 2023 3277 commendaverit.
2739 3212 2851 3293 (M.
2885 3214 3061 3294 433.)

537 3358 677 3415 1157
892 3346 1165 3413 Domino
1215 3350 1279 3412 et
1323 3344 1493 3432 patri
1538 3364 1651 3410 suo
1698 3345 2038 3411 reverendo
2071 3344 2429 3412 Stabulensi
2467 3352 2531 3412 et
2559 3346 2930 3415 Corbeiensi
2955 3347 3064 3416 'ab—

713 3463 846 3532 bati
874 3461 1217 3545 W(ibaldo)
1263 3461 1460 3527 frater
1498 3459 1571 3527 R.
1590 3510 1608 3545 ,
1654 3460 1777 3528 Dei
1821 3462 2028 3546 gratia
2071 3462 2384 3546 modicus,
2444 3463 2704 3547 exiguas
2750 3466 3063 3535 orationes

716 3584 782 3648 81
824 3579 1121 3645 devotum
1165 3577 1551 3663 obsequium.
2579 3582 2584 3587 ’

895 3691 1117 3761 Gratia
1158 3693 1567 3778 benignitatis
1597 3697 1846 3760 vestrae
1889 3713 1991 3759 me
2021 3691 2268 3760 Mettim
2314 3695 2489 3761 eunti
2532 3696 2834 3763 comitata
2879 3703 2978 3764 est
3007 3705 3068 3767 81

715 3833 964 3882 mecum
1006 3811 1148 3896 fuit,
1195 3815 1261 3877 et
1304 3809 1671 3894 elaboravit,
1717 3814 1789 3876 ut
1820 3807 2037 3876 fierem
2068 3815 2360 3897 acceptus
2397 3830 2610 3878 coram
2641 3812 2899 3879 domino
2928 3835 3064 3882 11180

718 3924 1046 4018 episcopo²
1091 3928 1210 3994 hoc
1252 3920 1555 4014 tempore.
1619 3924 1978 3993 Honorifice
2022 3927 2191 3993 enim
2237 3933 2302 3993 et
2342 3928 2741 3996 familiariter
2788 3931 2869 3998 ab
2900 3951 2975 3997 eo
3007 3937 3067 3998 81

718 4046 758 4114 a
813 4046 943 4113 suis
998 4048 1325 4132 susceptus
1370 4043 1623 4111 habitus
1671 4047 1736 4110 81
1779 4043 2075 4110 dimissus
2121 4064 2261 4110 sum
2276 4094 2295 4128 ,
2354 4051 2427 4111 ut
2467 4050 2791 4133 patenter‘³
2839 4067 3065 4131 cogno-

718 4181 960 4229 scerem
1012 4161 1354 4228 secundum
1412 4159 1672 4244 vulgare
1714 4160 2006 4245 verbum,
2062 4166 2344 4227 mentum
2397 4182 2606 4228 meum
2664 4162 2732 4228 in
2788 4163 3061 4230 natando

582 4340 589 4347 .
717 4298 909 4345 1118118
963 4281 1177 4344 vestra
1229 4277 1590 4344 sustentari.
1680 4275 2121 4343 Providentiae
2175 4277 2371 4361 igitur
2423 4284 2667 4346 vestrae
2725 4279 2794 4346 in
2848 4280 2945 4346 his
3001 4287 3060 4346 81

860 4433 901 4466 a.
926 4421 981 4466 ut
1001 4420 1191 4467 latorem
1215 4419 1495 4480 presentium
1519 4421 1572 4465 ut
1597 4420 1734 4467 etiam
1761 4419 1951 4467 latorem
1975 4420 2256 4480 presentium
2281 4438 2318 4467 c.
2384 4420 2428 4468 b.
2452 4422 2500 4468 81
2514 4439 2599 4469 om.
2617 4439 2657 4469 ι·.
2720 4436 2760 4470 c.
2783 4423 3007 4486 patienter
3018 4440 3054 4470 c.

862 4508 912 4562 1.
949 4522 1002 4561 v.
1041 4520 1128 4575 ep.
1151 4506 1258 4561 463
1293 4522 1460 4576 supra
1492 4523 1547 4576 p.
1572 4506 1697 4562 596.
1839 4507 1891 4561 2.
1929 4505 2224 4577 Stephano,
