3319 5242
1052 440 1351 488 wrnALm
1393 440 1723 489 EPISTOLA
1769 440 1875 487 375.
2504 426 2635 493 503

288 577 465 650 375.
504 579 821 649 Wibaldus
865 577 1153 671 Euqem'o
1183 583 1292 649 III
1318 606 1535 671 papae
1579 586 1655 649 de
1697 585 2022 650 Friderico
2054 585 2099 650 Ι
2127 609 2274 672 reye
2318 589 2634 653 constituto

508 700 705 786 deque
747 722 959 764 rerum
1000 711 1162 764 statu
1209 711 1575 764 commutato
1623 701 1898 765 ostendit.
2311 700 2420 780 (Μ.
2455 703 2633 783 344.)

465 830 829 898 Reverendo
874 832 1043 918 patri
1090 852 1201 897 suo
1249 837 1312 899 et
1357 831 1610 897 domino
1639 832 1977 916 E(ugenio)
2025 833 2238 899 divina
2283 835 2490 918 gratia
2523 834 2634 900 uni
2671 841 2813 962 ἓὸπὲ

276 2343 527 2412 rebant.

463 2459 550 2526 Et
601 2447 751 2527 licet
809 2459 1079 2525 discreta
1136 2456 1404 2524 eruditio
1448 2464 1664 2524 vestra
1715 2458 1793 2524 de
1838 2459 2011 2524 omni
2055 2464 2224 2525 statu
2269 2460 2635 2528 Theotonici

284 2577 468 2663 regni
511 2576 758 2665 plenius
804 2575 871 2641 in
917 2575 1378 2663 presentiarum
1437 2574 1735 2642 doceatur
1779 2580 1915 2641 tum
1958 2595 2073 2663 per
2115 2576 2332 2643 literas
2376 2575 2634 2661 gloriosi

278 2694 400 2761 filii
431 2693 623 2760 vestri
670 2697 734 2758 et
780 2692 1018 2758 domini
1060 2691 1263 2758 nostri
1305 2690 1625 2758 Frederici
1670 2691 2095 2758 Romanorum
2139 2694 2305 2777 regis
2351 2694 2632 2775 invictis-

281 2811 432 2878 simi
476 2813 612 2875 tum
659 2809 851 2875 etiam
895 2828 1010 2895 per
1054 2807 1292 2894 scripta
1337 2807 1706 2874 devotorum
1749 2806 2022 2874 filiorum
2056 2815 2429 2894 vestrorum,
2479 2831 2631 2896 quo-

279 2926 553 2994 rundam
596 2925 893 2992 videlicet
947 2924 1414 3010 episcoporum,
1474 2929 1691 2990 tamen
1745 2924 1993 2991 devotio
2047 2931 2265 2992 nostra
2309 2926 2476 2992 circa
2521 2947 2632 2994 vos

282 3048 350 3110 et
394 3046 857 3109 sacrosanctam
900 3045 1170 3107 matrem
1214 3045 1497 3107 nostram
1526 3039 1872 3107 Romanam
1923 3041 2288 3108 aecclesiam
2333 3041 2631 3126 languere

279 3180 410 3227 non
456 3157 691 3242 debuit,
740 3157 893 3243 quin
937 3157 1371 3224 celsitudinem
1407 3161 1685 3224 vestram
1732 3156 1810 3222 de
1853 3156 2040 3223 rebus
2084 3149 2360 3223 maxime
2406 3159 2485 3223 ad
2517 3178 2628 3225 vos

279 3273 742 3363 pertinentibus
802 3273 1013 3358 aliqua
1068 3294 1146 3340 ex
1200 3278 1381 3360 parte
1437 3293 1968 3361 premoneremuS.
2066 3272 2153 3339 Et
2203 3274 2630 3360 unusquisque

278 3393 349 3459 in
396 3411 508 3457 suo
555 3410 742 3457 sensu
790 3385 1116 3457 abundat².

460 3505 978 3574 Pervenientibus
1034 3506 1217 3572 nobis
1278 3504 1529 3592 Spiram
1585 3505 1651 3570 in
1714 3504 1922 3571 reditu
1983 3505 2022 3572 a
2073 3505 2285 3589 vobis,
2356 3508 2630 3574 occurrit
2659 3521 2789 3570 Febr.
2814 3524 2870 3571 1⁷

279 3624 464 3691 nobis
507 3623 678 3689 fama
723 3623 894 3688 omni
941 3622 1159 3689 auditu
1201 3622 1582 3705 horribilior,
1632 3622 1803 3689 omni
1848 3622 2014 3687 furia
2052 3622 2414 3707 terribilior,
2462 3624 2629 3709 quod

278 3739 575 3807 videlicet
627 3740 825 3806 tercia
880 3738 991 3804 illa
1008 3737 1031 3775 ὓ
1090 3739 1190 3804 die
1250 3739 1326 3804 de
1381 3738 1500 3804 hac
1543 3740 1678 3804 vita
1730 3739 2065 3823 migrasset
2109 3738 2508 3805 dulcissimus
2555 3760 2629 3806 ac
2660 3752 2791 3800 Febr.
2813 3755 2871 3801 15

277 3857 723 3923 devotissimus
792 3854 957 3922 filius
1014 3859 1252 3937 vester,
1326 3855 1764 3921 serenissimus
1829 3847 2141 3940 quondam
2202 3855 2625 3922 Romanorum

276 3993 394 4040 rex
441 3972 829 4039 Cuonradus.
921 3970 1227 4037 Dubitare
1271 3990 1400 4036 non
1446 3977 1695 4058 oportet
1742 3976 1850 4036 ant
1894 3990 2153 4056 querere
2199 3971 2624 4037 sinceritatem

276 4093 590 4172 vestram,
648 4093 919 4174 quantus
965 4086 1142 4153 dolor
1187 4087 1428 4152 animos
1473 4091 1723 4153 nostros
1767 4087 2120 4174 pervaserit
2162 4086 2240 4152 de
2287 4087 2624 4155 amissione

276 4212 413 4273 tam
472 4204 796 4273 clementis
854 4210 985 4270 tam
1044 4203 1467 4269 misericordis
1526 4205 1696 4270 circa
1748 4223 1864 4269 nos
1921 4202 2258 4290 principis,
2315 4202 2392 4268 de
2449 4208 2623 4269 metu

274 4323 528 4391 futurae
572 4323 638 4388 in
685 4320 952 4409 imperio
998 4319 1384 4386 mutationis.
1530 4318 2022 4404 Enavigavimus
2067 4318 2159 4385 ita
2203 4338 2449 4385 summa
2477 4339 2621 4386 cum

426 4479 467 4511 a.
510 4463 754 4511 vidivimns
786 4481 825 4510 e.
950 4462 998 4510 b.
1028 4459 1108 4509 illi
1138 4481 1179 4509 c.

423 4552 475 4607 1.
526 4550 691 4608 Caret
733 4549 903 4622 igitur
946 4548 1085 4605 haec
1131 4548 1369 4619 epistola
1414 4548 1635 4606 nomine
1670 4547 1980 4606 scribentis.
2157 4551 2208 4606 2.
2249 4549 2401 4604 Rom.
2445 4549 2528 4619 14,
2566 4548 2616 4605 5.
