3319 5242
743 417 874 486 286
1501 441 1799 488 wmanm
1840 439 2174 489 Ems‘roLA
2220 440 2325 487 16¹1.

564 582 704 638 1149
738 599 960 665 opere,
1021 578 1189 665 quod
1215 641 1216 644 ,
1240 579 1528 665 predicat
1569 602 1709 665 ore,
1769 582 1878 667 qui
1922 603 2050 649 non
2096 588 2193 650 est
2234 583 2408 649 intus
2451 583 2651 668 Nero,
2707 583 2863 650 foris
2908 581 3067 651 Cato.

738 694 937 773 Quem
981 695 1038 761 si
1079 695 1369 781 aspicias,
1414 696 1689 778 doceris;
1738 697 1794 762 si
1824 697 2065 783 audias,
2112 699 2477 780 instrueris;
2525 700 2581 765 si
2611 719 2899 785 sequare,
2942 720 3072 786 per-

736 808 962 877 ficeris.
1140 811 1229 877 Et
1277 817 1349 878 tu
1404 813 1461 878 si
1515 812 1719 897 gloria
1773 813 2022 880 dicendi
2080 816 2392 899 tangeris,
2451 814 2613 899 elige
2657 836 2857 882 unum
2900 836 3073 901 quem

739 928 1022 1012 sequaris
1036 978 1056 1012 ,
1109 928 1287 994 cuius
1343 927 1702 1013 eloquentia
1757 934 1904 996 tuus
1961 931 2210 997 animus
2257 930 2701 1017 permulcetur.
2779 930 3074 998 Maximo-

735 1063 882 1109 rum
937 1050 1258 1111 oratorum
1311 1064 1569 1111 concors
1616 1047 1933 1114 sententia
1976 1052 2101 1132 est,
2160 1048 2444 1114 ornatius
2490 1053 2554 1114 et
2598 1049 2916 1134 copiosius
2964 1048 3077 1115 dici

735 1178 925 1245 posse
971 1159 1277 1227 imitando
1324 1161 1687 1247 eloquentes
1702 1211 1721 1247 ,
1783 1183 1974 1248 quam
2018 1164 2173 1230 artis
2220 1168 2523 1251 precepta
2565 1164 2884 1231 sectando.
2980 1164 3079 1233 Set

738 1273 816 1341 de
858 1275 957 1341 his
999 1274 1324 1362 hactenus,
1368 1283 1441 1344 ut
1486 1278 1647 1344 scias
1696 1279 1864 1363 quod
1907 1280 2205 1346 nesciam.

912 1391 1217 1460 Laudasti
1260 1415 1467 1461 mores
1512 1415 1707 1479 meos,
1754 1415 1880 1461 non
1909 1397 2196 1462 veritatis
2227 1396 2341 1462 sed
2369 1394 2831 1463 benivolentiae
2861 1395 3076 1462 ductus

735 1508 1115 1576 testimonio.
1187 1509 1298 1577 Set
1343 1511 1400 1577 si
1442 1511 1512 1577 in
1556 1512 1763 1578 cordis
1807 1511 1954 1596 mei,
2002 1511 2168 1596 quod
2211 1532 2479 1598 pravum
2525 1517 2625 1579 est
2666 1517 2732 1578 et
2774 1511 3078 1579 inscruta-

735 1623 863 1691 bile
880 1619 917 1709 ¹,
972 1625 1292 1693 domicilia
1342 1627 1569 1693 fuisses
1617 1628 2012 1694 introductus
2058 1633 2124 1694 et
2167 1628 2418 1694 audires
2462 1629 2531 1695 in
2572 1629 2809 1694 iudicio
2857 1630 3080 1696 mentis

736 1761 947 1824 meae,
1002 1741 1252 1826 quando
1308 1763 1425 1828 pro
1483 1743 1788 1811 tribunali
1832 1743 2010 1811 sedet
2053 1744 2216 1810 ratio
2230 1794 2249 1828 ,
2309 1744 2764 1828 cogitationum
2807 1745 2979 1812 inter
3019 1765 3080 1812 se

738 1857 1167 1923 accusantium
1209 1859 1614 1942 gravissimos
1659 1860 1966 1927 clamores
2014 1865 2079 1927 et
2117 1860 2374 1927 acerbas
2407 1862 2786 1945 questiones,
2833 1861 2947 1928 ubi
2975 1881 3081 1928 nec

736 1976 999 2038 tonsura
1052 1991 1171 2039 nec
1224 1973 1477 2041 habitus
1533 1995 1651 2041 nec
1706 1974 1912 2062 pallor
1956 1961 2073 2043 nec
2117 1977 2351 2043 macies
2396 1981 2609 2063 potest
2651 1977 2819 2044 ferre
2866 1976 3081 2044 suffra-

737 2087 932 2172 gium,
976 2089 1222 2157 videres
1268 2090 1504 2157 animal
1547 2090 1849 2158 horribile
1894 2097 1959 2159 et
2005 2093 2177 2158 omni
2222 2098 2503 2159 monstro
2549 2093 2916 2159 deformius.
2994 2093 3082 2160 Ibi

739 2209 1064 2271 accusator
1123 2210 1255 2272 tam
1309 2207 1458 2272 forti
1514 2227 1705 2292 quam
1760 2208 1970 2274 veraci
2028 2209 2572 2293 argumentatione
2628 2208 2932 2292 intendit,
2997 2208 3083 2275 ibi

737 2320 1028 2388 defensor
1071 2327 1183 2389 aut
1225 2322 1433 2388 nullus
1482 2327 1578 2389 est
1622 2328 1735 2389 aut
1775 2322 2126 2390 confitetur.
2275 2323 2386 2390 Set
2429 2344 2580 2390 cave
2610 2324 2851 2391 dixeris
2882 2345 3082 2391 mores

736 2442 941 2504 rectos
996 2438 1035 2504 a
1077 2442 1306 2504 natura
1348 2438 1662 2525 profectos
1675 2488 1695 2522 ,
1752 2440 1901 2524 quia
1945 2459 2130 2507 omne
2174 2440 2395 2506 datum
2439 2442 2749 2527 optimum
2796 2447 2864 2507 et
2907 2461 3083 2508 omne

737 2552 971 2619 donum
1015 2554 1366 2640 perfectum
1410 2555 1742 2621 desursum
1788 2560 1903 2640 est,
1951 2556 2333 2623 descendens
2379 2577 2419 2623 a
2462 2563 2647 2644 patre
2690 2558 3003 2626 luminum
3012 2554 3054 2624 ¹.

911 2669 1091 2737 Licet
1136 2672 1325 2756 enim,
1373 2676 1573 2737 estate
1618 2677 1977 2758 conceptus,
2024 2693 2173 2739 vere
2217 2679 2404 2739 natus
2435 2674 2686 2758 fuerim,
2734 2695 2899 2760 quae
2931 2682 3084 2741 tem-

735 2806 895 2872 pora
938 2786 1281 2853 secundum
1325 2787 1644 2873 phisichos
1690 2793 1832 2855 tuos
1867 2790 2144 2875 optimae
2174 2794 2326 2855 sunt
2353 2788 2828 2875 complexionis,
2875 2797 3083 2857 tamen

735 2903 943 2987 gratia
969 2902 1093 2969 Dei
1137 2924 1278 2969 sum
1322 2903 1390 2970 id
1435 2902 1602 2989 quod
1646 2924 1786 2970 sum
1834 2909 1898 2971 et
1942 2905 2199 2971 cottidie
2241 2906 2382 2991 ipso
2412 2905 2748 2972 adiuvante
2779 2907 3083 2974 contendo

736 3017 875 3085 fieri
917 3018 1159 3085 melior.
1229 3018 1371 3085 Non
1418 3025 1515 3086 est
1557 3019 1754 3104 igitur
1797 3022 2045 3105 genesis
2091 3042 2270 3088 meae
2316 3028 2379 3087 et
2422 3028 2758 3108 parentum
2802 3043 3083 3090 meorum

737 3134 1166 3220 derivationiS,
1214 3134 1484 3221 qualiter
1512 3135 1745 3219 vivam,
1794 3143 1892 3204 set
1925 3137 2175 3204 divinae
2205 3138 2467 3222 gratiae,
2515 3158 2676 3223 quae
2708 3143 2772 3204 et
2799 3140 3088 3225 prevenit

738 3257 802 3318 et
847 3252 1122 3335 adiuvat,
1170 3251 1272 3319 cui
1303 3253 1553 3319 vocanti
1598 3254 1753 3338 quin
1796 3253 1991 3318 immo
2037 3252 2314 3319 trahenti
2358 3253 2759 3321 recalcitrare
2804 3261 2874 3321 et
2900 3256 3083 3322 reniti

737 3368 919 3453 quasi
983 3368 1272 3451 ingratus
1327 3388 1454 3434 non
1511 3367 1726 3435 debeo.
1828 3363 2158 3435 Uterinos⁸
2213 3374 2381 3435 certe
2434 3369 2635 3438 habeo
2649 3421 2668 3455 ,
2735 3370 2805 3436 in
2863 3372 3084 3459 quibus

737 3483 910 3551 Deus
955 3488 1201 3550 tantam
1246 3504 1396 3550 suae
1442 3484 1742 3551 bonitatis
1786 3504 1913 3550 non
1944 3489 2041 3551 est
2071 3484 2361 3568 dignatus
2394 3506 2685 3553 exercere
2712 3489 3081 3573 potentiam.

914 3598 1120 3666 Effers
1167 3599 1423 3665 domum
1468 3597 1784 3666 nostram⁴
1828 3601 2163 3687 preconiis.
2233 3600 2405 3679 Quae
2436 3603 2686 3687 quidem
2718 3602 2924 3671 multo
2958 3624 3084 3670 me·

735 3714 859 3781 lior
904 3720 1020 3799 est,
1067 3735 1258 3800 quam
1303 3714 1529 3799 dignus
1576 3716 1720 3800 sim,
1768 3722 1865 3782 set
1908 3716 2327 3783 inordinatior
2370 3738 2560 3803 quam
2603 3717 2813 3784 velim.
2887 3719 3085 3785 Tanta

739 3835 838 3898 est
881 3831 1049 3898 enim
1088 3831 1273 3897 huius
1303 3833 1607 3918 temporis
1639 3832 2052 3915 contumacia,
2097 3836 2278 3898 tanta
2308 3833 2679 3920 disciplinae
2705 3833 3084 3920 profligatio,

737 3952 811 4013 ut
861 3968 991 4013 non
1045 3949 1326 4034 accipere
1371 3948 1605 4014 nedum
1649 3949 1885 4015 sentire
1930 3947 2408 4032 castigationem
2451 3950 2606 4016 velit
2649 3949 2781 4016 ulla
2823 3950 3082 4033 familia,

738 4069 803 4131 et
845 4063 1011 4130 fallit
1054 4085 1203 4151 sepe
1248 4064 1360 4130 illa
1401 4069 1580 4130 tanto
1625 4069 1909 4150 tempore
1954 4062 2212 4130 laudata
2255 4067 2596 4133 sententia:
2643 4080 2712 4132 ut
2745 4081 2939 4155 pater
2962 4068 3081 4154 fa-

735 4183 979 4262 milias,
1037 4185 1130 4247 ita
1186 4195 1242 4247 et
1298 4183 1519 4248 domus
1578 4184 1728 4247 eius.
1820 4179 2113 4246 Ceterum
2164 4181 2407 4248 familia
2449 4186 2666 4249 nostra
2710 4184 2917 4250 arcior
2958 4203 3082 4249 non

881 4304 930 4358 1.
968 4303 1164 4358 Ierem.
1192 4303 1276 4371 17,
1301 4303 1353 4357 9.
1492 4304 1544 4357 2.
1581 4301 1767 4357 Iacob.
1796 4302 1844 4369 1,
1871 4303 1957 4356 17.
2082 4303 2135 4357 3.
2172 4303 2220 4357 E
2246 4302 2488 4359 wibaldi
2523 4303 2758 4359 uterinis
2795 4307 2959 4373 (quos
2991 4303 3082 4358 hic

736 4390 807 4447 de
825 4391 1111 4460 impietate
1131 4391 1368 4462 quadam
1388 4389 1763 4460 reprehendit)
1789 4406 1900 4446 non
1924 4390 2178 4447 novimus
2200 4392 2307 4447 nisi
2331 4391 2787 4448 Erchembertum
2809 4396 2887 4461 (v.
2909 4408 2997 4462 ep.
3016 4391 3083 4446 18

734 4496 792 4549 p.
814 4481 912 4551 993
962 4486 1020 4535 et
1047 4479 1292 4536 wibaldi
1340 4479 1456 4535 tab.
1492 4496 1582 4549 ap.
1619 4480 1866 4535 Martene
1902 4478 2041 4536 Goll.
2070 4480 2140 4535 11.
2173 4482 2299 4547 116)
2336 4485 2394 4537 et
2427 4480 2856 4551 Erlembaldum,
2880 4486 3082 4552 postu

735 4568 992 4625 abbatem
1029 4568 1416 4627 stabulensem
1454 4572 1528 4638 (v.
1555 4569 1784 4624 Ianssen
1819 4568 2043 4625 Wibald
2078 4584 2135 4638 p.
2162 4570 2231 4636 7).
2377 4570 2428 4625 4.
2469 4568 2877 4627 corbeiensem.
