3319 5242
736 399 869 465 224
1406 418 1708 465 wmanm
1748 416 2125 466 npts‘rom
2167 417 2271 465 142.
2308 417 2412 465 m.

559 562 698 618 1148
733 558 1056 642 negotium
1099 578 1283 625 suum
1327 559 1396 626 in
1436 565 1726 627 nostrum
1755 559 2089 626 consilium
2117 560 2350 646 posuit,
2393 580 2510 646 per
2551 580 2669 626 nos
2715 564 2783 626 et
2823 577 3081 626 causam

736 679 801 741 et
843 674 1360 761 compositionem
1403 677 1649 764 perdat.
1723 676 2145 756 Quamobrem
2175 681 2454 743 vestram
2499 675 2903 755 dilectionem
2945 675 3080 742 dili-

734 796 954 874 genter
999 771 1484 878 commone'mus,
1532 795 1829 880 quatinus
1876 794 2137 861 verbum
2166 798 2468 878 vestrum,
2516 793 2683 878 quod
2728 812 2924 879 super
2977 793 3083 859 hac

735 928 805 974 re
849 927 1096 974 mecum
1148 908 1488 994 habuistis,
1553 931 1774 978 verum
1818 910 2065 977 faciatis
2079 960 2098 994 ,
2156 915 2222 976 et
2266 910 2499 977 dictam
2557 910 3085 996 compositionem

735 1025 1065 1110 provenire
1121 1026 1376 1112 sinatis,
1445 1033 1632 1113 atque
1701 1027 1887 1094 huius
1953 1027 2047 1094 rei
2118 1026 2486 1113 qualitatem
2539 1027 2609 1092 in
2666 1026 2845 1094 brevi
2900 1025 3086 1093 nobis

733 1142 1113 1209 rescribatis.

744 1354 914 1426 143.
952 1359 1270 1425 Wibaldus
1312 1358 1597 1424 Tieboldo
1635 1359 1995 1446 praeposito
2047 1356 2113 1423 S.
2150 1356 2433 1423 Severini
2478 1357 2822 1423 Coloniensi
2870 1358 2957 1422 de
2990 1358 3086 1424 Ia-

958 1475 1130 1540 <litha
1175 1476 1484 1541 abbatissa
1531 1473 1860 1540 Gesekensi
1899 1474 2244 1561 respondet.
2762 1471 2874 1554 (M.
2908 1474 3086 1556 125.)

558 1611 699 1668 1148
909 1607 1135 1675 Frater
1164 1606 1539 1689 W(ibaldus)
1569 1605 1693 1673 Dei
1736 1607 2169 1673 misericordia
2212 1606 2280 1672 id
2324 1606 2491 1692 quod
2536 1606 2745 1696 est,in
2777 1606 3091 1675 aecclesia

734 1723 1042 1791 catholica
1086 1724 1312 1791 dilecto
1355 1724 1541 1790 fratri
1585 1729 1651 1791 et
1695 1723 1896 1790 amico
1941 1743 2055 1789 suo
2102 1722 2403 1790 Tieboldo
2456 1723 2798 1791 venerabili
2849 1745 3088 1812 prepo-

735 1840 857 1907 sito
904 1840 1303 1907 dilectionem
1348 1847 1413 1908 et
1455 1840 1975 1908 benedictionem.

916 1955 1183 2024 Gratum
1226 1958 1406 2025 nobis
1452 1957 1635 2024 valde
1683 1963 1808 2042 est,
1857 1956 2025 2042 quod
2067 1956 2375 2023 memoria
2416 1961 2630 2023 vestra
2671 1955 2947 2024 firmiter
2998 1979 3093 2025 re-

736 2072 916 2157 tinet,
963 2094 1152 2159 quam
1197 2075 1439 2141 sincero
1487 2073 1714 2141 affectu
1744 2094 1856 2141 vos
1903 2074 1944 2139 a
1984 2072 2190 2157 longis
2225 2077 2396 2139 retro
2425 2073 2814 2159 temporibus
2846 2073 3094 2142 dilexe-

734 2190 952 2274 rimuS,
1001 2196 1235 2276 quanto
1277 2188 1426 2257 fidei
1470 2191 1679 2257 studio
1726 2191 1809 2256 ad
1837 2190 2036 2257 vestri
2078 2188 2334 2256 honoris
2379 2190 2833 2257 incrementum
2880 2192 3094 2274 gavisi

734 2300 1069 2390 fuerimus,
1128 2312 1193 2374 et
1247 2308 1413 2392 quod
1469 2307 1546 2373 de
1604 2307 1701 2373 his
1747 2312 1922 2373 certa
1964 2306 2382 2394 promissione
2427 2311 2640 2373 vestra
2683 2307 2942 2390 dignam
2995 2329 3095 2375 re-

733 2423 1233 2489 munerationem
1277 2428 1703 2509 expectamus.
1853 2422 2197 2490 Recordari
2235 2427 2447 2489 autem
2474 2422 2663 2490 debet
2690 2428 2903 2490 vestra
2932 2444 3096 2510 pru-

736 2538 978 2624 dentia,
1034 2538 1199 2625 quod
1244 2560 1406 2605 anno
1451 2540 1787 2627 preterito,
1835 2558 1979 2606 cum
2024 2540 2290 2606 domnus
2336 2559 2505 2627 papa
2549 2539 2872 2607 Treverim
2917 2546 3097 2607 esset

560 2662 697 2716 1147
737 2652 1092 2740 ν6111ιιιῑιι3ι,
1129 2661 1193 2723 et
1221 2657 1391 2722 fama
1422 2657 1734 2724 referente
1765 2657 2224 2741 didicissemus,
2272 2657 2422 2742 quia
2448 2657 2859 2724 intenderetis
2892 2657 3096 2726 abba·

572 2735 671 2781 ΝΟ
673 2769 958 2842 tissam
1002 2772 1080 2840 de
1111 2771 1341 2839 Giseke
1387 2773 1467 2838 ad
1509 2775 1897 2859 presentiam
1943 2773 2158 2840 domni
2201 2793 2405 2860 papae
2449 2774 2791 2860 perducere
2831 2778 2896 2840 et
2936 2794 3095 2841 cau-

736 2909 873 2955 sam
917 2889 1116 2976 ipsius
1163 2889 1495 2956 adversum
1540 2909 1654 2955 nos
1702 2911 1918 2974 agere,
1971 2890 2328 2956 monuimus
2374 2910 2486 2956 vos
2529 2895 2833 2975 tanquam
2874 2890 3095 2957 virum

737 3005 1078 3072 discretum
1125 3010 1188 3072 et
1231 3006 1454 3072 intime
1498 3005 1896 3089 familiarem,
1944 3026 2023 3072 ne
2069 3006 2369 3072 adversus
2404 3005 2802 3073 innocentem
2832 3011 2898 3072 et
2927 3008 3095 3072 ami-

736 3142 881 3189 cum
938 3122 1217 3189 studium
1260 3127 1542 3189 vestrum
1596 3122 1664 3188 in
1719 3121 1971 3205 negotio
2017 3142 2241 3208 parum
2286 3122 2548 3189 honesto
2596 3128 2660 3189 et
2703 3122 2894 3189 debili
2937 3142 3095 3209 pro·

737 3239 1002 3306 cederet.
1198 3238 1523 3324 Siquidem
1593 3237 1912 3304 abbatissa
1978 3239 2196 3305 eadem
2265 3259 2493 3306 novem
2550 3238 2682 3306 fere
2742 3238 3093 3322 mensibus,

537 3363 676 3418 1146
738 3361 1075 3440 antequam
1118 3354 1199 3420 ad
1226 3354 1510 3438 regimen
1539 3350 1935 3420 Corbeiensis
1967 3355 2265 3421 ecclesiae
2297 3356 2752 3439 accederemuS,
2798 3355 3096 3442 deposita

510 3450 550 3483 ⁰⁸
570 3436 702 3484 m
736 3471 858 3538 fuit
902 3476 966 3538 et
1009 3475 1252 3537 remota
1298 3470 1337 3536 a
1365 3470 1804 3537 Kaminatensi
1848 3469 2100 3537 abbatia
2134 3491 2250 3558 per
2280 3470 2581 3538 domnum
2612 3471 2919 3538 Thomam
2949 3491 3093 3537 car-

738 3587 1011 3654 dinalem
1052 3585 1508 3674 presbiterum3
1556 3591 1743 3683 atque
1776 3607 1920 3654 cum
1948 3608 2064 3673 per
2093 3588 2224 3652 vim
2254 3593 2472 3654 contra
2502 3608 2771 3654 canones
2803 3587 3093 3654 obtinere

736 3710 1098 3787 conaretur,
1157 3703 1235 3769 ab
1294 3704 1593 3770 advocato
1655 3704 1937 3800 eiusdem
1993 3703 2291 3771 ecclesiae
2346 3725 2469 3773 non
2527 3704 2662 3770 sine
2707 3702 3093 3770 contumelia

507 3837 621 3885 Iuni.
644 3838 703 3885 15
735 3821 858 3887 fuit
900 3815 1217 3908 expulsa².
1310 3803 1409 3886 Ea
1450 3826 1714 3906 remota,
1763 3821 1997 3887 electae
2043 3825 2191 3886 sunt
2233 3842 2348 3908 per
2393 3819 2859 3887 contentionem
2903 3819 3090 3903 duae,

737 3942 802 4004 et
846 3937 924 4003 de
970 3936 1168 4003 tercia
1211 3937 1603 4023 disputatum
1648 3942 1762 4005 est.
1917 3934 2077 4003 Cum
2122 3939 2335 4003 omnia
2378 3943 2510 4003 tam
2553 3935 3092 4023 inspiritualibus

738 4074 928 4139 quam
970 4054 1039 4120 in
1083 4053 1536 4141 temporalibus
1581 4056 1648 4120 in
1696 4054 1971 4120 deterius
2015 4058 2304 4137 ruerent,
2353 4052 2643 4120 dominus
2691 4058 2906 4120 noster
2947 4072 3089 4134 rex,

738 4170 816 4236 ad
865 4171 1039 4238 cuius
1087 4170 1547 4238 ordinationem
1591 4170 1765 4237 locus
1812 4170 2188 4257 pertinebat,
2242 4191 2319 4236 ex
2365 4170 2625 4236 consilio
2672 4175 2737 4236 et
2781 4168 3092 4235 ammoni-

735 4288 906 4355 tione
963 4288 1180 4356 domni
1236 4308 1440 4375 papae
1494 4286 1809 4371 delegavit
1853 4286 2214 4354 Corbeiensi
2268 4285 2565 4353 ecclesiae
2610 4291 2675 4351 et
2717 4286 2899 4353 nobis
2938 4305 3089 4371 pre-

735 4403 905 4472 fatae
972 4404 1260 4472 abbatiae
1317 4404 1797 4471 ordinationem.
1900 4402 2018 4469 His
2076 4404 2170 4469 ita
2225 4424 2293 4470 se
2349 4402 2756 4488 habentibus,
2826 4403 3088 4487 dignum

880 4537 930 4591 1.
967 4537 1004 4591 i.
1029 4553 1080 4592 e.
1118 4537 1255 4594 Nov.
1285 4536 1442 4591 1147.
1585 4537 1637 4591 2.
1678 4533 1764 4592 cf.
1802 4531 2217 4606 Chronograph.
2248 4533 2638 4592 corbeiensem
2673 4550 2842 4606 supra
2873 4549 2931 4604 p.
2952 4531 3037 4587 57.
