3319 5242
745 455 880 526 514
1414 475 1712 524 wmAnm
1756 472 2128 525 nrrsronffl
2170 473 2276 523 882.
2314 475 2422 524 ses.

552 621 691 677 1152
745 618 994 685 sticiam
1023 628 1130 685 ac·
1161 617 1584 685 defensionem
1612 603 2092 703 infatigabiliter
2120 624 2185 686 et
2213 638 2464 706 semper
2493 618 2815 704 exhibeas,
2861 616 3072 702 viduis,

522 694 627 743 'm'
650 697 709 744 ¹⁷
743 733 1024 822 pupillis,
1070 734 1372 820 orphanis
1416 739 1480 802 et
1520 735 1817 834 universo
1862 734 2094 821 populo
2139 735 2433 819 regimini
2476 711 2589 802 tuo
2632 735 2918 803 subiecto
2955 736 3080 801 sine

744 850 1042 918 tarditate
1085 871 1306 937 pacem
1352 856 1416 918 et
1457 850 1778 918 iusticiam
1819 852 2016 918 facias
2032 901 2051 935 ,
2096 856 2169 917 ut
2211 851 2373 938 ipsi,
2420 851 2499 919 de
2541 856 2657 918 tua
2699 851 3081 939 protectione

745 985 819 1032 ac
874 966 1232 1040 defensione
1285 987 1403 1054 pro
1459 968 1672 1052 regiae
1730 967 2056 1052 dignitatis
2112 966 2483 1034 excellentia
2538 967 2772 1034 muniti
2844 973 2913 1034 et
2975 967 3082 1034 tibi

743 1082 965 1150 devote
1009 1083 1391 1169 obedientes,
1436 1082 1713 1151 letentur
1742 1089 1807 1151 et
1843 1087 1916 1150 tu
1959 1083 2039 1151 de
2082 1084 2259 1166 regia
2302 1082 2727 1151 sollicitudine
2771 1083 2947 1170 apud
2981 1083 3084 1148 ho-

739 1199 940 1266 mines
995 1197 1262 1284 gloriam
1317 1204 1381 1266 et
1437 1200 1605 1287 apud
1662 1198 1871 1284 illum,
1929 1219 2047 1286 per
2105 1219 2292 1284 quem
2348 1220 2529 1284 reges
2585 1206 2891 1283 regnant,
2950 1218 3081 1265 cum

738 1317 973 1382 sanctis
1014 1315 1270 1400 regibus
1297 1316 1497 1382 vitam
1537 1316 1861 1403 percipere
1890 1315 2192 1383 merearis
2222 1320 2563 1383 aeternam.
2628 1314 2798 1382 Data
2830 1314 3079 1400 Signiae

745 1433 826 1499 16
871 1430 1011 1498 Kal.
1044 1431 1228 1499 Iunii,

745 1615 919 1691 383.
960 1621 1179 1688 Pactio
1226 1619 1538 1687 Friderioi
1574 1618 1621 1686 I
1649 1621 1815 1707 reyis
1860 1631 1917 1686 et
1962 1620 2228 1712 Ber-tolfi
2266 1618 2375 1686 IV
2411 1620 2584 1686 ducis
2629 1621 2706 1686 de
2753 1621 3083 1707 Zen'nyen.

2562 1725 2565 1728 ¹
2763 1724 2875 1808 (M.
2911 1726 3085 1808 353.)

564 1851 702 1907 1152
917 1840 1091 1908 Haec
1146 1846 1243 1908 est
1296 1841 1624 1910 conventio
1681 1842 1847 1909 inter
1903 1840 2202 1908 domnum
2256 1860 2471 1925 regem
2524 1839 2575 1908 F
2579 1841 2972 1925 (ridericum)
3027 1847 3086 1908 et

558 1929 703 2034 13¹ss
741 1957 964 2027 ducem
1006 1958 1357 2025 Bertolfum
1375 1953 1410 2023 ¹.

915 2074 1203 2142 Domnus
1259 2095 1371 2142 rex
1429 2073 1606 2141 dabit
1655 2073 1860 2141 eidem
1905 2071 2049 2139 duci
2091 2078 2328 2140 terram
2371 2070 2777 2157 Burgundiae
2824 2079 2889 2141 et
2934 2072 3084 2141 Pro·

740 2191 1012 2276 vincia03
1071 2196 1135 2259 et
1178 2190 1442 2259 intrabit
1485 2209 1628 2257 cum
1675 2189 1895 2256 eodem
1939 2189 2097 2256 duce
2140 2189 2208 2254 in
2251 2188 2568 2275 predictas
2614 2193 2820 2257 terras
2868 2195 2933 2259 et
2978 2190 3083 2256 ad-

739 2308 981 2376 iuvabit
1032 2328 1175 2374 eum
1222 2307 1474 2374 easdem
1518 2311 1720 2374 terras
1767 2306 2101 2389 subiugare
2144 2326 2259 2393 per
2302 2305 2534 2373 bonam
2576 2303 2770 2374 fidem
2815 2326 2897 2373 ex
2942 2327 3084 2374 con·

739 2424 881 2490 silio
948 2425 1336 2511 principum,
1407 2423 1515 2508 qui
1578 2423 1646 2488 in
1704 2422 1923 2489 eadem
1981 2422 2378 2509 expeditione
2434 2426 2637 2489 erunt.
2739 2420 2841 2490 De
2895 2428 3081 2506 terra,

741 2561 932 2627 quam
997 2540 1182 2607 modo
1240 2539 1430 2607 habet
1486 2558 1694 2606 comes
1750 2536 2178 2605 willehelmus
2231 2537 2710 2605 Matisconensis
2769 2558 2851 2605 ex
2905 2545 3083 2628 parte

739 2657 948 2745 neptis
994 2652 1200 2741 suae²,
1245 2657 1435 2724 faciet
1478 2656 1622 2722 duci
1666 2656 1983 2722 iusticiam
2027 2661 2138 2722 ant
2182 2676 2261 2723 ex
2295 2655 2555 2722 consilio
2587 2655 2950 2743 principum
2983 2662 3085 2722 aut

742 2794 822 2840 ex
888 2773 1110 2840 inditio
1167 2773 1468 2860 ipsorum.
1650 2770 2061 2839 Dominatum
2119 2776 2183 2839 et
2237 2772 2698 2839 ordinationem
2755 2774 3082 2860 utriusque

738 2895 947 2956 terrae
990 2890 1257 2956 domnus
1300 2910 1415 2956 rex
1459 2887 1733 2973 habebit,
1779 2888 2079 2974 quamdiu
2123 2888 2192 2954 in
2234 2887 2393 2975 ipsis
2437 2889 2624 2955 terris
2661 2888 2873 2956 fuerit.
2940 2889 3084 2956 Post

740 3005 1088 3074 discessum
1131 3006 1297 3092 regis
1345 3005 1473 3071 dux
1516 3010 1817 3090 utrasque
1862 3010 2064 3072 terras
2108 3004 2176 3070 in
2220 3010 2536 3091 potestate
2583 3010 2647 3072 et
2690 3005 3082 3073 ordinatione

739 3143 858 3190 sua
899 3122 1215 3207 retinebit,
1264 3126 1477 3209 preter
1507 3120 2125 3208 archiepisehopatus
2171 3124 2234 3188 et
2278 3121 2741 3208 epischopatuS,
2789 3123 2902 3208 qui
2949 3143 3082 3211 spe·

740 3239 984 3307 cialiter
1028 3240 1108 3306 ad
1137 3259 1395 3305 manum
1425 3237 1641 3304 domni
1668 3238 1836 3321 regis
1864 3238 2202 3326 pertinent.
2274 3238 2343 3305 Si
2389 3258 2545 3324 quos
2592 3243 2805 3305 autem
2848 3238 3081 3326 episco-

739 3375 856 3443 pos
896 3376 1102 3423 comes
1132 3353 1563 3423 willehelmus
1593 3352 1696 3421 vel
1738 3352 1846 3419 alii
1874 3353 2194 3442 principes
2239 3354 2520 3423 eiusdem
2549 3359 2759 3422 terrae
2787 3354 3080 3424 investie-

739 3477 909 3557 runt,
955 3473 1208 3540 eosdem
1252 3472 1381 3538 dux
1424 3470 1741 3537 investiat.

916 3588 1003 3655 Et
1046 3588 1213 3675 quod
1256 3588 1412 3654 haec
1454 3586 1785 3654 conventio
1830 3606 1908 3653 ex
1952 3591 2134 3673 parte
2179 3586 2396 3653 domni
2424 3585 2590 3671 regis
2623 3586 3075 3670 observabitur,

740 3702 864 3773 fide
908 3703 1058 3771 data
1100 3702 1376 3771 firmavit
1406 3701 1741 3770 Heinricus
1787 3703 1916 3769 dux
1949 3702 2281 3787 Saxoniae,
2329 3703 2594 3769 domnus
2624 3700 2919 3790 Welpho,
2966 3704 3073 3771 Ar-

739 3820 963 3888 noldus
1021 3820 1458 3905 cancellarius,
1514 3839 1722 3887 comes
1770 3819 2136 3887 Oudelricus
2189 3820 2269 3886 de
2312 3817 2759 3886 Lencenburch
2772 3818 2818 3904 ⁵,
2878 3838 3072 3888 comes

739 3936 978 4024 Egeno,
1025 3935 1392 4004 Oudelricus
1423 3956 1630 4004 comes
1663 3935 1740 4004 de
1769 3934 2206 4021 Hournunge⁰,
2243 3933 2695 4022 Marcquardus
2726 3936 2807 4003 de
2842 3934 3073 4003 Groun-

740 4054 919 4140 bach,
964 4052 1283 4120 Arnoldus
1329 4053 1406 4119 de
1435 4052 1806 4139 Biberbach,
1855 4052 2000 4119 Otto
2029 4051 2348 4139 palatinus
2378 4071 2583 4118 comes
2616 4052 2693 4119 de
2723 4050 3071 4121 witelines-

740 4170 918 4255 bach,
949 4169 1305 4238 Waltherus
1337 4168 1601 4257 dapifer,
1643 4167 2106 4237 Hildebrandus
2135 4168 2456 4255 pincerna,
2488 4167 2861 4237 Counradus
2891 4168 3069 4238 Golbo

741 4292 807 4356 et
848 4288 1045 4355 frater
1090 4308 1239 4354 suus
1286 4286 1652 4370 Sigefridus.

886 4426 928 4459 ο..
970 4412 1016 4458 et
1046 4413 1090 4458 2.
1200 4411 1246 4458 b.
1275 4401 1500 4459 Lencenb.
1532 4428 1573 4458 c.
1697 4423 1736 4457 c.
1774 4406 2068 4469 Hournun⁹ge
2102 4426 2141 4456 e.

885 4498 934 4553 1.
974 4498 1053 4553 IV
1087 4497 1157 4553 de
1181 4497 1469 4568 Zeriugen.
1610 4497 1663 4552 2.
1699 4496 1983 4565 Beatricis,
2020 4493 2166 4551 filiae
2188 4493 2442 4552 Reinoldi
2466 4492 2548 4550 111
2581 4494 2803 4552 comitis
2826 4496 3065 4569 Burgun-

739 4581 894 4658 diae3
932 4601 1096 4656 quam
1132 4590 1326 4655 postea
1361 4586 1480 4657 ipse
1514 4585 1828 4644 Fridericus
1863 4586 2159 4657 imperator
2192 4584 2250 4642 in
2285 4584 2691 4642 matrimonium
2729 4586 2911 4643 duxit.
