3319 5242
959 474 1258 525 wmanm
1298 476 1675 527 nmsrom
1717 478 1823 526 sea.
1855 478 1962 526 aas.
2496 464 2624 531 531

278 617 431 699 post
472 610 704 681 multas
750 617 1229 685 ammonitiones
1277 623 1342 685 et
1382 638 1601 704 preces
1646 625 1917 704 nostras,
1965 619 2206 689 scilicet
2247 642 2328 688 ne
2372 643 2627 704 gregem
2665 627 2804 683 1152

501 2242 776 2307 bamam
818 2210 945 2306 ab„
985 2243 1081 2307 «ει.
2300 2242 2408 2326 (Μ.
2444 2244 2622 2328 380.)

452 2372 815 2440 Reverendo
858 2373 929 2439 in
974 2372 1224 2441 Christo
1269 2375 1441 2462 patri
1499 2381 1564 2443 et
1606 2375 1860 2443 domino
1906 2375 2322 2459 B(ernhardo)
2369 2382 2622 2443 sanctae
2660 2383 2800 2439 1152

265 2488 836 2557 Patherburnensis
883 2488 1222 2557 aecclesiae
1265 2490 1613 2558 venerabili
1665 2492 1958 2579 episcopo
2002 2492 2201 2559 frater
2243 2491 2622 2575 W(ibaldus)

266 2605 397 2675 Dei
451 2606 657 2692 gratia
708 2605 1104 2675 Corbeiensis
1159 2607 1498 2677 aecclesiae
1554 2607 1749 2676 abbas
1804 2609 2159 2678 orationum
2219 2614 2284 2677 et
2339 2609 2622 2695 obsequii

265 2723 565 2791 intimam
609 2723 1021 2790 devotionem.

450 2839 705 2907 Fratres
752 2841 1008 2926 quidam
1055 2841 1133 2908 de
1177 2841 1559 2907 monasterio
1604 2846 1859 2909 sanctae
1902 2840 2139 2909 Mariae
2192 2842 2275 2908 ad
2318 2862 2433 2908 nos
2477 2862 2621 2908 cum

263 2955 501 3023 litteris
545 2961 792 3023 vestrae
838 2957 1191 3024 sanctitatis
1211 2952 1226 2983 ¹
1267 2961 1608 3041 venerunt,
1667 2978 1826 3043 quae
1880 2958 1999 3025 hoc
2054 2958 2283 3026 obnixe
2340 2958 2621 3044 postula-

265 3072 444 3155 bant,
490 3077 562 3139 ut
605 3073 1013 3140 karissimum
1056 3073 1320 3140 fratrem
1363 3077 1650 3139 nostrum
1681 3073 2072 3158 Heinricum‚
2119 3072 2460 3141 aecclesiae
2505 3094 2618 3139 no-

265 3194 444 3255 strae
488 3189 784 3274 priorem,
833 3209 1021 3274 quem
1050 3188 1219 3256 idem
1248 3187 1477 3255 fratres
1510 3187 1852 3272 elegerunt,
1901 3190 1990 3256 eis
2021 3190 2090 3255 in
2135 3189 2427 3256 abbatem
2472 3208 2618 3255 con-

264 3303 654 3372 cederemus.
745 3304 852 3370 Ad
918 3325 1108 3390 quam
1174 3304 1555 3391 peticionem
1623 3324 1704 3370 ex
1768 3305 2029 3372 consilio
2089 3305 2351 3392 capituli
2416 3305 2620 3371 nostri

265 3428 521 3488 vestrae
551 3421 913 3487 discretioni
944 3421 1395 3507 respondemus
1423 3420 1724 3507 primum,
1773 3422 1923 3506 quia
1949 3421 2208 3488 idoneas
2239 3441 2462 3487 causas
2491 3441 2620 3488 non

263 3536 577 3620 videmus,
623 3556 737 3603 cur
780 3536 1044 3604 dilectus
1089 3536 1287 3604 frater
1329 3541 1545 3604 noster
1573 3536 1964 3622 counradus,
2011 3538 2121 3623 qui
2166 3537 2372 3605 eidem
2402 3557 2620 3604 mona-

263 3653 465 3720 sterio
494 3652 749 3739 prefuit,
797 3652 1117 3720 commissi
1147 3653 1269 3719 sibi
1298 3653 1506 3738 gregis
1548 3673 1767 3720 curam
1797 3653 2173 3736 deseruerit3
2222 3654 2329 3740 qui
2360 3658 2623 3740 propter

263 3768 701 3836 heremiticam
755 3769 953 3835 vitam
1007 3768 1236 3835 fratres
1293 3789 1470 3853 suos,
1529 3790 1685 3855 quos
1741 3770 2180 3837 custodiendos
2238 3774 2619 3856 susceperat,

264 3883 591 3952 deserere·
635 3904 764 3951 non
810 3883 1058 3969 debuit,
1117 3885 1285 3951 inter
1330 3904 1484 3969 quos
1533 3885 1729 3970 aliqui
1775 3890 1985 3969 erant,
2044 3885 2272 3972 quibus
2320 3886 2620 3973 prodesse

261 4001 506 4089 potuit3
565 4001 729 4086 quod
785 4000 1117 4067 manifeste
1173 3999 1395 4067 beatus
1449 4021 1619 4088 papa
1663 3999 2006 4086 Gregorius
2061 4002 2129 4067 in
2183 4001 2363 4068 libris
2420 3999 2619 4066 dialo-

259 4137 491 4202 gorum
535 4116 838 4183 ostendit:
889 4117 936 4182 I
931 4119 997 4183 bi
1035 4116 1325 4201 inquiens
1368 4119 1637 4184 adunati
1677 4121 2088 4204 equanimiter
2121 4118 2436 4204 portandi
2475 4129 2622 4182 sunt

258 4234 444 4315 mali,
491 4234 606 4299 ubi
646 4236 1050 4300 inveniuntur
1081 4234 1307 4320 aliqui,
1359 4237 1473 4320 qui
1499 4237 1876 4300 adiuventur
1904 4234 2070 4298 bom'.
2250 4231 2401 4298 Alia
2430 4250 2620 4297 causa

259 4354 401 4434 est,
448 4369 643 4434 quare
689 4349 1118 4436 predictorum
1162 4348 1432 4414 fratrum
1478 4349 1770 4416 electioni
1815 4368 2140 4415 assensum
2183 4347 2448 4435 prebere
2493 4367 2620 4415 non

410 4505 453 4538 ι.
496 4492 717 4551 epistolae
747 4491 876 4539 ludu·
908 4494 1078 4538 initient
1112 4491 1197 4538 huc
1228 4508 1368 4553 aeque
1399 4492 1465 4538 bis
1498 4493 1664 4556 legitur
1693 4494 1741 4538 in
1773 4491 1876 4538 ood-

408 4578 461 4634 1.
497 4591 584 4648 ep.
610 4578 717 4634 398
751 4592 937 4648 supra.

2079 4672 2198 4730 34*
