3319 5242
745 403 878 476 522
1418 423 1716 472 msam
1757 421 2149 472 ιιΡωτοιΑιι
2170 422 2279 471 seo.
2309 422 2419 472 m.

570 567 709 626 1152
922 563 1192 632 Iniurias
1238 583 1279 631 a
1320 563 1636 633 Folcwino
1682 570 1749 633 et
1787 563 2167 633 Widekindo
2211 563 2392 634 vobis
2445 565 2658 635 illatas
2701 566 2863 635 θεὼ
2906 567 3076 635 audi-

597 643 681 692 Μ’
745 680 981 763 vimus3
1040 681 1119 748 de
1163 680 1388 767 quibus
1432 681 1565 748 vita
1617 681 1847 749 comite
1888 681 2082 749 talem
2134 681 2437 750 faciemus
2480 684 2863 768 vindim,
2920 684 3079 771 quod

745 796 856 866 alii
909 796 1142 864 similia
1194 798 1584 866 committere
1638 817 1767 866 non
1823 804 2208 886 presument.
2275 798 2513 868 Verum
2556 801 2706 887 quia
2747 801 3079 887 poemiam

745 913 984 981 eisdem
1025 912 1553 999 malefactoribus,
1598 915 1763 982 sicut
1806 915 2183 1003 accepimus,
2227 915 2586 1003 persolvere
2628 917 3079 1005 spopondistis,

742 1050 860 1118 per
900 1031 1221 1118 presentia
1261 1031 1440 1099 vobis
1483 1031 1724 1117 scripta
1764 1029 2030 1099 firmiter
2068 1031 2476 1120 precipimus,
2519 1039 2594 1102 ut
2618 1032 2866 1101 nullam
2896 1054 3081 1122 pecu-

743 1147 915 1214 niam
947 1148 1037 1215 eis
1066 1145 1460 1234 persolvatis.
1520 1146 1910 1234 Precipimus
1941 1148 2153 1234 etiam,
2189 1154 2263 1216 ut
2287 1148 2523 1216 vallum
2556 1156 2621 1218 et
2647 1149 2807 1217 alias
2838 1156 3080 1218 vestras

741 1264 1150 1348 munitiones,
1198 1284 1358 1350 quae
1400 1264 1646 1332 noviter
1690 1264 2044 1333 destructae
2088 1285 2228 1334 esse
2266 1271 2643 1351 noscuntur,
2697 1266 2819 1335 sub
2865 1271 3081 1335 nostra

741 1379 1007 1448 tuitione
1048 1378 1410 1449 reedificare
1452 1401 1569 1468 pro
1616 1381 1857 1450 viribus
1902 1381 2229 1450 studeatis.

745 1592 920 1668 391.
960 1594 1292 1662 Heius-ioue
1333 1597 1546 1683 reyiae
1599 1598 1810 1662 curiae
1852 1599 2133 1664 notarius
2178 1597 2459 1665 Wibaldo
2512 1598 2722 1664 scribit
2772 1598 2855 1662 de
2899 1596 3077 1664 Folo-

958 1714 1122 1778 wino
1170 1723 1229 1778 et
1269 1711 1631 1806 Widekindo
1678 1711 2082 1780 Womatiam
2134 1717 2203 1780 in
2244 1716 2343 1780 ius
2383 1715 2615 1780 vocatis
2658 1714 2860 1802 deque
2902 1715 3079 1780 rebus

950 1828 1236 1915 publicis.
1441 1815 1446 1818 ¹
2753 1825 2865 1907 (M.
2902 1827 3075 1909 370.)

565 1966 707 2023 1152
917 1960 1189 2027 Domino
1246 1979 1359 2027 suo
1403 1959 1746 2044 W(ibaldo)
1790 1961 2137 2030 venerabili
2180 1960 2546 2030 corbeiensi
2599 1959 2812 2028 abbati
2858 1961 3075 2046 H(ein-

594 2041 678 2090 ω’
740 2076 933 2160 ricus)
977 2077 1189 2162 regiae
1232 2077 1444 2144 curiae
1485 2079 1771 2145 notarius
1817 2079 2146 2146 servitium
2189 2079 2375 2146 servi.

918 2192 1094 2262 Sicut
1148 2193 1450 2281 parvitati
1492 2214 1671 2263 meae
1713 2194 2077 2262 iniunxistis
2091 2244 2112 2279 ‚
2169 2194 2399 2262 domno
2442 2193 2582 2279 regi
2622 2193 2975 2279 legationes
3015 2202 3077 2264 et

740 2311 1195 2398 querimoniam
1236 2315 1515 2376 vestrm
1554 2309 1890 2395 diligenter
1935 2312 2214 2398 exposui.
2281 2309 2422 2394 Qui,
2468 2310 2547 2379 de
2575 2311 2813 2379 iniuria
2843 2318 2911 2380 et
2937 2332 3076 2397 gra·

737 2429 988 2495 vamine
1045 2431 1257 2495 vestro
1309 2446 1438 2493 non
1493 2446 1723 2511 parum
1780 2427 2216 2512 conturbatus,
2260 2426 2729 2511 malefactores,
2783 2428 3076 2496 videlicet

736 2542 1176 2626 F(olcwinum)
1236 2547 1300 2609 et
1341 2540 1842 2626 widekindum)
1856 2593 1875 2628 ,
1940 2543 2010 2610 in
2073 2543 2234 2611 festo
2287 2543 2713 2611 Bartholomei
2771 2544 3043 2632 apostoli
3059 2541 3075 2572 ¹

738 2659 1084 2728 Wormatie
1128 2659 1208 2727 ad
1251 2659 1637 2746 presentiam
1681 2679 1861 2727 suam
1904 2666 2117 2746 vocat,
2170 2665 2245 2727 ut
2295 2659 2584 2728 districto
2634 2662 2871 2729 iudicio
2914 2662 3075 2729 iniu-

737 2777 902 2844 riam
944 2776 1122 2843 vobis
1168 2780 1233 2843 et
1276 2774 1613 2844 aecclesiae
1656 2774 2021 2844 corbeiensi
2077 2776 2321 2843 illatam
2367 2776 2739 2864 expostulet.
2833 2777 3075 2847 Ducem

739 2912 985 2980 quoque
1030 2891 1343 2960 Saxoniae
1384 2892 1609 2960 intime
1652 2897 1866 2978 rogat,
1925 2897 1999 2959 ut
2038 2891 2393 2979 plenariam
2445 2893 2765 2960 iusticiam
2809 2894 2894 2962 de
2934 2916 3075 2983 pre·

740 3010 926 3078 dictis
969 3008 1476 3078 malefactoribus
1518 3009 1729 3077 faciat.
1801 3007 2163 3076 Corbeiensi
2191 3029 2437 3096 quoque
2467 3008 2806 3078 aecclesiae
2837 3018 2906 3079 et
2932 3012 3075 3080 bur-

737 3126 1036 3213 gensibus
1081 3126 1160 3193 de
1202 3125 1492 3210 Huxera,
1539 3124 1707 3194 sicut
1746 3124 1905 3192 mihi
1949 3124 2339 3209 insinuastis,
2384 3125 2605 3193 scribit
2649 3131 2713 3194 et
2755 3122 3072 3196 mandat¹.

913 3242 1013 3311 De
1042 3247 1213 3310 statu
1238 3261 1390 3311 vero
1419 3242 1631 3310 curiae
1662 3241 1898 3326 sciatis,
1945 3242 2113 3327 quod
2139 3236 2730 3327 Bavenbergensis⁸‚
2777 3264 2819 3310 a
2847 3244 3074 3312 domno

736 3379 906 3447 papa
931 3378 1221 3427 reversus
1231 3355 1274 3443 ⁴,
1314 3379 1622 3446 prospera
1648 3358 1991 3425 nunciavit.
2063 3356 2174 3427 Set
2201 3357 2436 3426 laboris
2464 3359 2567 3426 sui
2592 3359 2748 3426 satis
2777 3380 3076 3445 magnam

736 3474 1089 3544 mercedem
1145 3475 1446 3562 quesivit,
1507 3474 1784 3542 abatiam
1840 3473 2080 3542 scilicet
2131 3474 2209 3542 de
2250 3470 2513 3560 Altha⁸3
2568 3474 3075 3563 Bavenbergensi

739 3592 1076 3660 aecclesiae
1120 3612 1160 3659 a
1201 3591 1431 3659 domno
1470 3576 1620 3677 reg'e
1662 3591 2098 3658 contraditam.
2163 3589 2501 3659 Althenses
2528 3612 2676 3659 vero
2705 3591 2860 3661 huic
2886 3594 3072 3662 verbo

736 3729 883 3777 cum
925 3728 1158 3793 magna
1198 3708 1629 3794 indignatione
1674 3708 2129 3777 contradicunt.
2306 3707 2592 3776 Domnus
2621 3729 2738 3777 rex
2764 3730 2890 3778 nec
2932 3730 3073 3780 con·

737 3831 842 3894 tra
869 3824 1156 3911 Ungaros
1185 3844 1303 3892 nec
1329 3847 1548 3894 versus
1577 3824 1908 3894 Arelatum
1938 3825 2058 3892 hoc
2087 3843 2249 3892 anno
2281 3825 2745 3913 expeditionem
2776 3828 3067 3896 movebit.

915 3940 1316 4010 Cardinalem
1372 3964 1412 4010 a
1461 3942 1658 4011 latere
1714 3941 1931 4009 domni
1981 3960 2189 4029 papae
2256 3941 2338 4009 ad
2401 3962 2519 4009 nos
2584 3941 2899 4010 directum
2969 3965 3067 4011 ex·

732 4066 1079 4149 pectamus.

879 4184 929 4238 1.
977 4180 1127 4253 Aug.
1160 4180 1249 4237 24.
1390 4182 1444 4236 2.
1490 4180 1562 4238 V.
1597 4195 1728 4251 epp.
1752 4179 1857 4236 389
1891 4183 1950 4236 et
1981 4178 2089 4235 390
2135 4193 2319 4249 supra.
2470 4181 2525 4235 3.
2570 4180 2872 4251 episcopus
2905 4181 3063 4237 Eber-

737 4270 962 4328 hardus.
1113 4270 1168 4326 4.
1216 4270 1288 4326 ad
1330 4270 1539 4327 curiam
1570 4269 2027 4327 Ratisbonensem
2069 4268 2161 4324 die
2201 4268 2273 4324 29
2308 4268 2451 4325 Iunii
2485 4267 2763 4341 habitam3
2808 4286 2867 4326 v.
2892 4270 3058 4328 Otton.

737 4359 975 4430 Frising.
1013 4358 1125 4415 vit.
1150 4358 1415 4415 Friderici
1451 4360 1515 4414 L.
1538 4359 1612 4415 11.
1648 4374 1697 4415 c.
1724 4359 1777 4414 6.
1920 4358 1970 4413 5.
2017 4354 2292 4414 inferiore.
2341 4355 2423 4414 cf.
2450 4358 2694 4428 Regesta
2726 4364 2883 4428 pont.
2920 4360 3060 4415 Rom.

736 4466 792 4504 n.
819 4448 989 4519 66493
1036 4451 1094 4503 et
1128 4448 1499 4517 Her-mannum
1536 4447 1621 4504 De
1655 4446 2004 4503 institutione
2039 4446 2356 4502 monasterii
2391 4444 2714 4505 Altabensis
2759 4453 2821 4505 ct
2853 4447 3060 4506 annaloe

739 4537 1086 4609 Almhenses,
1122 4553 1263 4611 quos
1298 4536 1448 4593 edidi
1483 4537 1542 4592 in
1576 4537 1725 4593 Mon.
1750 4536 1937 4593 Germ.
1962 4534 2057 4593 SS.
2082 4535 2264 4595 XVII.
2299 4536 2404 4594 372
2440 4539 2499 4597 et
2531 4536 2655 4597 383.
