3319 5242
1030 401 1327 487 manni
1369 438 1699 488 131>1sroLA
1739 401 1815 486 ἐι.
2457 422 2583 489 109

243 584 306 646 et
360 577 707 646 clementer
762 600 905 647 eum
962 580 1177 647 divina
1229 582 1553 648 miseratio
1610 582 1961 668 protexerit
2017 581 2464 648 confortaverit
2523 587 2586 649 et
2621 589 2646 641 1
2659 588 2757 642 147

243 715 433 781 quam
500 694 774 778 gloriose
838 696 915 762 de
970 696 1347 764 bellantibus
1414 699 1480 763 in
1538 717 1680 763 eum
1736 698 2128 785 triumphare
2184 699 2581 786 concesserit,

241 811 474 896 gaudio
518 831 661 877 meo
705 811 960 878 modum
1007 818 1101 880 et·
1129 815 1471 880 terminum
1500 812 1684 879 facile
1714 833 1841 879 non
1871 814 2101 880 inveni.
2171 813 2350 880 Non*
2381 814 2585 880 solum

243 933 489 1011 autem,
550 933 649 994 set
703 934 767 994 et
821 929 971 1013 quia
1022 929 1357 1016 probitatis
1413 929 1776 1013 sagacitatis
1820 928 2073 995 virtutis
2130 936 2194 996 et
2236 930 2583 996 industriae

241 1050 385 1111 tuae
442 1043 747 1131 preconia
789 1048 922 1111 tam
966 1045 1035 1110 in
1076 1044 1336 1129 litteris,
1400 1045 1439 1111 a
1480 1045 1780 1112 fratribus
1826 1046 2060 1111 nostris
2109 1043 2584 1113 stabulensibus

243 1160 321 1227 ad
372 1161 729 1227 eminentes
773 1160 842 1226 in
888 1160 1188 1228 aecclesia
1232 1167 1297 1228 et
1339 1161 1408 1227 in
1451 1182 1644 1246 regno
1690 1181 1806 1248 pro
1849 1166 1915 1228 te
1959 1181 2261 1248 personas
2306 1162 2584 1245 directis,

242 1277 694 1343 nichilominus
741 1276 819 1343 ab
855 1278 1166 1364 episcopis
1197 1278 1526 1345 abbatibus
1557 1277 2142 1362 congregationibus
2175 1277 2583 1345 conventibus

242 1393 683 1459 testimonium
750 1393 817 1459 in
876 1393 945 1459 id
997 1392 1209 1481 ipsum
1269 1393 1740 1480 perhibentibus
1755 1443 1774 1477 ,
1843 1399 1908 1461 et
1960 1394 2239 1460 vicissim
2295 1393 2373 1460 ab
2429 1393 2585 1479 ipsis

243 1509 546 1575 maximis
592 1509 877 1595 personis
921 1510 1039 1577 tibi
1080 1510 1456 1594 faventibus„
1509 1530 1624 1597 pro
1669 1515 1734 1576 te
1779 1510 2216 1594 scribentibus,
2264 1515 2326 1576 te
2369 1509 2586 1575 foven-

243 1626 410 1692 tibus
437 1661 528 1671 —
557 1626 722 1710 quia,
768 1626 1048 1711 inquam,
1093 1626 1162 1691 in
1202 1624 1484 1712 epistolis
1514 1625 1670 1692 talia
1696 1625 1856 1711 lego,
1906 1632 2208 1712 quantum
2238 1644 2346 1691 cor
2375 1645 2587 1692 meum

244 1741 601 1830 tripudiare
614 1792 633 1826 ,
682 1748 982 1828 quantum
1028 1742 1281 1809 sibimet
1326 1741 1708 1829 applaudere
1752 1763 1940 1830 super
1984 1729 2133 1827 hoc,
2181 1742 2330 1827 quia
2373 1741 2587 1827 quale-

246 1877 516 1943 cumque
570 1857 1046 1926 fundamentum
1101 1858 1361 1926 videbar
1412 1860 1479 1925 in
1524 1858 1776 1926 homine
1821 1858 1935 1925 tali
1979 1843 2292 1946 posuisse,
2351 1859 2417 1924 in
2464 1878 2587 1943 quo

246 1978 425 2041 tanta
486 1973 790 2041 celsitudo
845 1974 1196 2041 laudandae
1252 1976 1586 2062 probitatis
1643 1976 2022 2042 surrexisset
2078 1980 2143 2041 et
2186 1974 2586 2057 excrevisset,

249 2091 486 2177 scripto
531 2089 633 2156 vel
679 2090 844 2157 dicto
887 2090 1242 2158 nullatenus
1291 2091 1645 2178 exprimere
1689 2091 1886 2158 valeo.
1958 2091 2158 2157 Taceo
2189 2091 2268 2157 de
2297 2090 2589 2157 Tulliana

252 2206 638 2292 eloquentia,
694 2211 827 2273 tam
881 2211 992 2272 tua
1046 2227 1236 2291 quam
1291 2207 1506 2273 fratris
1549 2206 1862 2288 R(oberti)
1910 2206 2299 2273 Stabulensis
2346 2205 2585 2288 decani,

252 2324 355 2409 qui
409 2343 532 2388 nos
591 2321 923 2407 aliquando
967 2321 1410 2389 nichilominus
1456 2322 1914 2409 aliquantisper
1959 2323 2227 2407 audivit,
2286 2342 2473 2407 quam
2517 2322 2586 2388 in

252 2439 492 2506 eisdem
551 2459 692 2534 sum
745 2438 972 2505 litteris
1028 2439 1428 2521 ammiratus3
1499 2439 1601 2505 cui
1659 2443 1827 2505 certe
1886 2437 2031 2505 stilo
2087 2457 2430 2525 paucorum
2487 2436 2588 2503 vel

255 2556 658 2641 antiquorum
674 2604 693 2639 ,
749 2575 875 2621 non
931 2554 1068 2621 dico
1112 2555 1557 2621 modernorum
1573 2604 1592 2639 ,
1650 2555 1834 2623 stilus
1879 2575 2017 2623 meo
2062 2555 2291 2621 iudicio
2336 2554 2588 2621 videtur

257 2693 389 2739 esse
434 2670 739 2758 prelatus.
807 2671 1009 2756 Haec,
1054 2672 1333 2757 inquam,
1379 2673 1593 2738 omnia
1636 2678 1701 2739 et
1745 2677 1952 2739 cetera
1994 2671 2215 2756 multa,
2249 2708 2332 2719 -
2367 2665 2587 2758 s'uper-

257 2787 441 2854 sedeo
485 2786 672 2873 plura
717 2787 1008 2869 scribere,
1053 2808 1134 2853 ne
1174 2788 1312 2873 quis
1343 2788 1505 2855 forte
1538 2788 1681 2875 plus
1710 2788 2100 2854 inmoderato
2130 2789 2351 2871 favori,
2401 2808 2587 2873 quem

256 2904 319 2969 in
349 2902 830 2970 dilectissimum
862 2903 1132 2969 amicum
1160 2902 1444 2988 habeam,
1482 2924 1670 2989 quam
1701 2904 1953 2970 veritati
1983 2903 2136 2970 velit
2165 2904 2475 2970 ascribere
2500 2939 2583 2949 —

256 3019 495 3086 faciunt
549 3037 652 3084 me
697 3017 1009 3102 colletari,
1063 3019 1302 3086 faciunt
1347 3021 1695 3086 anxietates
1740 3025 2175 3106 paupertatem
2218 3019 2586 3105 laboresque

257 3156 425 3202 meos
481 3135 682 3201 levius
739 3134 1038 3218 tolerare,
1098 3135 1248 3201 dum
1305 3141 1369 3202 et
1422 3135 1601 3202 illum
1657 3136 1981 3203 considero
2039 3135 2116 3201 de
2162 3136 2355 3202 tantis
2399 3134 2585 3201 malis

258 3252 557 3318 divinitus
614 3250 989 3317 mirabiliter
1048 3252 1216 3338 apud
1271 3273 1416 3319 suos
1473 3257 1720 3319 erutum
1773 3258 1864 3335 et,
1922 3252 2084 3318 sicut
2128 3252 2447 3338 auspicor,
2505 3251 2587 3317 ad

258 3388 465 3435 meum
520 3367 791 3454 speciale
848 3367 1149 3433 solacium
1202 3368 1450 3435 divinae
1494 3369 1892 3456 providentia
1933 3369 2188 3456 pietatis
2232 3368 2301 3433 in
2347 3367 2585 3435 divitiis

262 3490 321 3551 et
362 3483 750 3550 sublimitate
795 3482 1119 3567 dignitatis
1147 3484 1329 3550 iuxta
1353 3505 1457 3551 me
1475 3481 1492 3511 ¹
1523 3486 1951 3552 constitutum.
2023 3484 2133 3551 Set
2160 3485 2227 3550 in
2255 3484 2354 3549 his
2384 3483 2586 3560 omni-

262 3599 371 3666 bus
415 3605 508 3682 tu,
552 3598 715 3665 bone
760 3598 921 3682 Iesu,
968 3599 1243 3666 salvator
1283 3607 1347 3666 et
1377 3606 1620 3667 amator
1651 3600 1997 3683 hominum,
2043 3599 2367 3666 dexteram
2398 3620 2587 3686 super

262 3734 369 3781 nos
412 3720 562 3781 tuae
606 3715 1071 3802 propitiationis
1116 3716 1382 3783 extende
1428 3722 1767 3802 contraque
1794 3715 2212 3782 multiformes
2244 3716 2586 3783 adversarii

263 3851 379 3898 nos
419 3831 685 3898 insidias
730 3836 842 3897 tua
883 3832 1231 3898 munitione
1277 3832 1556 3898 defende.
1626 3831 1771 3898 Non
1814 3852 2118 3919 prospera
2160 3851 2274 3899 nos
2321 3832 2586 3916 elevent,

262 3966 383 4013 non
427 3948 694 4015 adversa
735 3951 1156 4033 prosternant,
1201 3967 1327 4013 non
1371 3968 1519 4034 pars
1548 3946 1835 4015 Marthae
1865 3953 2110 4035 partem
2140 3948 2375 4016 Mariae
2405 3949 2586 4015 nobis

268 4065 522 4148 auferat,
570 4067 633 4130 et
674 4068 748 4129 ut
789 4062 1155 4149 compendio
1202 4063 1664 4149 concludamus,
1712 4066 1803 4132 sic
1846 4069 2238 4132 transeamus
2281 4085 2397 4151 per
2422 4065 2589 4132 bona

267 4178 633 4267 temporalia
641 4189 683 4264 ⁶,
730 4184 801 4245 ut
841 4199 969 4245 non
1014 4179 1374 4245 amittamus
1421 4184 1694 4247 aeterna.

404 4354 444 4388 ι.
485 4343 533 4388 ot
565 4339 748 4387 addidi.
869 4338 913 4387 b.
945 4340 1189 4400 propterea
1218 4340 1443 4387 excidisse
1472 4341 1659 4387 videtur.
1785 4352 1826 4386 ο.
1854 4340 1920 4386 ts.
1950 4342 2002 4386 nt
2031 4339 2077 4387 ii.
2111 4354 2151 4388 ι.
2185 4354 2230 4408 ς.
2263 4341 2364 4388 eod.

401 4447 451 4500 1.
497 4445 535 4500 i.
560 4459 611 4501 e.
648 4443 927 4503 corbeiae.
