3319 5242
488 610 511 662 l
523 608 622 662 147

441 695 479 728 c.
499 681 591 728 Ian.
612 682 670 728 29

525 2603 663 2659 1147

710 443 834 509 108
1406 461 1702 509 wmALm
1744 459 2115 509 amsroms
2156 459 2232 506 so.
2264 460 2340 507 ει.

704 623 857 690 pum
903 602 1024 669 sibi
1070 606 1134 668 et
1164 601 1525 669 Corbeiensi
1572 603 1870 670 ecclesiae
1913 603 2050 669 iure
2095 601 2512 689 proprietario
2557 602 2626 668 in
2670 608 3042 689 perpetuam

704 719 1164 805 possessionem
1236 719 1611 785 contulimus
1632 716 1667 802 ¹,
1739 718 1911 785 salvo
1978 718 2116 784 iure
2181 723 2328 784 tuae
2387 717 2815 784 advocationis
2878 717 3041 804 quod

705 834 899 901 habes
968 835 1035 900 in
1100 834 1334 901 eisdem
1390 836 1562 901 locis.
1630 834 1948 901 ‘Volumus
2008 839 2219 901 autem
2275 838 2462 919 atque
2514 834 2890 900 mandamus
2950 834 3042 899 di-

706 950 963 1017 lectioni
1006 956 1171 1034 tuae,
1218 955 1308 1035 ut,
1356 951 1411 1017 si
1455 952 1620 1017 inter
1665 956 1730 1017 te
1777 955 1839 1017 et
1883 971 2027 1017 eum
2057 951 2438 1035 convenerit,
2485 950 2584 1016 ius
2616 949 3040 1017 advocationis

707 1067 790 1133 ad
845 1067 1061 1133 eadem
1115 1067 1253 1133 loca
1310 1067 1369 1133 ei
1426 1068 1560 1134 vice
1604 1073 1856 1151 nostra,
1918 1067 2442 1152 quemadmodum
2485 1067 2667 1134 nobis
2714 1066 3042 1152 debueras,

704 1183 1015 1267 resignes,
1073 1183 1349 1268 itemque
1407 1183 1484 1250 ab
1543 1203 1615 1249 eo
1675 1187 1738 1249 et
1793 1183 1832 1249 a
1875 1182 2238 1250 Corbeiensi
2295 1182 2598 1249 aecclesia
2649 1183 3046 1250 advocatiam

705 1299 971 1385 recipias
985 1293 1026 1364 ².
1098 1298 1335 1376 Quodsi
1380 1299 1457 1365 de
1502 1298 1620 1365 hoc
1664 1299 1828 1365 inter
1877 1318 1984 1365 vos
2031 1319 2157 1366 non
2188 1300 2569 1384 convenerit,
2617 1299 3043 1384 donationem,

705 1435 894 1499 quam
951 1415 1248 1481 ecclesiae
1303 1415 1597 1500 fecimus,
1656 1419 1728 1481 ut
1782 1420 2000 1482 contra
2044 1435 2261 1483 omnes
2306 1416 2735 1483 infestationes
2777 1417 3044 1500 tuearis,

705 1536 767 1597 et
811 1531 1225 1616 advocatiam,
1273 1552 1463 1616 quam
1507 1532 1584 1598 de
1628 1532 1810 1599 nobis
1855 1551 2045 1619 super
2090 1532 2308 1598 eadem
2352 1531 2490 1597 loca
2531 1535 2727 1616 tenes,
2772 1530 3046 1599 fideliter

704 1666 778 1713 ac
834 1651 1088 1714 strenue
1136 1651 1199 1713 et
1243 1647 1323 1712 ad
1367 1646 1834 1715 firmamentum
1876 1653 2130 1714 nostrae
2175 1648 2531 1714 donationis
2578 1648 3046 1715 amministrare

703 1762 957 1829 studeas
972 1813 991 1848 ,
1047 1763 1116 1829 in
1176 1752 1454 1850 presenti
1511 1764 1746 1850 pagina
1798 1784 1914 1851 per
1968 1764 2293 1832 obtentum
2342 1765 2583 1848 gratiae
2626 1769 2882 1832 nostrae
2923 1764 3045 1832 tibi

700 1878 1055 1945 mandando
1101 1879 1503 1966 precipimus.

707 2215 828 2286 31.
875 2217 1274 2283 Reinlzardus
1319 2220 1509 2284 abbas
1538 2218 2013 2284 Reinehusenst‘s
2058 2220 2135 2283 de
2177 2219 2448 2285 Wibaldi
2479 2221 2916 2307 prosperitate,
2966 2244 3043 2286 ex

881 2336 1011 2398 eius
1053 2334 1397 2398 litterarum
1444 2336 1738 2421 exemplis
1783 2336 2044 2421 coquito,
2099 2336 2349 2422 qaudet,
2396 2345 2725 2423 speratque
2753 2335 2927 2423 fore,
2974 2348 3045 2401 ut

879 2460 1159 2536 suscepta
1191 2451 1268 2515 ab
1302 2473 1371 2514 eo
1406 2452 1656 2517 abbatia
1692 2451 2068 2516 Corbeiensis
2095 2451 2162 2515 in
2190 2474 2322 2516 rem
2351 2474 2530 2515 suam
2559 2453 2652 2515 sit.
2730 2449 2867 2531 .(M.
2903 2451 3037 2534 34.)

880 2590 1127 2658 Dilecto
1172 2590 1458 2677 dilectus,
1505 2590 1802 2677 quicquid
1847 2591 2088 2679 expetit
2133 2591 2481 2660 devotionis
2529 2590 2832 2659 affectus·

878 2707 1087 2774 Lectis
1134 2711 1197 2773 et
1236 2707 1507 2791 relectis,
1554 2708 1644 2773 mi
1674 2702 1981 2791 Wibalde,
2027 2709 2308 2775 virorum
2338 2708 2762 2794 dilectissime,
2808 2709 3038 2777 litteris

702 2846 741 2892 a
773 2831 838 2891 te
874 2830 938 2891 et
969 2824 1049 2889 ad
1078 2829 1141 2890 te
1188 2827 1251 2890 et
1294 2844 1409 2911 pro
1456 2829 1519 2890 te
1562 2824 1748 2890 factis
1795 2829 1860 2890 et
1902 2819 2213 2908 directis⁸,
2259 2825 2694 2911 multipliciter
2738 2847 2898 2910 sum,
2944 2827 3036 2893 fa—

699 2947 866 3026 teor,
925 2938 1182 3009 affectus
1229 2944 1293 3007 et'
1335 2939 1705 3006 lacrimosus
1749 2960 1865 3027 per
1907 2941 2081 3026 ipsas
2128 2939 2485 3008 affectiones
2528 2940 2802 3008 effectus.
2873 2941 3036 3008 Gon-

699 3057 982 3124 siderans
1028 3056 1216 3139 enim,
1265 3056 1516 3140 quantis
1560 3056 1836 3123 miseriis
1880 3055 2341 3124 calamitatibus
2371 3058 2686 3144 pressuris
2715 3056 3034 3125 laboribus

699 3178 762 3240 et
829 3172 1165 3256 angoribus
1235 3192 1313 3238 ex
1379 3172 1564 3256 longo
1619 3172 1815 3237 michi
1883 3172 2327 3240 dilectissimus
2383 3172 2568 3239 homo
2635 3173 3034 3258 subiacuerit,

698 3295 933 3374 quanta
989 3308 1213 3374 passus
1265 3287 1457 3353 fuerit
1502 3287 1579 3354 ab
1625 3287 1757 3371 his,
1815 3308 1970 3372 quos
2015 3289 2274 3356 minime
2320 3289 2627 3374 decuerit,
2688 3310 2816 3355 non
2859 3290 3037 3377 potui

699 3404 983 3491 quamvis
1030 3404 1142 3469 de·
1189 3403 1506 3490 preteritis
1554 3404 1685 3469 acsi
1730 3403 1807 3469 de
1851 3405 2247 3491 presentibus
2293 3405 2477 3471 malis
2525 3409 2588 3471 et
2619 3406 2896 3472 erumnis
2929 3406 3038 3473 de-

695 3522 829 3589 bita
885 3512 1319 3605 compassione
1373 3538 1501 3583 non
1553 3520 1828 3603 moveri,
1889 3541 2018 3586 non
2069 3522 2249 3608 potui
2294 3520 2428 3587 zelo
2485 3522 2773 3588 iusticiae
2816 3528 3040 3589 contra

695 3642 903 3704 tantas
964 3635 1332 3720 iniquitates
1379 3639 1443 3699 et
1484 3637 1989 3723 presumptiones
2034 3656 2162 3702 non
2204 3637 2498 3704 morderi.
2567 3638 2807 3704 Rursus
2855 3641 2892 3705 e
2937 3659 3036 3705 re-

694 3755 879 3839 gione
925 3749 1376 3838 contemplanS,
1424 3770 1612 3836 quam
1656 3752 1925 3836 benigne
1968 3773 2158 3837 quam
2188 3757 2494 3839 oportune
2528 3773 2717 3839 quam
2745 3759 3039 3841 potenter

840 3945 881 3977 a.
922 3930 979 3976 de
1013 3929 1194 3975 addidi.

841 4027 889 4079 1.
938 4023 1146 4079 Fuldse
1188 4022 1321 4079 ciro.
1368 4016 1438 4080 29
1481 4024 1597 4080 Ian.
1636 4025 1801 4094 11473
1858 4040 1913 4080 v.
1957 4023 2204 4081 Annales
2249 4024 2610 4081 corbeienses
2656 4040 2823 4094 supra
2867 4041 2920 4095 p.
2947 4026 3037 4083 55.

694 4116 747 4170 2.
783 4113 842 4167 id
878 4114 986 4167 iam
1024 4128 1211 4168 mense
1234 4113 1429 4169 Martio
1466 4130 1515 4167 a.
1547 4115 1682 4169 1147
1721 4112 1928 4169 factum
1964 4129 2102 4182 esse,
2139 4114 2305 4170 docet
2339 4114 2577 4171 Conradi
2613 4114 2759 4184 regis
2794 4114 3037 4184 diploma

695 4217 783 4271 ap.
809 4199 1023 4256 Erhard
1060 4202 1195 4271 Reg.
1226 4201 1293 4269 11,
1332 4202 1453 4257 cod.
1480 4202 1615 4271 dipl.
1654 4218 1710 4272 p.
1735 4204 1824 4258 47.
1951 4203 2003 4258 3.
2042 4202 2187 4258 Hinc
2222 4207 2391 4272 patet,
2429 4203 2749 4259 Wibaldum
2785 4206 3038 4275 exempla

693 4289 1002 4344 litterarum
1042 4306 1280 4358 suarum,
1317 4295 1376 4345 et
1410 4291 1700 4346 missarum
1737 4299 1795 4346 et
1828 4296 2195 4361 acceptarum,
2233 4292 2342 4347 iam
2369 4296 2498 4347 ante
2522 4298 2835 4362 susceptam
2874 4294 3036 4350 abba·

693 4378 827 4432 tiam
854 4377 1239 4434 corbeiensem
1276 4380 1583 4450 collegisse,
1620 4395 1796 4449 eaque
1830 4381 1900 4435 ad
1926 4380 2295 4436 Reinhardum
2320 4380 2575 4436 abbatem
2601 4381 3034 4439 Reinhusensem

694 4467 929 4523 misisse.
983 4465 1067 4523 Cf.
1106 4484 1227 4523 eam
1265 4484 1407 4537 quae
1437 4468 1691 4538 sequitur
1724 4469 2041 4540 epistolam,
2089 4470 2148 4524 in
2190 4486 2302 4540 qua
2337 4470 2656 4541 „actionum
2691 4487 2915 4527 suarum
2951 4471 3034 4527 lit-

693 4556 880 4613 teras“
916 4562 1181 4614 memorat
1219 4557 1528 4613 Wibaldus.
