3319 5242
941 468 1244 516 wmALm
1284 467 1658 518 nmeromn
1699 468 1856 516 190-
1870 469 1977 517 200.
2497 455 2627 521 317

286 605 408 676 fide
436 607 762 692 fundatus,
807 605 1051 676 efficere
1081 609 1355 695 studeas,
1400 629 1482 678 ne
1511 611 1811 679 adversus
1843 611 2253 700 apostolicam
2279 612 2627 683 Romanam
2663 620 2804 676 1149

286 724 658 792 aecclesiam
700 723 1059 792 huiusmodi
1100 725 1327 795 fluctus
1368 727 1731 813 insurgant,
1776 727 1908 813 vel,
1966 729 2022 795 si
2064 729 2227 797 forte
2273 708 2701 818 aliquorum⁶

283 842 603 928 pravitate
645 842 971 926 insurgere
1014 843 1315 930 ceperint,
1361 863 1504 911 cum
1544 844 1686 911 aliis
1717 844 2015 913 ecclesiae
2043 844 2165 913 Dei
2192 845 2480 915 fidelibus
2509 869 2625 936 pro

283 956 529 1024 viribus
587 962 650 1023 et
700 958 1040 1044 prudentia
1090 959 1209 1027 tibi
1266 960 1306 1026 a
1356 959 1492 1027 Deo
1550 961 1782 1029 collata
1834 981 2213 1050 compescas.
2316 964 2450 1031 Nec
2501 965 2629 1032 ista

281 1072 426 1140 ideo
472 1072 827 1158 scribimus,
874 1075 1043 1160 quod
1085 1076 1350 1142 domnus
1393 1097 1565 1164 papa
1590 1077 1694 1145 vel
1736 1098 1852 1144 nos
1898 1079 1975 1146 de
2019 1080 2249 1167 prefati
2279 1081 2447 1165 regis
2477 1100 2625 1148 con-

282 1190 526 1256 stantia
568 1188 855 1284 dubitare
900 1190 1258 1278 debeamus,
1305 1198 1403 1260 set
1445 1193 1595 1279 quia
1636 1195 1841 1261 nostri
1883 1195 2178 1262 desiderii
2213 1202 2329 1282 est,
2374 1202 2448 1263 ut
2476 1196 2625 1265 affe-

281 1310 486 1391 ctum,
548 1326 736 1392 quem
790 1311 1074 1395 tempore
1130 1308 1451 1395 colloquii,
1512 1312 1680 1397 qnod
1730 1330 1875 1378 cum
1928 1332 2001 1378 eo
2056 1311 2418 1398 habuimus,
2474 1333 2626 1398 erga

281 1421 502 1489 sedem
548 1422 955 1510 apostolicam
989 1425 1197 1494 verbis
1242 1426 1535 1513 ostendit,
1579 1427 1674 1495 ita
1717 1427 1910 1494 etiam
1953 1427 2371 1497 abundantius
2415 1430 2625 1518 operis

282 1537 673 1607 exhibitione
717 1539 1122 1611 demonstret.
1343 1543 1348 1548 ’

291 1743 328 1813 1
343 1742 469 1814 99.
507 1746 812 1814 Iohannes
853 1715 1189 1818 monachus
1230 1749 1720 1831 Fritheselensis,
1776 1751 1865 1816 ad
1902 1773 2110 1839 reqem
2150 1754 2366 1832 iturus,
2416 1774 2456 1817 a
2497 1751 2625 1817 Wi-

511 1856 694 1921 baldo
737 1857 1037 1922 mandata
1079 1867 1276 1945 φοραί.
2304 1856 2412 1940 (Μ.
2452 1858 2625 1939 198.)

463 1986 713 2054 Ι)0111110
756 1986 1097 2070 W(ibaldo)
1155 1994 1409 2057 sanctae
1452 1989 1847 2058 Corbeiensis
1899 1990 2238 2059 aecclesiae
2281 1991 2627 2059 venerabili
2706 2006 2845 2062 1149

281 2103 502 2172 abbati
567 2104 762 2171 frater
813 2103 1173 2189 I(ohannes)
1244 2125 1387 2173 cum
1452 2107 1746 2173 universo
1801 2105 2279 2174 Fritheselensis
2345 2108 2590 2177 cenobii
2607 2103 2625 2136 ¹
2657 2080 2757 2128 ⁰⁰²·
2773 2080 2887 2128 Μ’·

278 2220 568 2305 collegio,
614 2221 670 2287 si
713 2222 866 2308 quid
906 2222 1076 2289 valet
1121 2243 1200 2289 ex
1246 2223 1455 2289 animo
1501 2228 1566 2290 et
1608 2222 1795 2290 corde
1840 2222 2144 2290 devotius.

463 2335 643 2404 Sicut
684 2336 929 2405 diutina
972 2337 1256 2406 absentia
1284 2344 1494 2406 vestra
1535 2338 1890 2423 tristiciam,
1937 2340 2029 2406 sic
2070 2339 2139 2406 in
2183 2357 2339 2426 pace
2383 2339 2624 2406 reditus

277 2449 527 2521 vester²
572 2452 859 2521 omnibus
911 2455 1094 2523 nobis
1138 2456 1464 2540 generavit
1502 2455 1799 2522 leticiam.
1864 2455 2046 2522 Nunc
2091 2475 2238 2522 vero
2286 2455 2366 2522 ad
2408 2475 2622 2539 regem
2754 2469 2755 2474 ’

276 2590 385 2638 1110
413 2571 672 2656 iturum,
706 2575 918 2639 vestra
949 2572 1197 2639 noverit
1240 2571 1639 2655 excellentia3
1688 2577 1753 2640 et
1797 2572 1853 2639 si
1897 2572 2065 2658 quod
2106 2571 2269 2640 forte
2297 2572 2623 2657 iniungere

275 2687 441 2753 mihi
484 2686 793 2774 placuerit
833 2689 1175 2773 negotium,
1227 2709 1342 2776 per
1385 2688 1659 2776 aliquem
1702 2693 1982 2756 vestrum
2023 2687 2272 2756 fidelem
2316 2688 2624 2756 directum

277 2804 364 2870 ad
408 2824 513 2870 me
557 2804 926 2889 quantocius
969 2806 1253 2872 noverim
1282 2806 1583 2873 nuncium
1596 2816 1636 2871 ·.
1701 2803 2115 2873 Sanctitatem
2142 2810 2419 2874 vestram
2448 2804 2621 2873 Deus

275 2920 678 3007 omnipotens
723 2920 1099 2990 incolumem
1142 2921 1471 2989 custodiat.

278 3132 466 3206 200.
503 3135 819 3202 Wibaldus
846 3118 1112 3203 Iohanni
1143 3134 1442 3202 monacho
1475 3135 1543 3200 F
1532 3135 1904 3201 rime-selenci
1932 3136 2208 3216 mandat,
2253 3147 2323 3201 ut
2348 3137 2416 3201 in
2446 3137 2621 3201 curia

504 3244 681 3331 reyia
722 3245 1065 3310 rationibus
1106 3247 1232 3310 suis
1277 3243 1568 3310 consulat.
2299 3240 2407 3325 (M.
2448 3241 2620 3322 199.)

459 3375 683 3444 Frater
712 3374 1038 3443 Wibaldus
1068 3375 1190 3444 Dei
1233 3376 1438 3461 gratia
1466 3374 1553 3459 id,
1601 3375 1768 3460 quod
1812 3380 1910 3442 est
1948 3375 2019 3441 in
2064 3374 2367 3443 aecclesia
2408 3374 2621 3442 catho-
2701 3389 2841 3445 1149

270 3492 424 3578 lica,
472 3491 699 3560 dilecto
741 3492 927 3559 fratri
972 3496 1037 3559 et
1065 3491 1265 3558 amico
1295 3512 1408 3559 suo
1436 3490 1701 3558 Iohanni
1731 3496 1795 3557 et
1821 3491 2113 3558 universo
2142 3491 2621 3559 Fritheselensis
2655 3463 2755 3511 ⁰⁰²·
2771 3464 2813 3510 N
2840 3477 2885 3511 '⁶

274 3608 585 3679 ecclesiae
629 3608 962 3676 conventui
1007 3608 1266 3693 exiguas
1312 3608 1626 3675 orationes
1673 3611 1737 3674 et
1780 3606 2076 3674 devotum
2120 3608 2465 3674 servitium.

457 3724 702 3792 Memor
755 3744 892 3792 esse
943 3724 1129 3793 debet
1174 3724 1425 3792 dilectio
1469 3729 1610 3808 tua,
1670 3723 1939 3809 qualiter
1980 3744 2097 3791 nos
2139 3724 2410 3791 multum
2451 3724 2618 3791 reni-

271 3847 486 3911 tentes
531 3846 598 3909 et
637 3841 1029 3908 amarissime
1057 3839 1277 3908 flentes
1308 3840 1391 3907 ad
1419 3839 1887 3926 suscipiendum
1912 3841 2195 3925 regimen
2225 3840 2619 3909 Corbeiensis

272 3958 573 4027 abbatiae
615 3958 1074 4025 instantissima
1103 3957 1510 4045 persuasione
1546 3956 1935 4044 compulisti;
1982 3962 2046 4024 et
2087 3962 2235 4045 post
2276 3957 2619 4043 susceptio-

270 4096 446 4160 nem,
492 4079 829 4160 antequam
871 4093 1103 4161 panem
1145 4093 1290 4141 cum
1319 4072 1797 4141 Corbeiensibus
1830 4077 2245 4157 gustaremus,
2291 4072 2618 4139 studiosis-

272 4193 440 4260 simo
487 4190 748 4258 consilio
790 4210 906 4258 nos
950 4189 1277 4275 induxisti,
1330 4196 1404 4257 ut
1442 4211 1559 4278 pro
1605 4189 1964 4278 optinendis
2008 4187 2325 4257 aecclesiis
2370 4188 2447 4254 (10
2492 4186 2618 4254 Ka-

420 4329 465 4363 a.
506 4318 576 4363 εἰσ
606 4325 674 4363 eu
703 4318 750 4362 in
782 4315 885 4363 cod.
912 4325 1144 4375 con-rupim
1175 4317 1319 4362 lom.

419 4404 473 4459 1.
512 4400 815 4459 Fmdesloh
850 4401 996 4457 inter
1030 4400 1318 4459 corbeiam
1353 4405 1412 4457 et
1444 4399 1767 4459 Nordheim.
1904 4400 1957 4455 2.
1994 4397 2277 4455 corbeiam
2316 4412 2387 4454 ex
2421 4396 2617 4454 Stabu-

272 4490 422 4548 101ιεί
469 4490 829 4563 monasterio;
877 4489 973 4547 ubi
1020 4489 1111 4546 die
1146 4490 1179 4545 7
1216 4488 1366 4560 Sept.
1395 4490 1533 4546 1149
1569 4488 1884 4547 wibaldum
1931 4486 2104 4545 fuisse
2148 4486 2510 4559 intelligimus
2545 4502 2617 4545 ex

272 4597 371 4652 ep.
396 4580 504 4637 201
540 4578 686 4637 infra
717 4597 775 4651 p.
798 4579 904 4637 319
932 4579 1136 4636 01320.
