3319 5242
524 847 662 902 1148

504 3881 642 3936 1148

496 3956 605 4016 Apr.
633 3956 657 4001 1

720 443 848 511 154
1414 462 1712 508 wmALm
1755 461 2130 509 EPISTOLAE
2172 460 2245 508 79.
2278 459 2354 507 so.

721 601 842 672 79.
888 604 1202 671 Wt‘baldus
1230 604 1517 693 Euqem‘o
1542 605 1657 672 ΠΙ
1661 628 1880 693 papae
1924 606 2002 669 de
2030 603 2434 670 Fuldmsium
2477 605 2790 671 discordia
2828 606 3055 670 scribit.

2730 717 2839 799 (M.
2882 719 3056 799 143.)

890 833 1416 903 Reverentissimo
1470 836 1642 922 patri
1701 855 1814 902 suo
1862 840 1927 901 et
1970 835 2222 901 domino
2267 833 2603 920 E(ugenio)
2647 834 2759 900 uni
2805 841 2873 902 et
2915 835 3055 901 uni-

712 950 941 1017 versali
984 950 1265 1038 pontifici
1317 953 1515 1018 frater
1551 950 1924 1034 W(ibaldus)
1970 951 2093 1018 Dei
2147 952 2355 1036 gratia
2411 956 2477 1018 et
2516 956 2731 1018 vestra
2771 950 2839 1017 id
2889 951 3053 1037 quod

714 1072 811 1134 est
851 1067 920 1133 in
964 1068 1266 1136 aecclesia
1309 1068 1646 1152 catholica,
1708 1067 2108 1135 dilectionem
2151 1072 2225 1133 ut
2266 1067 2465 1154 patri,
2521 1067 2946 1135 obedientiam
2991 1073 3056 1136 et

711 1184 1036 1250 servitium
1078 1189 1153 1250 ut
1196 1184 1469 1251 domino.

882 1299 1227 1387 Postquam
1284 1301 1364 1367 ab
1421 1300 1720 1387 equitatis
1775 1305 2024 1367 vestrae
2079 1318 2345 1366 censura
2386 1297 2686 1381 AssoIfus)
2732 1299 3054 1384 quondam

707 1415 1036 1484 Fuldensis
1095 1418 1288 1485 abbas
1349 1418 1517 1504 apud
1562 1418 1885 1485 Treverim
1940 1416 2263 1503 depositus
2319 1415 2470 1500 fuit,
2528 1414 2860 1483 Fuldensis
2911 1435 3055 1483 aec-

708 1533 899 1600 clesia
949 1553 1274 1619 nunquam
1327 1534 1396 1599 in
1450 1534 1808 1617 generalem
1864 1534 2263 1600 concordiam
2313 1532 2534 1614 rediit3
2594 1533 2895 1617 quoniam
2936 1533 3054 1619 hii,

707 1650 815 1735 qui
871 1670 1014 1717 cum
1062 1648 1287 1717 abbate
1333 1655 1398 1715 et
1441 1670 1558 1736 pro
1605 1649 1831 1717 abbate
1875 1654 2213 1733 steterant,
2271 1668 2487 1715 omnes
2528 1648 2661 1715 fere
2705 1649 2784 1716 de
2827 1669 3056 1716 mona-

707 1765 898 1832 sterio
946 1764 1195 1852 expulsi
1240 1770 1406 1850 sunt,
1453 1771 1518 1832 et
1555 1767 1833 1833 maxime
1861 1766 1978 1850 illi,
2026 1766 2136 1851 qui
2165 1764 2429 1832 alicuius
2459 1765 3056 1833 amministrationis

706 1880 914 1948 officia
969 1902 1010 1948 a
1058 1881 1262 1966 longis
1307 1887 1478 1948 retro
1522 1882 1912 1969 temporibus
1956 1882 2189 1950 habere
2229 1882 2622 1949 videbantur.
2693 1880 2874 1959 Quod
2918 1882 3057 1949 dis-

706 1997 1013 2066 sensionis
1067 1998 1305 2066 malum
1359 2001 1428 2066 in
1483 2004 1734 2065 tantum
1789 1998 2017 2082 crevit,
2074 2003 2149 2064 ut
2203 1998 2368 2064 lator
2417 1999 2807 2084 presentium
2849 1998 3057 2066 frater

704 2114 890 2182 Dudo
907 2163 925 2200 ,
987 2136 1130 2182 cum
1176 2115 1421 2183 litteras
1465 2121 1715 2183 vestrae
1757 2115 2054 2181 iussionis
2115 2114 2195 2181 de
2250 2114 2538 2184 facienda
2592 2114 2896 2181 electione
2940 2115 3054 2182 de-

704 2231 919 2315 disset,
966 2252 1117 2297 mox
1160 2232 1229 2298 in
1272 2237 1460 2319 porta
1501 2232 1871 2298 monasterii
1905 2236 2128 2317 captus
2156 2231 2259 2298 sit.
2328 2231 2459 2297 Nos
2491 2250 2737 2317 quoque
2768 2231 2808 2296 a
2834 2236 3056 2298 vestra

702 2347 1070 2415 celsitudine
1100 2346 1368 2414 Fuldam
1411 2350 1629 2416 venire
1671 2349 1853 2431 iussi,
1898 2367 2195 2414 revocare
2237 2347 2411 2434 ipsos
2458 2347 2540 2414 ad
2582 2366 2826 2434 pacem,
2876 2352 2941 2413 et
2981 2353 3055 2414 ut

700 2465 929 2531 fratres
976 2484 1122 2531 suos
1166 2465 1237 2530 in
1282 2465 1762 2549 congregatione
1807 2463 2191 2550 reciperent,
2249 2463 2527 2530 studiose
2572 2463 3050 2550 temptavimus,

701 2586 799 2649 set
840 2580 1216 2649 facientibus
1261 2583 1537 2669 peccatis
1580 2581 1742 2648 nihil
1771 2580 2168 2668 profecimus.
2239 2577 2400 2659 Quia
2427 2580 2624 2665 igitur
2653 2579 2735 2647 ad
2763 2585 3049 2648 vestram

700 2699 1194 2766 moderationem
1239 2699 1548 2786 pertinet,
1594 2704 1670 2765 ut
1709 2699 1913 2764 instar
1955 2697 2208 2763 divinae
2249 2697 2608 2784 potenciae,
2655 2717 2817 2782 quae
2863 2705 3051 2764 sanat

698 2815 1004 2882 contritos
1061 2815 1247 2883 corde
1308 2820 1371 2882 et
1427 2815 1649 2900 alligat
1706 2813 2121 2881 contriciones
2179 2833 2424 2896 eorum,
2488 2813 2768 2879 omnium
2826 2833 3045 2880 curam

698 2952 842 2999 cum
886 2932 1320 2999 misericordia
1363 2931 1681 3015 habeatis,
1726 2931 2085 3018 providete,
2131 2949 2212 2997 ne
2259 2929 2624 2995 aberrantes
2670 2949 2819 2995 oves
2864 2928 3045 3016 lupo-

697 3070 840 3116 rum
894 3049 1208 3116 morsibus
1263 3047 1618 3115 lacerentur
1674 3052 1738 3115 et
1796 3046 2100 3113 aecclesia
2142 3044 2474 3111 Fuldensis
2487 3094 2507 3129 ‚
2564 3065 2725 3130 quae
2781 3045 3044 3131 amplis-

698 3166 860 3233 sima
910 3170 1009 3232 est
1053 3170 1118 3233 et
1161 3164 1293 3232 suis
1341 3164 1572 3251 spaciis
1618 3169 1684 3230 et
1726 3168 1940 3230 vestra
1984 3161 2246 3249 speciali
2290 3161 2718 3228 dominatione
2763 3166 2830 3227 et
2873 3162 3042 3227 ordi-

698 3283 970 3366 natione,
1018 3302 1132 3368 per
1176 3301 1289 3348 vos
1334 3282 1403 3346 in
1446 3299 1603 3367 pace
1647 3298 1723 3346 ac
1749 3279 2056 3364 religione
2094 3278 2435 3346 reformata
2468 3279 2663 3345 totius
2693 3277 3042 3346 honestatis

697 3391 1123 3485 principatum
1168 3397 1465 3464 obtineat.

698 3610 823 3682 80.
873 3611 1197 3700 Euqenius
1235 3610 1348 3677 111
1368 3633 1552 3698 papa
1595 3610 1890 3676 Heinrico
1934 3612 2366 3676 Romanorum
2406 3610 2543 3696 τερα·
2583 3612 2932 3697 respondet,
2976 3636 3042 3677 se

874 3730 1102 3815 Ayneti
1147 3729 1425 3833 dapis-sae
1468 3728 1771 3793 Polom'ae
1817 3749 1997 3814 opem
2039 3727 2314 3791 laturum
2359 3748 2501 3790 esse.
2757 3724 2867 3806 (M.
2903 3727 3037 3807 64.)

873 3860 1197 3945 Eugenius
1246 3860 1574 3947 episcopus
1622 3880 1841 3926 servus
1887 3878 2212 3925 servorum
2251 3857 2373 3925 Dei
2417 3856 2646 3925 dilecto
2689 3859 2758 3924 in
2787 3858 3039 3926 Christo

694 3975 824 4043 filio
856 3975 1151 4043 Heinrico
1197 3977 1428 4043 iuniori
1458 3975 1887 4042 Romanorum
1927 3975 2086 4059 regi,
2130 3973 2397 4040 illustris
2436 3975 2839 4063 imperatoris
2869 3975 3037 4043 Gun-

695 4093 838 4160 radi
881 4092 1032 4177 filio,
1079 4093 1348 4160 salutem
1393 4099 1456 4158 et
1501 4092 1911 4179 apostolicam
1956 4090 2474 4158 benedictionem.

870 4208 1147 4277 Litteras
1199 4215 1264 4277 et
1305 4208 1570 4275 nuncios
1628 4214 1771 4275 tuos
1830 4207 2043 4274 debita
2085 4207 2474 4291 benignitate
2513 4207 2921 4294 suscepimus
2974 4212 3036 4275 et

696 4346 912 4393 eorum
968 4346 1185 4413 preces
1243 4325 1578 4409 diligenter
1625 4324 2024 4390 attendimus.
2115 4322 2460 4391 Personam
2505 4323 2816 4409 siquidem
2858 4329 3032 4390 tuam

694 4462 846 4509 vera
888 4443 958 4509 in
985 4442 1257 4508 Domino
1296 4442 1560 4507 caritate
1590 4439 1911 4524 diligimus
1957 4445 2040 4525 et,
2085 4440 2154 4507 in
2200 4440 2426 4526 quibus
2457 4440 2800 4506 secundum
2829 4439 3029 4507 Deum

695 4578 1049 4647 possumus,
1080 4564 1384 4649 paternae
1414 4556 1766 4624 devotionis
1795 4576 2126 4644 memores,
2156 4556 2445 4625 volumus
2475 4555 2800 4624 honorare.
2856 4556 3027 4623 Ideo-
