<?xml version="1.0" encoding="UTF-8"?>
<!DOCTYPE html PUBLIC "-//W3C//DTD XHTML 1.0 Transitional//EN"
    "http://www.w3.org/TR/xhtml1/DTD/xhtml1-transitional.dtd">
<html xmlns="http://www.w3.org/1999/xhtml" xml:lang="en" lang="en">
 <head>
  <title>
</title>
<meta http-equiv="Content-Type" content="text/html;charset=utf-8" />
  <meta name='ocr-system' content='tesseract 3.04.00' />
  <meta name='ocr-capabilities' content='ocr_page ocr_carea ocr_par ocr_line ocrx_word'/>
</head>
<body>
  <div class='ocr_page' id='page_1' title='image "./monumentacorbei00corvgoog_0046.png"; bbox 0 0 3319 5242; ppageno 0'>
   <div class='ocr_carea' id='block_1_1' title="bbox 706 438 2279 509">
    <p class='ocr_par' dir='ltr' id='par_1_1' title="bbox 706 438 2279 509">
     <span class='ocr_line' id='line_1_1' title="bbox 706 438 2279 509; baseline 0.002 -4"><span class='ocrx_word' id='word_1_1' title='bbox 706 438 792 505; x_wconf 85' lang='lat'><strong>32</strong></span> <span class='ocrx_word' id='word_1_2' title='bbox 1462 459 1774 508; x_wconf 59' lang='lat' dir='ltr'><strong>muns</strong></span> <span class='ocrx_word' id='word_1_3' title='bbox 1819 458 2279 509; x_wconf 66' lang='lat' dir='ltr'><strong>oommnsns</strong></span> 
     </span>
    </p>
   </div>
   <div class='ocr_carea' id='block_1_2' title="bbox 981 760 2757 841">
    <p class='ocr_par' dir='ltr' id='par_1_2' title="bbox 981 760 2757 841">
     <span class='ocr_line' id='line_1_2' title="bbox 981 760 2757 841; baseline 0.001 -4"><span class='ocrx_word' id='word_1_4' title='bbox 981 760 1107 837; x_wconf 91' lang='lat' dir='ltr'><strong>EX</strong></span> <span class='ocrx_word' id='word_1_5' title='bbox 1173 761 1709 839; x_wconf 90' lang='lat' dir='ltr'>ANNALIBUS</span> <span class='ocrx_word' id='word_1_6' title='bbox 1779 761 2757 841; x_wconf 87' lang='lat' dir='ltr'>LINDISFARNENSIBUS.</span> 
     </span>
    </p>
   </div>
   <div class='ocr_carea' id='block_1_3' title="bbox 879 1052 1781 1136">
    <p class='ocr_par' dir='ltr' id='par_1_3' title="bbox 879 1052 1781 1136">
     <span class='ocr_line' id='line_1_3' title="bbox 879 1052 1781 1136; baseline 0.004 -16"><span class='ocrx_word' id='word_1_7' title='bbox 879 1053 1060 1136; x_wconf 85' lang='lat'>(658)</span> <span class='ocrx_word' id='word_1_8' title='bbox 1128 1052 1421 1121; x_wconf 89' lang='lat' dir='ltr'>FINAN¹</span> <span class='ocrx_word' id='word_1_9' title='bbox 1465 1055 1781 1123; x_wconf 82' lang='lat' dir='ltr'><strong>MERIT·.</strong></span> 
     </span>
    </p>
   </div>
   <div class='ocr_carea' id='block_1_4' title="bbox 876 1176 2935 1728">
    <p class='ocr_par' dir='ltr' id='par_1_4' title="bbox 878 1176 2935 1379">
     <span class='ocr_line' id='line_1_4' title="bbox 879 1176 2935 1261; baseline 0 -15"><span class='ocrx_word' id='word_1_10' title='bbox 879 1179 1059 1261; x_wconf 83' lang='lat'>(663)</span> <span class='ocrx_word' id='word_1_11' title='bbox 1126 1179 1495 1249; x_wconf 86' lang='lat' dir='ltr'>ECLIPSIS</span> <span class='ocrx_word' id='word_1_12' title='bbox 1551 1181 1683 1261; x_wconf 85' lang='lat' dir='ltr'><strong>QSI</strong></span> <span class='ocrx_word' id='word_1_13' title='bbox 1737 1182 1799 1247; x_wconf 95' lang='lat' dir='ltr'>X</span> <span class='ocrx_word' id='word_1_14' title='bbox 1854 1179 2085 1248; x_wconf 88' lang='lat' dir='ltr'><strong>HORA</strong></span> <span class='ocrx_word' id='word_1_15' title='bbox 2141 1181 2317 1248; x_wconf 90' lang='lat' dir='ltr'>DIEI</span> <span class='ocrx_word' id='word_1_16' title='bbox 2361 1181 2436 1248; x_wconf 90' lang='lat' dir='ltr'><strong>V.</strong></span> <span class='ocrx_word' id='word_1_17' title='bbox 2485 1182 2562 1248; x_wconf 93' lang='lat' dir='ltr'><strong>N.</strong></span> <span class='ocrx_word' id='word_1_18' title='bbox 2611 1176 2935 1247; x_wconf 81' lang='lat' dir='ltr'><strong>MAIAS².</strong></span> 
     </span>
     <span class='ocr_line' id='line_1_5' title="bbox 878 1257 1844 1379; baseline 0.001 -17"><span class='ocrx_word' id='word_1_19' title='bbox 878 1257 1507 1379; x_wconf 53' lang='grc' dir='ltr'><strong>(664)”’()ΟΙ.ΜΑΝ8</strong></span> <span class='ocrx_word' id='word_1_20' title='bbox 1564 1295 1844 1364; x_wconf 83' lang='lat' dir='ltr'><strong>ABHT⁴.</strong></span> 
     </span>
    </p>

    <p class='ocr_par' dir='ltr' id='par_1_5' title="bbox 880 1411 1908 1495">
     <span class='ocr_line' id='line_1_6' title="bbox 880 1411 1908 1495; baseline 0.001 -16"><span class='ocrx_word' id='word_1_21' title='bbox 880 1412 1059 1495; x_wconf 91' lang='grc'>(668)</span> <span class='ocrx_word' id='word_1_22' title='bbox 1131 1411 1657 1479; x_wconf 86' lang='lat' dir='ltr'>CONSTANTIN</span> <span class='ocrx_word' id='word_1_23' title='bbox 1712 1413 1908 1480; x_wconf 87' lang='lat' dir='ltr'><strong>XVII.</strong></span> 
     </span>
    </p>

    <p class='ocr_par' dir='ltr' id='par_1_6' title="bbox 877 1480 1977 1612">
     <span class='ocr_line' id='line_1_7' title="bbox 877 1480 1977 1612; baseline 0 -16"><span class='ocrx_word' id='word_1_24' title='bbox 877 1528 1085 1612; x_wconf 86' lang='grc'>(669)</span> <span class='ocrx_word' id='word_1_25' title='bbox 1085 1480 1413 1596; x_wconf 90' lang='lat' dir='ltr'>ANTON</span> <span class='ocrx_word' id='word_1_26' title='bbox 1468 1527 1691 1597; x_wconf 80' lang='lat' dir='ltr'><strong>PIUS⁶</strong></span> <span class='ocrx_word' id='word_1_27' title='bbox 1748 1529 1977 1596; x_wconf 89' lang='lat' dir='ltr'>XXIII.</span> 
     </span>
    </p>

    <p class='ocr_par' dir='ltr' id='par_1_7' title="bbox 876 1644 2275 1728">
     <span class='ocr_line' id='line_1_8' title="bbox 876 1644 2275 1728; baseline -0.001 -16"><span class='ocrx_word' id='word_1_28' title='bbox 876 1644 1056 1728; x_wconf 82' lang='lat'>(670)</span> <span class='ocrx_word' id='word_1_29' title='bbox 1129 1647 1197 1723; x_wconf 67' lang='lat'><strong>4-</strong></span> <span class='ocrx_word' id='word_1_30' title='bbox 1250 1645 1612 1714; x_wconf 85' lang='lat' dir='ltr'>ECGFRID</span> <span class='ocrx_word' id='word_1_31' title='bbox 1670 1646 1898 1714; x_wconf 88' lang='lat' dir='ltr'><strong>REGN</strong></span> <span class='ocrx_word' id='word_1_32' title='bbox 1959 1644 2275 1713; x_wconf 86' lang='lat' dir='ltr'><strong>COEPIT.</strong></span> 
     </span>
    </p>
   </div>
   <div class='ocr_carea' id='block_1_5' title="bbox 1125 1811 2649 1843">
    <p class='ocr_par' dir='ltr' id='par_1_8' title="bbox 1125 1811 2649 1843">
     <span class='ocr_line' id='line_1_9' title="bbox 1125 1811 2649 1843; baseline 0 -15"><span class='ocrx_word' id='word_1_33' title='bbox 1125 1811 2649 1843; x_wconf 50' lang='lat'><strong>0000000000000000000</strong></span> 
     </span>
    </p>
   </div>
   <div class='ocr_carea' id='block_1_6' title="bbox 924 2091 2805 2308">
    <p class='ocr_par' dir='ltr' id='par_1_9' title="bbox 924 2091 2805 2308">
     <span class='ocr_line' id='line_1_10' title="bbox 924 2091 2805 2172; baseline 0.001 -2"><span class='ocrx_word' id='word_1_34' title='bbox 924 2091 1362 2171; x_wconf 86' lang='lat' dir='ltr'><strong>ANNALES</strong></span> <span class='ocrx_word' id='word_1_35' title='bbox 1429 2093 1625 2170; x_wconf 89' lang='lat' dir='ltr'><strong>AUT</strong></span> <span class='ocrx_word' id='word_1_36' title='bbox 1694 2092 2538 2172; x_wconf 87' lang='lat' dir='ltr'>MONASTERIENSES</span> <span class='ocrx_word' id='word_1_37' title='bbox 2608 2091 2805 2171; x_wconf 88' lang='lat' dir='ltr'><strong>AUT</strong></span> 
     </span>
     <span class='ocr_line' id='line_1_11' title="bbox 1473 2227 2239 2308; baseline -0.004 0"><span class='ocrx_word' id='word_1_38' title='bbox 1473 2227 2239 2308; x_wconf 87' lang='lat' dir='ltr'><strong>WERTHINENSES.</strong></span> 
     </span>
    </p>
   </div>
   <div class='ocr_carea' id='block_1_7' title="bbox 869 2391 2862 3299">
    <p class='ocr_par' dir='ltr' id='par_1_10' title="bbox 872 2391 2862 2601">
     <span class='ocr_line' id='line_1_12' title="bbox 885 2391 2862 2467; baseline 0.001 -20"><span class='ocrx_word' id='word_1_39' title='bbox 885 2391 999 2448; x_wconf 83' lang='lat' dir='ltr'><strong>Una</strong></span> <span class='ocrx_word' id='word_1_40' title='bbox 1035 2412 1189 2448; x_wconf 78' lang='lat' dir='ltr'><strong>manu</strong></span> <span class='ocrx_word' id='word_1_41' title='bbox 1225 2393 1650 2466; x_wconf 71' lang='lat' dir='ltr'><strong>Anylosaxonica</strong></span> <span class='ocrx_word' id='word_1_42' title='bbox 1684 2402 1881 2467; x_wconf 73' lang='lat' dir='ltr'><strong>scripta</strong></span> <span class='ocrx_word' id='word_1_43' title='bbox 1916 2402 2035 2450; x_wconf 73' lang='lat' dir='ltr'><strong>sunt</strong></span> <span class='ocrx_word' id='word_1_44' title='bbox 2067 2396 2134 2450; x_wconf 81' lang='lat' dir='ltr'><strong>ab</strong></span> <span class='ocrx_word' id='word_1_45' title='bbox 2171 2416 2220 2450; x_wconf 83' lang='lat' dir='ltr'><strong>a.</strong></span> <span class='ocrx_word' id='word_1_46' title='bbox 2242 2395 2349 2450; x_wconf 88' lang='grc'><strong>809</strong></span> <span class='ocrx_word' id='word_1_47' title='bbox 2384 2396 2457 2450; x_wconf 81' lang='lat' dir='ltr'><strong>ad</strong></span> <span class='ocrx_word' id='word_1_48' title='bbox 2489 2416 2538 2450; x_wconf 83' lang='lat' dir='ltr'><strong>a.</strong></span> <span class='ocrx_word' id='word_1_49' title='bbox 2562 2393 2672 2449; x_wconf 87' lang='grc'><strong>840</strong></span> <span class='ocrx_word' id='word_1_50' title='bbox 2706 2393 2862 2450; x_wconf 71' lang='lat' dir='ltr'><strong>haec:</strong></span> 
     </span>
     <span class='ocr_line' id='line_1_13' title="bbox 872 2509 2094 2601; baseline 0.002 -23"><span class='ocrx_word' id='word_1_51' title='bbox 872 2512 1021 2578; x_wconf 83' lang='lat'><strong>809.</strong></span> <span class='ocrx_word' id='word_1_52' title='bbox 1092 2510 1242 2579; x_wconf 82' lang='lat' dir='ltr'><strong>obit</strong></span> <span class='ocrx_word' id='word_1_53' title='bbox 1283 2510 1621 2596; x_wconf 85' lang='lat' dir='ltr'><strong>Liutgarus</strong></span> <span class='ocrx_word' id='word_1_54' title='bbox 1668 2509 2094 2601; x_wconf 51' lang='lat' dir='ltr'><strong>episcopusfl.</strong></span> 
     </span>
    </p>

    <p class='ocr_par' dir='ltr' id='par_1_11' title="bbox 872 2626 2004 2697">
     <span class='ocr_line' id='line_1_14' title="bbox 872 2626 2004 2697; baseline 0.003 -3"><span class='ocrx_word' id='word_1_55' title='bbox 872 2629 1020 2694; x_wconf 82' lang='lat'><strong>820.</strong></span> <span class='ocrx_word' id='word_1_56' title='bbox 1093 2628 1243 2695; x_wconf 82' lang='lat' dir='ltr'>obit</span> <span class='ocrx_word' id='word_1_57' title='bbox 1287 2629 1710 2696; x_wconf 82' lang='lat' dir='ltr'><strong>Theotbaldus</strong></span> <span class='ocrx_word' id='word_1_58' title='bbox 1758 2626 2004 2697; x_wconf 83' lang='lat' dir='ltr'><strong>abbas⁷.</strong></span> 
     </span>
    </p>

    <p class='ocr_par' dir='ltr' id='par_1_12' title="bbox 872 2744 1731 2831">
     <span class='ocr_line' id='line_1_15' title="bbox 872 2744 1731 2831; baseline 0.003 -21"><span class='ocrx_word' id='word_1_59' title='bbox 872 2744 1021 2811; x_wconf 83' lang='lat'><strong>825.</strong></span> <span class='ocrx_word' id='word_1_60' title='bbox 1094 2744 1422 2812; x_wconf 81' lang='lat' dir='ltr'>Ordinatio</span> <span class='ocrx_word' id='word_1_61' title='bbox 1472 2745 1731 2831; x_wconf 75' lang='lat' dir='ltr'><strong>Sigeri⁰.</strong></span> 
     </span>
    </p>

    <p class='ocr_par' dir='ltr' id='par_1_13' title="bbox 870 2861 2060 2952">
     <span class='ocr_line' id='line_1_16' title="bbox 870 2861 2060 2952; baseline 0.002 -24"><span class='ocrx_word' id='word_1_62' title='bbox 870 2863 1019 2928; x_wconf 86' lang='grc'><strong>831.</strong></span> <span class='ocrx_word' id='word_1_63' title='bbox 1091 2862 1241 2928; x_wconf 83' lang='lat' dir='ltr'><strong>Obit</strong></span> <span class='ocrx_word' id='word_1_64' title='bbox 1268 2861 1665 2930; x_wconf 83' lang='lat' dir='ltr'><strong>Wilmundus</strong></span> <span class='ocrx_word' id='word_1_65' title='bbox 1710 2865 2060 2952; x_wconf 76' lang='lat' dir='ltr'><strong>presbyter.</strong></span> 
     </span>
    </p>

    <p class='ocr_par' dir='ltr' id='par_1_14' title="bbox 870 2976 1876 3067">
     <span class='ocr_line' id='line_1_17' title="bbox 870 2976 1876 3067; baseline 0.002 -22"><span class='ocrx_word' id='word_1_66' title='bbox 870 2979 1019 3045; x_wconf 83' lang='lat'><strong>838.</strong></span> <span class='ocrx_word' id='word_1_67' title='bbox 1089 2977 1445 3045; x_wconf 84' lang='lat' dir='ltr'><strong>Willarieus</strong></span> <span class='ocrx_word' id='word_1_68' title='bbox 1492 2976 1876 3067; x_wconf 80' lang='lat' dir='ltr'><strong>episeopus⁸.</strong></span> 
     </span>
    </p>

    <p class='ocr_par' dir='ltr' id='par_1_15' title="bbox 869 3093 1861 3184">
     <span class='ocr_line' id='line_1_18' title="bbox 869 3093 1861 3184; baseline 0.001 -23"><span class='ocrx_word' id='word_1_69' title='bbox 869 3095 1018 3161; x_wconf 83' lang='lat'><strong>839.</strong></span> <span class='ocrx_word' id='word_1_70' title='bbox 1091 3093 1430 3163; x_wconf 85' lang='lat' dir='ltr'><strong>Gerfredus</strong></span> <span class='ocrx_word' id='word_1_71' title='bbox 1476 3093 1861 3184; x_wconf 80' lang='lat' dir='ltr'><strong>episcopus⁹.</strong></span> 
     </span>
    </p>

    <p class='ocr_par' dir='ltr' id='par_1_16' title="bbox 869 3210 1902 3299">
     <span class='ocr_line' id='line_1_19' title="bbox 869 3210 1902 3299; baseline 0.002 -22"><span class='ocrx_word' id='word_1_72' title='bbox 869 3212 1018 3279; x_wconf 88' lang='grc'><strong>840.</strong></span> <span class='ocrx_word' id='word_1_73' title='bbox 1087 3210 1493 3279; x_wconf 82' lang='lat' dir='ltr'><strong>ffludowieus</strong></span> <span class='ocrx_word' id='word_1_74' title='bbox 1539 3213 1902 3299; x_wconf 82' lang='lat' dir='ltr'><strong>imperator.</strong></span> 
     </span>
    </p>
   </div>
   <div class='ocr_carea' id='block_1_8' title="bbox 1651 3373 2070 3383">
    <p class='ocr_par' dir='ltr' id='par_1_17' title="bbox 1651 3373 2070 3383">
     <span class='ocr_line' id='line_1_20' title="bbox 1651 3373 2070 3383; baseline 0 1859"><span class='ocrx_word' id='word_1_75' title='bbox 1651 3373 2070 3383; x_wconf 95' lang='lat' dir='ltr'><strong> </strong></span> 
     </span>
    </p>
   </div>
   <div class='ocr_carea' id='block_1_9' title="bbox 688 3495 3046 3642">
    <p class='ocr_par' dir='ltr' id='par_1_18' title="bbox 688 3495 3046 3642">
     <span class='ocr_line' id='line_1_21' title="bbox 827 3495 3041 3554; baseline 0.003 -12"><span class='ocrx_word' id='word_1_76' title='bbox 827 3508 869 3542; x_wconf 72' lang='lat' dir='ltr'><strong>a.</strong></span> <span class='ocrx_word' id='word_1_77' title='bbox 910 3498 979 3544; x_wconf 75' lang='lat' dir='ltr'><strong>sic</strong></span> <span class='ocrx_word' id='word_1_78' title='bbox 1005 3512 1091 3554; x_wconf 82' lang='lat' dir='ltr'><strong>pro</strong></span> <span class='ocrx_word' id='word_1_79' title='bbox 1122 3495 1313 3542; x_wconf 77' lang='lat' dir='ltr'><strong>moritur</strong></span> <span class='ocrx_word' id='word_1_80' title='bbox 1341 3496 1588 3543; x_wconf 78' lang='lat' dir='ltr'><strong>Annalium</strong></span> <span class='ocrx_word' id='word_1_81' title='bbox 1623 3498 2088 3554; x_wconf 72' lang='lat' dir='ltr'><strong>lindisfarnensium,</strong></span> <span class='ocrx_word' id='word_1_82' title='bbox 2119 3499 2341 3545; x_wconf 72' lang='lat' dir='ltr'><strong>Iuvavenae</strong></span> <span class='ocrx_word' id='word_1_83' title='bbox 2342 3499 2431 3544; x_wconf 65' lang='lat' dir='ltr'><strong>iun</strong></span> <span class='ocrx_word' id='word_1_84' title='bbox 2463 3515 2504 3544; x_wconf 81' lang='lat' dir='ltr'><em>m</em></span> <span class='ocrx_word' id='word_1_85' title='bbox 2508 3501 2703 3553; x_wconf 76' lang='grc' dir='ltr'><strong>σ,ἰοηιηι</strong></span> <span class='ocrx_word' id='word_1_86' title='bbox 2745 3500 3041 3548; x_wconf 61' lang='lat' dir='ltr'><strong>haldendum</strong></span> 
     </span>
     <span class='ocr_line' id='line_1_22' title="bbox 688 3571 3046 3642; baseline 0.003 -21"><span class='ocrx_word' id='word_1_87' title='bbox 688 3571 756 3632; x_wconf 81' lang='lat' dir='ltr'><strong>(in</strong></span> <span class='ocrx_word' id='word_1_88' title='bbox 786 3574 907 3622; x_wconf 77' lang='lat' dir='ltr'><strong>Mon.</strong></span> <span class='ocrx_word' id='word_1_89' title='bbox 930 3575 1079 3622; x_wconf 83' lang='lat' dir='ltr'><strong>Germ.</strong></span> <span class='ocrx_word' id='word_1_90' title='bbox 1107 3576 1189 3622; x_wconf 89' lang='lat' dir='ltr'><strong>SS.</strong></span> <span class='ocrx_word' id='word_1_91' title='bbox 1212 3575 1289 3621; x_wconf 88' lang='lat' dir='ltr'><strong>IV.</strong></span> <span class='ocrx_word' id='word_1_92' title='bbox 1313 3577 1357 3631; x_wconf 85' lang='lat'><strong>2,</strong></span> <span class='ocrx_word' id='word_1_93' title='bbox 1390 3576 1425 3621; x_wconf 92' lang='grc' dir='ltr'><strong>Ῑ.</strong></span> <span class='ocrx_word' id='word_1_94' title='bbox 1447 3576 1521 3630; x_wconf 87' lang='grc'><strong>87,</strong></span> <span class='ocrx_word' id='word_1_95' title='bbox 1555 3576 1630 3622; x_wconf 90' lang='lat'><strong>111.</strong></span> <span class='ocrx_word' id='word_1_96' title='bbox 1654 3575 1779 3634; x_wconf 87' lang='lat'><strong>116).</strong></span> <span class='ocrx_word' id='word_1_97' title='bbox 1901 3576 1947 3623; x_wconf 90' lang='lat' dir='ltr'><strong>b.</strong></span> <span class='ocrx_word' id='word_1_98' title='bbox 1982 3579 2080 3623; x_wconf 75' lang='lat' dir='ltr'><strong>alia</strong></span> <span class='ocrx_word' id='word_1_99' title='bbox 2112 3595 2222 3624; x_wconf 75' lang='lat' dir='ltr'><strong>saec</strong></span> <span class='ocrx_word' id='word_1_100' title='bbox 2222 3581 2336 3625; x_wconf 71' lang='lat'><strong>,11</strong></span> <span class='ocrx_word' id='word_1_101' title='bbox 2360 3596 2435 3625; x_wconf 77' lang='lat' dir='ltr'><strong>ma</strong></span> <span class='ocrx_word' id='word_1_102' title='bbox 2406 3597 2519 3626; x_wconf 72' lang='lat' dir='ltr'><strong>anus</strong></span> <span class='ocrx_word' id='word_1_103' title='bbox 2553 3580 2672 3626; x_wconf 78' lang='lat' dir='ltr'><strong>aad</strong></span> <span class='ocrx_word' id='word_1_104' title='bbox 2734 3598 2805 3626; x_wconf 79' lang='lat' dir='ltr'><strong>um</strong></span> <span class='ocrx_word' id='word_1_105' title='bbox 2831 3581 2926 3627; x_wconf 79' lang='lat'><strong>814</strong></span> <span class='ocrx_word' id='word_1_106' title='bbox 2952 3599 3046 3642; x_wconf 73' lang='lat' dir='ltr'><strong>po-</strong></span> 
     </span>
    </p>
   </div>
   <div class='ocr_carea' id='block_1_10' title="bbox 686 3654 3042 3800">
    <p class='ocr_par' dir='ltr' id='par_1_19' title="bbox 686 3654 3042 3800">
     <span class='ocr_line' id='line_1_23' title="bbox 686 3654 3042 3721; baseline 0.003 -20"><span class='ocrx_word' id='word_1_107' title='bbox 686 3657 777 3702; x_wconf 71' lang='lat' dir='ltr'><strong>suit</strong></span> <span class='ocrx_word' id='word_1_108' title='bbox 807 3655 947 3701; x_wconf 71' lang='lat' dir='ltr'><strong>haec.-</strong></span> <span class='ocrx_word' id='word_1_109' title='bbox 978 3654 1140 3701; x_wconf 74' lang='lat' dir='ltr'><strong>Karlus</strong></span> <span class='ocrx_word' id='word_1_110' title='bbox 1170 3656 1418 3714; x_wconf 80' lang='lat' dir='ltr'><strong>imperator</strong></span> <span class='ocrx_word' id='word_1_111' title='bbox 1449 3655 1564 3702; x_wconf 73' lang='lat' dir='ltr'>&#39;lons</span> <span class='ocrx_word' id='word_1_112' title='bbox 1596 3655 1724 3702; x_wconf 82' lang='lat' dir='ltr'><strong>obiit.</strong></span> <span class='ocrx_word' id='word_1_113' title='bbox 1850 3670 1889 3703; x_wconf 81' lang='lat' dir='ltr'><strong>c.</strong></span> <span class='ocrx_word' id='word_1_114' title='bbox 1923 3656 2150 3715; x_wconf 77' lang='lat' dir='ltr'><strong>skgfrkc.</strong></span> <span class='ocrx_word' id='word_1_115' title='bbox 2183 3662 2256 3705; x_wconf 83' lang='lat' dir='ltr'><strong>lea</strong></span> <span class='ocrx_word' id='word_1_116' title='bbox 2229 3676 2345 3719; x_wconf 79' lang='lat' dir='ltr'><strong>aque</strong></span> <span class='ocrx_word' id='word_1_117' title='bbox 2365 3676 2453 3719; x_wconf 83' lang='lat' dir='ltr'><strong>pro</strong></span> <span class='ocrx_word' id='word_1_118' title='bbox 2487 3677 2546 3721; x_wconf 80' lang='lat' dir='ltr'><strong>qu</strong></span> <span class='ocrx_word' id='word_1_119' title='bbox 2549 3676 2667 3720; x_wconf 79' lang='lat' dir='ltr'><strong>oque</strong></span> <span class='ocrx_word' id='word_1_120' title='bbox 2687 3661 2807 3706; x_wconf 71' lang='lat' dir='ltr'><strong>litter</strong></span> <span class='ocrx_word' id='word_1_121' title='bbox 2892 3663 3042 3718; x_wconf 72' lang='lat' dir='ltr'><strong>oculi,</strong></span> 
     </span>
     <span class='ocr_line' id='line_1_24' title="bbox 689 3736 2729 3800; baseline 0.002 -19"><span class='ocrx_word' id='word_1_122' title='bbox 689 3752 806 3796; x_wconf 72' lang='lat' dir='ltr'><strong>quae</strong></span> <span class='ocrx_word' id='word_1_123' title='bbox 836 3737 1026 3782; x_wconf 74' lang='lat' dir='ltr'><strong>candem</strong></span> <span class='ocrx_word' id='word_1_124' title='bbox 1058 3739 1103 3782; x_wconf 72' lang='lat' dir='ltr'><strong>in</strong></span> <span class='ocrx_word' id='word_1_125' title='bbox 1136 3736 1378 3796; x_wconf 72' lang='lat' dir='ltr'><strong>alphabeto</strong></span> <span class='ocrx_word' id='word_1_126' title='bbox 1409 3739 1621 3797; x_wconf 70' lang='lat' dir='ltr'><strong>sequitur,</strong></span> <span class='ocrx_word' id='word_1_127' title='bbox 1654 3754 1910 3784; x_wconf 70' lang='lat' dir='ltr'><em>consonans</em></span> <span class='ocrx_word' id='word_1_128' title='bbox 1937 3755 2025 3798; x_wconf 72' lang='lat' dir='ltr'><strong>pos</strong></span> <span class='ocrx_word' id='word_1_129' title='bbox 2001 3741 2094 3785; x_wconf 69' lang='lat' dir='ltr'><strong>sita</strong></span> <span class='ocrx_word' id='word_1_130' title='bbox 2124 3748 2218 3796; x_wconf 64' lang='grc' dir='ltr'><strong>ηις</strong></span> <span class='ocrx_word' id='word_1_131' title='bbox 2249 3737 2283 3785; x_wconf 85' lang='lat' dir='ltr'>k</span> <span class='ocrx_word' id='word_1_132' title='bbox 2314 3740 2381 3786; x_wconf 73' lang='lat' dir='ltr'><strong>bis</strong></span> <span class='ocrx_word' id='word_1_133' title='bbox 2407 3756 2494 3799; x_wconf 84' lang='lat' dir='ltr'><strong>pro</strong></span> <span class='ocrx_word' id='word_1_134' title='bbox 2554 3738 2619 3796; x_wconf 69' lang='grc' dir='ltr'><strong>’ί</strong></span> <span class='ocrx_word' id='word_1_135' title='bbox 2641 3757 2729 3800; x_wconf 81' lang='lat' dir='ltr'><strong>pro</strong></span> 
     </span>
    </p>
   </div>
   <div class='ocr_carea' id='block_1_11' title="bbox 679 3855 3041 4644">
    <p class='ocr_par' dir='ltr' id='par_1_20' title="bbox 679 3855 3041 4644">
     <span class='ocr_line' id='line_1_25' title="bbox 828 3855 3041 3927; baseline 0.003 -15"><span class='ocrx_word' id='word_1_136' title='bbox 828 3858 880 3912; x_wconf 92' lang='lat'><strong>1.</strong></span> <span class='ocrx_word' id='word_1_137' title='bbox 917 3857 1209 3927; x_wconf 79' lang='lat' dir='ltr'><strong>episeopus</strong></span> <span class='ocrx_word' id='word_1_138' title='bbox 1244 3855 1727 3915; x_wconf 77' lang='lat' dir='ltr'><strong>Lindisfarnensis.</strong></span> <span class='ocrx_word' id='word_1_139' title='bbox 1867 3860 1919 3915; x_wconf 87' lang='lat'><strong>2.</strong></span> <span class='ocrx_word' id='word_1_140' title='bbox 1956 3860 2049 3915; x_wconf 87' lang='lat' dir='ltr'><strong>die</strong></span> <span class='ocrx_word' id='word_1_141' title='bbox 2074 3861 2104 3914; x_wconf 97' lang='lat'><strong>1</strong></span> <span class='ocrx_word' id='word_1_142' title='bbox 2144 3876 2217 3916; x_wconf 89' lang='lat' dir='ltr'><strong>m.</strong></span> <span class='ocrx_word' id='word_1_143' title='bbox 2242 3861 2374 3916; x_wconf 76' lang='lat' dir='ltr'><strong>Maii</strong></span> <span class='ocrx_word' id='word_1_144' title='bbox 2408 3877 2456 3916; x_wconf 79' lang='lat' dir='ltr'><strong>a.</strong></span> <span class='ocrx_word' id='word_1_145' title='bbox 2484 3860 2592 3916; x_wconf 81' lang='grc'><strong>664</strong></span> <span class='ocrx_word' id='word_1_146' title='bbox 2626 3861 2799 3917; x_wconf 80' lang='lat' dir='ltr'><strong>solem</strong></span> <span class='ocrx_word' id='word_1_147' title='bbox 2834 3860 3041 3919; x_wconf 79' lang='lat' dir='ltr'><strong>obseu-</strong></span> 
     </span>
     <span class='ocr_line' id='line_1_26' title="bbox 685 3948 3040 4018; baseline 0.003 -18"><span class='ocrx_word' id='word_1_148' title='bbox 685 3949 866 4001; x_wconf 78' lang='lat' dir='ltr'><strong>ratum</strong></span> <span class='ocrx_word' id='word_1_149' title='bbox 904 3961 1026 4003; x_wconf 77' lang='lat' dir='ltr'><strong>esse</strong></span> <span class='ocrx_word' id='word_1_150' title='bbox 1062 3951 1296 4003; x_wconf 76' lang='lat' dir='ltr'><strong>constat.</strong></span> <span class='ocrx_word' id='word_1_151' title='bbox 1438 3949 1488 4002; x_wconf 89' lang='lat'><strong>3.</strong></span> <span class='ocrx_word' id='word_1_152' title='bbox 1537 3948 1833 4018; x_wconf 80' lang='lat' dir='ltr'><strong>episcopus</strong></span> <span class='ocrx_word' id='word_1_153' title='bbox 1867 3948 2351 4007; x_wconf 77' lang='lat' dir='ltr'><strong>Lindisfarnensis.</strong></span> <span class='ocrx_word' id='word_1_154' title='bbox 2492 3951 2544 4006; x_wconf 83' lang='lat'><strong>4.</strong></span> <span class='ocrx_word' id='word_1_155' title='bbox 2592 3967 2625 4007; x_wconf 89' lang='lat' dir='ltr'><strong>e</strong></span> <span class='ocrx_word' id='word_1_156' title='bbox 2661 3949 3040 4008; x_wconf 73' lang='lat' dir='ltr'><strong>Lindisfarna.</strong></span> 
     </span>
     <span class='ocr_line' id='line_1_27' title="bbox 684 4035 3041 4110; baseline 0.003 -21"><span class='ocrx_word' id='word_1_157' title='bbox 684 4035 736 4090; x_wconf 82' lang='lat'><strong>5.</strong></span> <span class='ocrx_word' id='word_1_158' title='bbox 773 4036 1073 4104; x_wconf 88' lang='lat' dir='ltr'><strong>permirum</strong></span> <span class='ocrx_word' id='word_1_159' title='bbox 1107 4037 1343 4107; x_wconf 84' lang='lat' dir='ltr'><strong>videtur,</strong></span> <span class='ocrx_word' id='word_1_160' title='bbox 1379 4053 1490 4107; x_wconf 89' lang='lat' dir='ltr'><strong>quo</strong></span> <span class='ocrx_word' id='word_1_161' title='bbox 1527 4052 1711 4094; x_wconf 88' lang='lat' dir='ltr'><strong>errore</strong></span> <span class='ocrx_word' id='word_1_162' title='bbox 1746 4039 1851 4094; x_wconf 80' lang='lat' dir='ltr'><strong>iste</strong></span> <span class='ocrx_word' id='word_1_163' title='bbox 1881 4039 2181 4108; x_wconf 82' lang='lat' dir='ltr'><strong>imperator</strong></span> <span class='ocrx_word' id='word_1_164' title='bbox 2204 4039 2315 4096; x_wconf 82' lang='lat' dir='ltr'><strong>huc</strong></span> <span class='ocrx_word' id='word_1_165' title='bbox 2339 4041 2639 4110; x_wconf 80' lang='lat' dir='ltr'><strong>irrepserit.</strong></span> <span class='ocrx_word' id='word_1_166' title='bbox 2769 4041 2822 4095; x_wconf 87' lang='grc'><strong>6.</strong></span> <span class='ocrx_word' id='word_1_167' title='bbox 2858 4040 3041 4097; x_wconf 75' lang='lat' dir='ltr'><strong>abbas</strong></span> 
     </span>
     <span class='ocr_line' id='line_1_28' title="bbox 681 4122 3040 4198; baseline 0.003 -20"><span class='ocrx_word' id='word_1_168' title='bbox 681 4122 1089 4181; x_wconf 79' lang='lat' dir='ltr'><strong>werthinensis</strong></span> <span class='ocrx_word' id='word_1_169' title='bbox 1113 4131 1170 4182; x_wconf 89' lang='lat' dir='ltr'><strong>et</strong></span> <span class='ocrx_word' id='word_1_170' title='bbox 1192 4127 1487 4197; x_wconf 78' lang='lat' dir='ltr'><strong>episcopus</strong></span> <span class='ocrx_word' id='word_1_171' title='bbox 1510 4127 1976 4184; x_wconf 78' lang='lat' dir='ltr'><strong>Monasteriensis.</strong></span> <span class='ocrx_word' id='word_1_172' title='bbox 2083 4129 2136 4184; x_wconf 79' lang='lat'><strong>7.</strong></span> <span class='ocrx_word' id='word_1_173' title='bbox 2173 4129 2409 4185; x_wconf 77' lang='lat' dir='ltr'><strong>Maxime</strong></span> <span class='ocrx_word' id='word_1_174' title='bbox 2431 4129 2731 4185; x_wconf 82' lang='lat' dir='ltr'><strong>verisimile</strong></span> <span class='ocrx_word' id='word_1_175' title='bbox 2754 4135 2855 4198; x_wconf 80' lang='lat' dir='ltr'><strong>est,</strong></span> <span class='ocrx_word' id='word_1_176' title='bbox 2881 4129 3040 4186; x_wconf 78' lang='lat' dir='ltr'><strong>huno</strong></span> 
     </span>
     <span class='ocr_line' id='line_1_29' title="bbox 682 4210 3032 4289; baseline 0.003 -21"><span class='ocrx_word' id='word_1_177' title='bbox 682 4210 855 4269; x_wconf 74' lang='lat' dir='ltr'><strong>fuisse</strong></span> <span class='ocrx_word' id='word_1_178' title='bbox 876 4213 1265 4271; x_wconf 80' lang='lat' dir='ltr'><strong>Thiatbaldum</strong></span> <span class='ocrx_word' id='word_1_179' title='bbox 1292 4217 1447 4272; x_wconf 88' lang='lat' dir='ltr'><strong>illum</strong></span> <span class='ocrx_word' id='word_1_180' title='bbox 1471 4216 1876 4289; x_wconf 75' lang='lat' dir='ltr'><strong>presbyterum,</strong></span> <span class='ocrx_word' id='word_1_181' title='bbox 1912 4217 2008 4287; x_wconf 86' lang='lat' dir='ltr'><strong>qui</strong></span> <span class='ocrx_word' id='word_1_182' title='bbox 2043 4234 2130 4287; x_wconf 79' lang='lat' dir='ltr'><strong>ap.</strong></span> <span class='ocrx_word' id='word_1_183' title='bbox 2158 4219 2481 4275; x_wconf 78' lang='lat' dir='ltr'><strong>Laeomblet</strong></span> <span class='ocrx_word' id='word_1_184' title='bbox 2504 4218 2959 4275; x_wconf 83' lang='lat' dir='ltr'><strong>Urkundenbueh</strong></span> <span class='ocrx_word' id='word_1_185' title='bbox 2986 4221 3032 4276; x_wconf 92' lang='lat'><strong>1.</strong></span> 
     </span>
     <span class='ocr_line' id='line_1_30' title="bbox 681 4303 3039 4377; baseline 0.003 -20"><span class='ocrx_word' id='word_1_186' title='bbox 681 4303 1562 4376; x_wconf 78' lang='lat' dir='ltr'><strong>n.7,8,10,11,13,14,16,17,</strong></span> <span class='ocrx_word' id='word_1_187' title='bbox 1591 4307 1675 4376; x_wconf 88' lang='lat'><strong>19,</strong></span> <span class='ocrx_word' id='word_1_188' title='bbox 1700 4307 1786 4375; x_wconf 91' lang='lat'><strong>20,</strong></span> <span class='ocrx_word' id='word_1_189' title='bbox 1812 4308 1898 4376; x_wconf 90' lang='lat'><strong>22,</strong></span> <span class='ocrx_word' id='word_1_190' title='bbox 1922 4308 2009 4376; x_wconf 82' lang='lat'><strong>27,</strong></span> <span class='ocrx_word' id='word_1_191' title='bbox 2034 4308 2119 4377; x_wconf 88' lang='lat'><strong>28,</strong></span> <span class='ocrx_word' id='word_1_192' title='bbox 2156 4308 2214 4363; x_wconf 82' lang='lat' dir='ltr'><strong>in</strong></span> <span class='ocrx_word' id='word_1_193' title='bbox 2252 4309 2515 4365; x_wconf 73' lang='lat' dir='ltr'><strong>tredecim</strong></span> <span class='ocrx_word' id='word_1_194' title='bbox 2555 4308 2761 4364; x_wconf 81' lang='lat' dir='ltr'><strong>tabulis</strong></span> <span class='ocrx_word' id='word_1_195' title='bbox 2786 4307 3039 4364; x_wconf 61' lang='grc' dir='ltr'><strong>ποι-ιω-</strong></span> 
     </span>
     <span class='ocr_line' id='line_1_31' title="bbox 681 4391 3040 4469; baseline 0.003 -22"><span class='ocrx_word' id='word_1_196' title='bbox 681 4391 944 4449; x_wconf 78' lang='lat' dir='ltr'><strong>nensibus</strong></span> <span class='ocrx_word' id='word_1_197' title='bbox 981 4409 1049 4449; x_wconf 84' lang='lat' dir='ltr'><strong>ex</strong></span> <span class='ocrx_word' id='word_1_198' title='bbox 1083 4395 1265 4464; x_wconf 76' lang='lat' dir='ltr'><strong>spatio</strong></span> <span class='ocrx_word' id='word_1_199' title='bbox 1301 4410 1567 4451; x_wconf 82' lang='lat' dir='ltr'><strong>annorum</strong></span> <span class='ocrx_word' id='word_1_200' title='bbox 1604 4395 1906 4451; x_wconf 83' lang='grc'>796-806</span> <span class='ocrx_word' id='word_1_201' title='bbox 1952 4411 2014 4452; x_wconf 80' lang='lat' dir='ltr'><strong>se</strong></span> <span class='ocrx_word' id='word_1_202' title='bbox 2056 4396 2217 4452; x_wconf 85' lang='lat' dir='ltr'><strong>offert</strong></span> <span class='ocrx_word' id='word_1_203' title='bbox 2250 4398 2437 4454; x_wconf 80' lang='lat' dir='ltr'><strong>verbis</strong></span> <span class='ocrx_word' id='word_1_204' title='bbox 2481 4397 2594 4454; x_wconf 76' lang='lat' dir='ltr'>his:</span> <span class='ocrx_word' id='word_1_205' title='bbox 2642 4397 2804 4469; x_wconf 80' lang='lat' dir='ltr'>„Ego</span> <span class='ocrx_word' id='word_1_206' title='bbox 2839 4396 3040 4455; x_wconf 87' lang='lat' dir='ltr'><strong>Thiet-</strong></span> 
     </span>
     <span class='ocr_line' id='line_1_32' title="bbox 679 4479 3034 4557; baseline 0.004 -20"><span class='ocrx_word' id='word_1_207' title='bbox 679 4479 876 4538; x_wconf 77' lang='lat' dir='ltr'><strong>baldus</strong></span> <span class='ocrx_word' id='word_1_208' title='bbox 921 4481 1145 4539; x_wconf 80' lang='lat' dir='ltr'><strong>humilis</strong></span> <span class='ocrx_word' id='word_1_209' title='bbox 1179 4483 1454 4553; x_wconf 80' lang='lat' dir='ltr'><strong>presbiter</strong></span> <span class='ocrx_word' id='word_1_210' title='bbox 1499 4489 1725 4555; x_wconf 77' lang='lat' dir='ltr'><strong>rogatus</strong></span> <span class='ocrx_word' id='word_1_211' title='bbox 1762 4486 1958 4555; x_wconf 73' lang='lat' dir='ltr'><strong>scripsi</strong></span> <span class='ocrx_word' id='word_1_212' title='bbox 2004 4490 2063 4542; x_wconf 85' lang='lat' dir='ltr'><strong>et</strong></span> <span class='ocrx_word' id='word_1_213' title='bbox 2097 4486 2400 4557; x_wconf 75' lang='lat' dir='ltr'><strong>subscripsi</strong></span> <span class='ocrx_word' id='word_1_214' title='bbox 2414 4487 2457 4543; x_wconf 87' lang='lat'><strong>“.</strong></span> <span class='ocrx_word' id='word_1_215' title='bbox 2601 4487 2654 4543; x_wconf 89' lang='lat'><strong>8.</strong></span> <span class='ocrx_word' id='word_1_216' title='bbox 2692 4488 3034 4547; x_wconf 73' lang='lat' dir='ltr'><strong>Bremensis.</strong></span> 
     </span>
     <span class='ocr_line' id='line_1_33' title="bbox 680 4571 2600 4644; baseline 0.003 -18"><span class='ocrx_word' id='word_1_217' title='bbox 680 4571 731 4626; x_wconf 84' lang='lat'><strong>9.</strong></span> <span class='ocrx_word' id='word_1_218' title='bbox 769 4572 1063 4644; x_wconf 81' lang='lat' dir='ltr'><strong>episcopus</strong></span> <span class='ocrx_word' id='word_1_219' title='bbox 1097 4573 1543 4630; x_wconf 64' lang='lat' dir='ltr'><strong>nonasteriensis</strong></span> <span class='ocrx_word' id='word_1_220' title='bbox 1578 4578 1636 4631; x_wconf 84' lang='lat' dir='ltr'><strong>et</strong></span> <span class='ocrx_word' id='word_1_221' title='bbox 1669 4579 1853 4632; x_wconf 73' lang='lat' dir='ltr'><strong>rector</strong></span> <span class='ocrx_word' id='word_1_222' title='bbox 1888 4575 2141 4633; x_wconf 82' lang='lat' dir='ltr'><strong>coenobii</strong></span> <span class='ocrx_word' id='word_1_223' title='bbox 2174 4575 2600 4632; x_wconf 77' lang='lat' dir='ltr'><strong>werthinensis.</strong></span> 
     </span>
    </p>
   </div>
  </div>
 </body>
</html>
