3319 5242
717 433 852 502 564
1385 444 1686 496 wmanm
1726 442 2101 494 nnsmm
2139 443 2247 490 ιω.
2278 441 2389 489 42¹1.

546 596 687 652 1158
720 596 795 657 ut
857 609 974 657 nos
1040 609 1121 656 ex
1186 588 1411 657 devoto
1478 587 1775 674 deinceps
1830 583 2343 653 devotissimum·
2395 579 2705 648 famulum
2756 577 3048 646 habeatis

588 684 657 718 ἰ
725 705 832 773 Sic
883 706 1054 773 enim
1109 705 1511 773 necessitates
1564 707 1817 770 nostras
1877 720 2094 768 sumus
2139 697 2393 785 partiti:
2449 702 2551 781 ut,
2610 696 2912 782 quoniam
2953 712 3053 759 vos

721 823 792 888 in
833 806 1196 889 Corbeiensi
1246 820 1628 887 monasterio
1642 818 1667 855 δ
1721 817 2008 884 habitare
2063 814 2522 900 aliquantisper
2573 832 2705 879 non
2759 811 2916 878 estis
2960 809 3057 876 de-

722 938 1048 1022 dignatus,
1092 957 1204 1003 vos
1250 936 1530 1004 eiusdem
1576 933 1917 1002 aecclesiae
1958 951 2181 998 causas
2224 928 2660 1018 provehendas
2705 926 3058 1008 assumatis,

725 1060 789 1120 et
831 1053 908 1120 de
949 1051 1355 1137 benignitatis
1382 1056 1632 1118 vestrae
1675 1048 2037 1117 defensione
2078 1045 2243 1113 filios
2271 1050 2539 1129 vestros,
2586 1044 2695 1129 qni
2736 1043 2809 1108 in
2850 1042 3059 1109 eodem

722 1168 1104 1236 monasterio
1136 1167 1273 1235 Deo
1304 1167 1601 1251 militant,
1645 1164 2030 1245 laetificetis3
2076 1167 2288 1231 vester
2316 1167 2529 1228 autem
2558 1158 2822 1243 collega,
2869 1157 3062 1224 domi·

722 1306 842 1352 nus
880 1284 1174 1351 videlicet
1216 1288 1430 1351 noster
1466 1282 1808 1367 Gregorius
1853 1278 2215 1363 cardinalis,
2262 1278 2414 1363 quia
2441 1274 2888 1343 stabulensem
2935 1292 3064 1339 aec-

723 1400 981 1468 clesiam
1023 1400 1283 1468 visitare
1339 1399 1634 1484 dignatus
1693 1402 1792 1464 est
1844 1401 1910 1463 et
1952 1395 2087 1463 eius
2130 1393 2421 1461 miserias
2465 1391 2718 1459 oculata
2757 1388 2887 1457 fide
2930 1410 3067 1476 per·

724 1517 966 1604 spexit,
1023 1517 1276 1601 negotia
1330 1515 1533 1603 ipsius
1588 1512 1958 1579 monasterii
2000 1509 2431 1598 promovenda
2471 1507 2754 1595 recipere
2796 1526 2930 1573 non
2972 1525 3069 1572 re-

723 1638 920 1719 cuset,
964 1632 1130 1700 sicut
1171 1632 1250 1700 de
1295 1631 1430 1699 eius
1473 1629 1758 1698 bonitate
1799 1628 2145 1716 plurimum
2190 1624 2581 1694 confidimus.

728 1960 826 2031 42
840 1959 907 2031 7.
944 1962 1261 2029 Wibaldus
1308 1960 1681 2048 Greqorium
1726 1961 1886 2025 diac.
1928 1960 2099 2026 card.
2144 1957 2213 2024 S.
2244 1957 2498 2043 Anqeli,
2552 1957 2827 2021 Romam
2868 1975 3073 2017 rever-

947 2102 1112 2160 sans,
1180 2088 1388 2164 royac,
1457 2086 1528 2141 ut
1582 2099 1729 2142 suas
1783 2076 1860 2141 de
1920 2074 2274 2142 Stabulemi
2324 2071 2695 2138 monades-io
2746 2070 3076 2155 petitiones

937 2218 1159 2283 papae
1200 2194 1594 2258 commendet.
2749 2180 2863 2263 (M,
2895 2182 3074 2261 395.)

552 2343 694 2399 1153
906 2326 1254 2393 Karissimo
1284 2325 1457 2412 patri
1500 2328 1566 2390 et
1596 2322 1852 2390 domino
1895 2341 2009 2388 suo
2040 2319 2395 2405 G(regorio)
2424 2315 2772 2385 venerabili
2818 2319 3074 2382 sanctae

595 2431 665 2464 ‘¹‘
728 2440 1048 2509 Romanae
1078 2440 1418 2508 aecclesiae
1446 2438 1753 2506 cardinali
1783 2437 2048 2504 diacono
2081 2437 2278 2503 frater
2306 2433 2685 2517 W(ibaldus)
2715 2431 2842 2498 Dei
2870 2432 3077 2516 gratia

729 2558 817 2643 id,
862 2557 1031 2644 quod
1074 2562 1171 2625 est
1213 2557 1283 2624 in
1327 2553 1630 2624 aecclesia
1672 2552 2000 2639 catholica,
2047 2552 2308 2638 exiguas
2337 2550 2653 2617 orationes
2683 2553 2750 2615 et
2775 2548 3076 2615 devotum

602 2674 603 2678 ’
730 2674 1078 2741 servitium.
2353 2647 2362 2656 ’

909 2789 981 2857 Si
1022 2810 1136 2856 vos
1192 2809 1339 2856 cum
1394 2786 1596 2855 salute
1652 2791 1718 2854 et
1770 2784 2194 2873 prosperitate
2236 2787 2451 2850 vestra
2504 2783 2574 2848 in
2617 2780 2859 2849 Urbem
2903 2786 2972 2847 et
3010 2781 3077 2846 in

731 2911 943 2977 vestra
996 2906 1324 2992 recepistis
1338 2954 1358 2990 ,
1414 2903 1610 2971 nichil
1666 2908 1791 2987 est,
1850 2901 2018 2987 quod
2077 2902 2145 2967 in
2200 2899 2429 2983 gaudio
2486 2897 2782 2965 desiderii
2840 2896 3043 2963 nostri
3057 2907 3077 2930 ⁶

731 3024 936 3112 possit
978 3022 1273 3089 accedere
1317 3018 1714 3088 cumulatius.
1789 3017 1970 3085 Licet
2013 3018 2183 3085 enim
2225 3015 2402 3082 illam
2448 3014 2644 3080 animi
2686 3013 2888 3080 vestri
2932 3032 3077 3079 con·

735 3144 1008 3206 stantem
1049 3137 1459 3221 industriam,
1516 3135 1668 3202 licet
1720 3134 1952 3201 mentis
1996 3138 2245 3200 vestrae
2295 3131 2695 3198 vivacitatem
2708 3178 2728 3213 ,
2786 3149 2955 3216 quae
2998 3128 3078 3194 ad

735 3255 1108 3323 declinanda
1149 3252 1435 3341 pericula
1474 3251 1814 3339 perspicax
1860 3254 1959 3317 est
2002 3255 2066 3316 et
2107 3246 2389 3330 subtilis,
2446 3265 2577 3312 non
2619 3265 2822 3332 parva.
2865 3246 3079 3329 cogni-

735 3372 907 3438 tione
951 3370 1369 3457 percepimus,
1413 3372 1648 3451 tamen,
1697 3365 1995 3451 quoniam
2037 3364 2351 3430 humanae
2394 3360 2584 3428 sortis
2610 3360 2861 3444 fragilis
2907 3365 3080 3428 extat

737 3485 1034 3570 conditi0,
1080 3505 1328 3571 semper
1369 3484 1439 3550 in
1483 3482 1663 3567 gravi
1704 3479 2125 3548 sollicitudine
2151 3479 2409 3562 fuimus,
2451 3497 2535 3544 ne
2565 3475 2805 3562 aliquid
2833 3483 3080 3544 vestrae

740 3600 1147 3669 excellentiae
1188 3600 1399 3666 minus
1443 3603 1695 3682 gratum
1724 3596 2071 3664 accidisset.
2139 3593 2414 3661 Proinde
2440 3592 2946 3677 magnitudinem
2977 3614 3080 3660 ve-

738 3722 939 3784 stram
985 3720 1228 3783 attenta
1267 3734 1455 3802 prece
1499 3733 1864 3798 exoramus,
1921 3717 1996 3778 ut
2036 3731 2153 3778 nos
2209 3716 2275 3777 et
2314 3714 2537 3777 nostra
2578 3709 2807 3776 domno
2853 3729 3079 3796 papae,

739 3833 850 3920 qui
891 3853 1008 3900 nos
1053 3832 1093 3898 a
1132 3830 1337 3915 longis
1380 3834 1551 3897 retro
1593 3826 1983 3916 temporibus
2043 3831 2108 3895 et
2146 3826 2329 3893 novit
2371 3831 2436 3893 et
2478 3825 2740 3910 diligere
2783 3824 3080 3908 dignatus

740 3955 857 4034 est,
902 3967 1018 4016 nec
1060 3968 1189 4014 non
1232 3947 1479 4014 domnis
1522 3943 1946 4013 cardinalibus
1990 3941 2430 4009 commendare
2473 3961 2597 4008 non
2642 3940 2975 4024 recusetis,
3020 3945 3080 4006 et

737 4065 1078 4153 petitiones
1120 4068 1370 4130 nostras
1414 4061 1841 4130 desideratum
1886 4057 2176 4127 effectum
2210 4058 2509 4145 consequi
2537 4055 2880 4139 adiuvetis;
2928 4076 3079 4142 quo-

740 4182 949 4266 niam,
1006 4181 1064 4247 si
1106 4178 1269 4248 velle
1313 4178 1492 4247 vobis
1547 4177 1824 4261 adiacet,
1879 4173 2181 4262 perficere
2223 4173 2577 4242 invenietis.
2761 4169 2872 4239 Sic
2914 4173 3080 4238 enim

741 4296 1148 4364 necessitates
1190 4300 1441 4363 nostras
1484 4314 1702 4361 sumus
1745 4291 1997 4380 partiti:
2057 4296 2163 4376 ut,
2210 4290 2508 4376 quoniam
2548 4309 2662 4356 vos
2710 4285 3080 4355 stabulense

744 4413 1197 4480 monasterium
1240 4412 1499 4480 visitare
1544 4429 1673 4477 non
1717 4408 1870 4476 estis
1913 4407 2319 4492 dedignatus,
2364 4425 2477 4473 vos
2522 4403 2804 4472 eiusdem
2848 4402 3079 4472 aeccle-

890 4567 933 4601 a.
961 4554 1178 4602 devotum
1206 4570 1249 4601 e.
1368 4551 1416 4600 b.
1445 4555 1644 4614 sequitur
1674 4553 1721 4599 in
1752 4551 1859 4601 cod.
1890 4550 1994 4599 deo.
2117 4562 2158 4597 c.
2198 4549 2342 4597 vestu
2372 4565 2413 4596 c.
