3319 5242
728 403 856 469 130
1422 422 1720 470 wrsanm
1762 421 2137 470 EPISTOLAE
2178 420 2255 468 ει.
2286 421 2360 468 52.

474 566 614 621 1147
720 582 883 645 mus,
937 560 1267 628 salutando
1314 563 1773 649 amplectimur,
1822 564 2241 646 obsecranteS,
2288 567 2361 628 ut
2406 562 2754 629 secundum
2799 563 3066 650 promis-

383 643 492 699 με*
514 641 640 699 sept*
658 641 687 687 Β
722 678 916 778 sionis
964 684 1208 746 vestrae
1254 680 1616 746 institutum
1662 681 2004 746 terminum
2051 680 2132 745 ad
2176 700 2291 746 nos
2337 679 2553 745 venire
2598 699 2725 745 non
2756 679 3067 764 abnuatis,

722 796 1016 880 quatinus
1061 796 1221 862 facie
1269 796 1348 862 ad
1394 797 1620 862 faciem
1665 802 1878 863 vestra
1920 796 2047 862 frui
2093 801 2158 862 et
2200 795 2527 861 iocundari
2572 795 2891 881 possimus
2927 817 3071 882 pre-

721 911 925 977 sentia
968 917 1303 997 vestroque
1347 913 1596 999 plenius
1642 913 1916 979 recreari
1963 911 2256 997 alloquio,
2311 912 2488 977 cuius
2534 931 2684 998 sepe
2731 916 2796 978 et
2839 911 3070 978 multo-

720 1027 891 1094 ciens
951 1027 1229 1094 roborati
1288 1049 1504 1095 sumus
1564 1028 1845 1095 consilio.
1917 1027 2146 1094 Veniat
2206 1047 2354 1110 ergo
2402 1026 2483 1093 ad
2526 1046 2675 1112 noe,
2732 1027 2800 1093 id
2847 1033 2949 1094 est
2993 1028 3074 1094 ad

719 1143 979 1210 dilectos
1023 1143 1185 1210 filios
1233 1166 1401 1230 suos,
1446 1150 1630 1232 pater
1661 1144 2054 1228 karissimus,
2100 1143 2607 1231 pernecessarius
2638 1143 2757 1210 hoc
2785 1148 3073 1231 tempore

717 1280 845 1325 non
891 1259 1095 1326 solum
1140 1257 1342 1345 n'obis,
1399 1262 1508 1346 qui
1553 1262 1726 1327 intus
1770 1266 2079 1344 tenemur,
2127 1265 2225 1327 set
2269 1265 2333 1327 et
2376 1259 2497 1344 hie,
2544 1261 2653 1345 qui
2697 1260 2854 1326 foris
2900 1267 3070 1327 sunt.

718 1375 881 1441 Nam
923 1381 1183 1460 treugae
1229 1378 1363 1444 sive
1407 1377 1729 1460 induciae,
1778 1397 1937 1462 quae
1978 1375 2103 1443 fide
2149 1376 2299 1442 data
2343 1376 2423 1443 ab
2469 1376 2772 1443 advocato
2818 1381 3038 1443 nostro
3056 1372 3072 1403 ¹

717 1498 781 1559 et
826 1493 1053 1559 comite
1102 1488 1531 1576 Gode(frido)²
1577 1498 1641 1560 et
1687 1493 1818 1559 suis
1864 1513 2061 1577 usque
2111 1493 2193 1558 ad
2237 1493 2468 1559 festum
2515 1493 2719 1558 sancti
2761 1487 3069 1577 Remigii⁸

716 1610 959 1675 servari
1004 1614 1067 1676 et
1112 1610 1317 1676 teneri
1361 1608 1742 1694 debuerunt,
1797 1629 1947 1675 mox
1989 1609 2060 1676 in
2106 1609 2283 1675 exitu
2325 1615 2533 1676 vestro
2580 1608 2853 1677 violatae
2898 1615 3064 1676 sunt.

716 1724 803 1791 Et
847 1730 1065 1791 nostra
1105 1745 1266 1811 pene
1299 1725 1511 1792 omnia
1555 1746 1634 1792 ex
1681 1731 1946 1810 utraque
1974 1731 2157 1811 parte
2188 1725 2402 1812 predis
2435 1726 2676 1812 rapinis
2709 1726 3068 1808 (incen)diis

717 1849 866 1909 sunt
920 1843 1225 1909 distracta
1283 1842 1438 1909 adeo
1497 1862 1726 1927 usque,
1786 1848 1856 1908 ut
1910 1842 1978 1907 in
2033 1861 2148 1907 nos
2202 1847 2447 1907 tantum
2496 1847 2560 1909 et
2601 1848 2823 1909 nostra
2867 1843 3069 1909 tocius

716 1959 1003 2026 maliciae
1049 1979 1299 2025 summa
1341 1959 1613 2039 recidat3
1663 1958 1877 2043 sicque
1921 1956 2018 2042 fit,
2059 1961 2134 2022 ut

1084 2074 1394 2160 Quicquid
1438 2074 1712 2141 delirant
1755 2095 1935 2159 reges
1949 2123 1967 2158 ,
2014 2073 2373 2160 plectantur
2416 2073 2645 2140 Achivi
2655 2069 2698 2139 ⁴.

716 2189 822 2257 Ad
858 2191 1178 2257 cumulum
1209 2211 1455 2276 quoque
1486 2190 1886 2257 miseriarum
1915 2195 2277 2256 nostrarum
2307 2189 2591 2274 accessit,
2637 2189 2807 2274 quod
2835 2188 3068 2256 Eusta-

718 2307 894 2374 chius
940 2307 1159 2373 villam
1204 2312 1487 2372 nostram
1519 2307 1824 2373 Tornines
1867 2327 1947 2372 ex
1989 2326 2300 2373 consensu
2327 2305 2739 2372 Namucensis
2785 2303 3069 2372 comitis‘·

717 2423 951 2490 iterum
994 2422 1304 2489 violenter
1350 2423 1699 2509 occupavit.
1770 2422 1892 2488 Pro
1942 2443 2066 2508 qua
2109 2443 2178 2489 re
2215 2427 2522 2507 quantum
2550 2421 3071 2506 laboraverimuS,

718 2545 1024 2627 quantum
1067 2538 1403 2604 Leodiensi
1459 2538 1752 2625 episcopo
1768 2534 1813 2621 ⁶,
1872 2544 1941 2604 ut
1999 2539 2367 2605 canonicam
2423 2538 2500 2604 de
2552 2537 2843 2605 invasore
2887 2539 3073 2608 iusti-

718 2657 884 2723 ciam
930 2662 1365 2741 exequeretur,
1413 2655 1852 2740 institerimus,
1900 2659 1964 2721 et
2008 2656 2160 2740 quid
2204 2655 2411 2721 solum
2451 2659 2649 2722 restet
2685 2656 3070 2740 faciendum,

717 2792 800 2839 ex
844 2772 1169 2858 rescriptis
1216 2771 1594 2855 litterarum,
1643 2792 1803 2856 quae
1845 2771 2024 2837 vobis
2069 2772 2444 2837 transmissa
2477 2776 2645 2856 sunt,
2691 2778 2905 2838 vestra
2930 2772 3072 2858 ple-

717 2888 862 2954 nius
909 2887 1301 2975 perpendere
1347 2889 1582 2974 poterit
1627 2887 1982 2975 prudentia.
2053 2886 2315 2954 Interim
2361 2892 2574 2954 autem
2619 2888 2701 2954 ad
2728 2888 3076 2955 humilian-

719 3005 870 3071 dum
894 3003 1029 3072 Deo
1062 3005 1305 3072 animas
1331 3012 1602 3089 nostrae,
1633 3002 1933 3089 reliquias
1958 3024 2070 3069 seu
2093 3023 2358 3089 corpora
2380 3009 2743 3071 sanctorum
2764 3006 3073 3090 omnium,

717 3142 877 3208 quae
938 3123 1108 3209 apud
1161 3143 1279 3189 nos
1334 3122 1759 3204 habebantur,
1820 3140 1963 3185 cum
2011 3118 2356 3186 Salvatoris
2412 3121 2617 3187 nostri
2660 3122 2955 3207 ymagine
2998 3122 3078 3188 in

714 3243 887 3304 terra
933 3239 1360 3325 deposuimus„
1408 3257 1689 3303 summae
1735 3235 2085 3301 divinitatis
2132 3234 2531 3302 clementiam
2562 3241 2868 3321 quantum
2895 3236 3077 3303 vale-

716 3376 856 3420 mus
916 3354 1218 3421 attentius
1267 3359 1632 3440 exorantes,
1691 3355 1761 3416 ut
1807 3372 1944 3435 eOS,
2002 3352 2111 3437 qui
2156 3352 2222 3417 in
2269 3372 2384 3417 sua
2427 3352 2677 3419 feritate
2722 3350 3077 3439 confidunt,

717 3471 980 3537 dextera
1030 3471 1284 3537 virtutis
1345 3490 1456 3535 sue
1512 3473 1874 3554 prosternat
1928 3487 2167 3552 nosque
2221 3467 2298 3534 ab
2355 3468 2638 3555 ipsorum
2707 3470 3081 3555 oppressio-

714 3586 902 3653 nibus
949 3587 1197 3672 eripiat,
1246 3586 1355 3671 qui
1402 3583 1571 3650 solus
1608 3584 1887 3651 laborem
1919 3590 1982 3651 et
2012 3583 2291 3651 dolorem
2321 3584 2653 3650 humilium
2684 3586 3074 3654 considerat.

722 3867 845 3971 52.
896 3872 1206 3937 Robertus
1288 3872 1556 3936 decanus
1626 3871 2008 3937 Stabulensis
2072 3869 2352 3936 Wibaldo
2437 3872 2513 3936 de
2588 3873 2770 3938 rebus
2836 3874 3081 3940 eisdem

896 3988 1120 4053 ambit.
1592 4033 1600 4039 -
2781 3985 2892 4069 (Μ.
2928 3989 3082 4073 38.)

470 4129 607 4183 1147
897 4118 1424 4186 Reverentissimo
1481 4119 1551 4186 in
1595 4119 1846 4186 Christo
1903 4118 2155 4186 domino
2215 4125 2280 4186 et
2329 4120 2498 4205 patri
2543 4140 2656 4186 suo
2704 4119 3086 4189 Stabulensi

376 4205 485 4262 9⁰⁸²
507 4203 682 4262 3⁰¹³*AE
719 4234 933 4301 abbati
968 4232 1257 4302 Wibaldo
1314 4237 1512 4302 frater
1554 4235 1866 4303 Robertus
1913 4237 2266 4301 orationum
2315 4240 2378 4302 et
2422 4235 2856 4320 subiectioniS,
2916 4238 3086 4306 obe-

722 4350 996 4418 dientiae
1043 4357 1107 4417 et
1151 4351 1505 4419 dilectionis
1551 4354 1912 4419 continuam
1958 4351 2372 4419 devotionem.

863 4494 912 4546 1.
936 4491 1195 4547 Heinrico
1219 4493 1420 4547 comite
1445 4492 1516 4547 de
1541 4492 1717 4560 Rupe.
1812 4492 1864 4546 2.
1891 4490 2091 4546 comite
2115 4490 2188 4546 de
2210 4491 2602 4546 Monte-acuto.
2697 4490 2748 4545 3.
2774 4489 2845 4546 ad
2864 4490 2993 4547 Oct.
3026 4496 3088 4551 1.

717 4581 770 4636 4.
807 4580 940 4637 Hor.
963 4580 1126 4650 epist.
1153 4581 1197 4635 1.
1222 4583 1271 4649 2,
1299 4581 1384 4635 14.
1528 4581 1581 4635 5.
1619 4579 1882 4635 Heinriei.
2026 4580 2078 4635 6.
2114 4579 2376 4635 Heinrico
2410 4579 2465 4633 11
2504 4578 2892 4634 1145—1164.
