3319 5242
945 455 1244 503 wmanm
1285 454 1657 504 nrm-om
1699 455 1777 503 49.
1810 456 1885 502 50.
2458 438 2582 504 127

239 592 480 680 posuit,
540 598 606 661 et
657 591 823 661 filios
868 593 1023 680 Dei,
1081 596 1190 682 qui
1235 596 1303 663 in
1346 597 1689 683 longinqua
1731 597 1986 682 regione
2032 596 2383 663 discordiae
2429 596 2584 664 adeo
2623 602 2761 656 1147

236 710 465 776 remoti
511 715 577 777 et
620 710 879 777 alienati
923 717 1121 796 erant,
1168 714 1237 778 in
1275 733 1481 778 unum·
1501 713 1762 780 intimae
1794 713 2145 780 dilectionis
2177 732 2404 799 corpus
2436 731 2584 778 con-

238 827 543 910 gregavit.
614 825 732 893 Cui
775 846 893 913 pro
938 827 1213 894 utilitate
1259 833 1324 894 et
1365 829 1811 896 reformatione
1856 830 2055 896 nostri
2090 830 2459 897 monasterii
2484 830 2584 895 in-

241 941 483 1009 defesso
544 942 754 1009 studio
799 942 1113 1010 laboranti
1154 950 1369 1010 vestra
1412 944 1728 1012 industria
1770 965 1885 1031 pro
1931 949 2183 1012 nostrae
2230 946 2583 1013 dilectionis

242 1063 303 1125 et
342 1058 682 1144 peticionis
711 1059 948 1125 intuitu
977 1059 1301 1144 singulari,
1347 1066 1420 1127 ut
1449 1066 1728 1128 vestram
1757 1061 2159 1147 prudentiam
2190 1062 2387 1147 decet,
2435 1083 2585 1130 con-

241 1175 512 1242 stantiae
558 1180 623 1242 et
666 1173 858 1242 officii
901 1196 1113 1243 amore
1160 1177 1488 1243 assistetis.

245 1405 366 1475 50.
421 1408 813 1473 Corbet'enses
839 1405 1302 1473 Stabulensibus
1332 1408 1408 1473 de
1435 1407 1718 1474 Wibaldo
1750 1410 1968 1475 abbate
1998 1410 2116 1475 sibi
2136 1432 2414 1474 concesso
2434 1433 2585 1497 yra-

416 1526 539 1588 tias
569 1533 776 1609 ayunt.
821 1524 926 1589 De
948 1534 1163 1588 mutua
1172 1524 1577 1610 fraternitate
1599 1525 1972 1589 instituenda
1997 1525 2250 1589 addunt.
2312 1521 2420 1604 (Μ.
2445 1523 2594 1605 45.)

419 1654 685 1721 Dilectis
730 1660 795 1721 et
838 1675 1089 1741 semper
1134 1655 1468 1740 diligendis
1514 1655 1785 1721 dominis
1832 1660 1897 1722 et
1938 1655 2272 1740 fratribus,
2330 1661 2584 1723 sanctae
2622 1668 2761 1722 1147

236 1769 636 1838 Stabulensis
683 1771 978 1838 ecclesiae
1022 1771 1190 1855 filiis,
1237 1772 1465 1838 fratres
1512 1770 1921 1839 Gorbeienses
1964 1773 2258 1839 intimam
2303 1772 2585 1839 dilectio-
2653 1741 2734 1787 Μ’

233 1907 387 1954 nem
415 1907 605 1954 verae
634 1887 1052 1955 fraternitatis
1082 1893 1146 1955 et
1175 1886 1649 1955 devotissimum
1679 1908 1908 1954 munus
1941 1889 2229 1956 assiduae
2261 1889 2583 1956 orationis.

420 2003 495 2069 In
537 2003 657 2070 hoc
700 2005 1137 2088 cognovimus,
1192 2004 1522 2072 reverendi
1566 2010 1780 2091 patres
1828 2009 1892 2071 et
1935 2005 2205 2090 domini,
2263 2006 2430 2090 quod
2471 2006 2586 2072 ka-

232 2120 395 2185 ritas
442 2119 565 2185 Dei
610 2118 869 2186 diffusa·
917 2128 1014 2188 est
1055 2122 1125 2187 in
1170 2121 1463 2188 cordibus
1511 2121 1744 2187 nostris
1790 2140 1905 2206 per
1936 2120 2243 2207 Spiritum
2277 2129 2585 2207 sanctum,

235 2236 347 2321 qui
393 2235 583 2302 datus
630 2242 727 2303 est
769 2237 949 2305 nobis
970 2233 1005 2322 ¹,
1054 2236 1218 2323 quia‘
1246 2237 1475 2304 fratres
1526 2243 1591 2304 et
1632 2238 1958 2323 proximos
2003 2242 2267 2321 vestros,
2314 2257 2430 2304 nos
2467 2239 2588 2305 sci-

233 2350 405 2436 licet,
454 2352 524 2417 in
568 2357 818 2419 tantum
862 2353 1197 2438 dilexistis,
1244 2354 1313 2419 in
1353 2358 1601 2420 tantum
1629 2353 1952 2419 laboribus
1984 2358 2048 2419 et
2075 2353 2586 2423 tribulationibus

234 2468 476 2534 nostris
523 2470 836 2554 compassi
881 2469 1066 2553 estis,
1112 2476 1215 2553 ut,
1263 2470 1430 2555 quod
1478 2469 1685 2536 carius
1728 2469 1896 2536 inter
1939 2490 2052 2536 vos
2099 2474 2163 2536 et
2204 2471 2430 2537 melius
2476 2471 2589 2537 ha-

234 2584 490 2670 buistis,
537 2584 864 2652 nobiscum
909 2586 1472 2673 participaveritis3
1520 2591 1586 2653 et
1630 2606 1794 2671 eum,
1844 2585 1951 2671 qui
1990 2591 2253 2654 noverat
2281 2588 2448 2655 inter
2474 2608 2588 2656 vos

234 2724 466 2770 sanare
527 2703 830 2769 contritos
876 2702 1063 2769 corde
1110 2709 1174 2769 et
1220 2702 1482 2787 alligare
1527 2703 1936 2800 contritiones
1984 2724 2203 2769 eorum
2214 2699 2259 2788 ²,
2315 2705 2383 2769 in
2429 2709 2587 2771 tem-

231 2840 389 2907 pore
434 2819 864 2886 tribulationis
907 2824 1183 2902 nostrae,
1229 2823 1302 2885 ut
1347 2824 1412 2885 et
1439 2819 1674 2886 nostris
1709 2817 2172 2886 calamitatibus
2204 2820 2586 2904 subveniret,

233 2936 317 3002 ad
368 2956 492 3002 nos
506 2985 524 3018 ,
584 2935 782 3001 multo
840 2933 1152 3001 desiderio
1200 2936 1538 3001 adventum
1585 2935 1719 3002 eius
1768 2941 2171 3021 expectantes
2184 2987 2204 3020 ,
2262 2936 2584 3003 miseritis.

233 3051 418 3119 Unde
476 3053 820 3117 immensas
876 3051 1226 3134 gratiarum
1283 3051 1559 3117 actiones
1603 3056 1853 3117 vestrae
1907 3050 2177 3117 bonitati
2232 3052 2583 3118 referimus.

229 3166 319 3234 Et
377 3167 654 3235 eundem
705 3166 1184 3234 dilectissimum
1227 3172 1476 3254 patrem
1523 3172 1586 3233 et
1630 3167 1956 3232 dominum
2001 3171 2288 3233 nostrum
2333 3172 2587 3235 strenue

228 3303 350 3370 pro
412 3282 682 3351 ecclesia
736 3289 955 3351 nostra
1008 3283 1297 3352 laborare
1358 3288 1422 3350 et
1475 3282 1707 3350 multos
1753 3284 1821 3350 in
1867 3303 1943 3350 ea
1985 3282 2231 3350 labores
2275 3282 2589 3351 industria

227 3420 382 3485 sua,
441 3400 610 3467 sicut
657 3400 839 3467 fortis
886 3405 1164 3467 armatus
1210 3399 1354 3486 quib
1400 3400 1675 3467 custodit
1719 3400 1953 3466 atrium
1996 3395 2235 3484 suum',
2280 3400 2412 3466 iam
2456 3402 2586 3468 evi-

228 3516 431 3601 cisse,
494 3516 710 3602 plures
756 3516 958 3582 adhuc
1003 3517 1060 3582 si
1094 3495 1335 3583 'vixerit
1380 3516 1760 3601 evicturum,
1814 3516 1992 3582 vobis
2037 3517 2302 3583 iocunde
2347 3523 2411 3584 et
2453 3538 2586 3585 me-

226 3634 503 3699 moriter
558 3652 702 3698 cum
756 3633 1105 3717 gratiarum
1151 3632 1395 3698 actione
1443 3653 1807 3699 enarramus
1854 3637 1945 3715 et,
2003 3637 2076 3698 ut
2117 3634 2186 3699 in
2231 3632 2329 3700 his
2375 3639 2586 3701 vestra

226 3748 605 3816 fraternitas
634 3748 818 3815 nobis
848 3747 1337 3833 congratuletur,
1369 3748 1785 3815 obsecramus.
1859 3748 2181 3833 Siquidem
2211 3755 2584 3817 conventum

226 3870 558 3948 nostrum,
623 3865 731 3950 qui
787 3863 916 3930 iam
973 3863 1011 3930 a
1064 3864 1280 3930 multis
1337 3868 1506 3930 retro
1565 3864 1954 3950 temporibus
2013 3865 2401 3933 dissensione
2457 3886 2585 3932 non

226 4001 440 4069 parva
490 3981 890 4047 laboraverat
935 3985 1120 4065 atque
1166 3981 1234 4047 in
1277 3978 1494 4045 multis
1539 3978 1694 4045 locis
1742 3979 1960 4047 eadem
2006 3988 2228 4065 agente
2273 3982 2587 4049 discordia

227 4098 565 4185 dispersus
626 4100 793 4180 erat,
850 4096 920 4162 in
974 4096 1321 4163 fraternam
1375 4115 1599 4182 pacem
1656 4102 1845 4183 atque
1899 4099 1966 4165 in
2021 4098 2366 4166 claustrum
2421 4100 2586 4166 sicut

224 4213 383 4301 pius
441 4218 660 4300 pastor
713 4212 1060 4295 revocavit,
1121 4216 1186 4278 et
1240 4232 1360 4298 que
1415 4212 1484 4278 in
1539 4213 1759 4280 ordine
1817 4219 2031 4280 nostro
2091 4213 2338 4300 dilapsa
2381 4219 2581 4298 erant,

225 4333 482 4397 attento
539 4329 748 4396 studio
804 4328 1202 4413 reformavit,
1262 4333 1334 4394 ut
1383 4329 1511 4395 iam
1556 4328 1716 4395 illud
1761 4330 2087 4416 antiquum
2131 4330 2350 4416 decus,
2405 4330 2582 4397 illam

382 4455 1349 4537 a.d3.1.c.n.p.s.s.‹'1.d.6.nob.c.
1471 4467 1915 4532 b.‹ic.a.s.cod.

384 4559 445 4615 1.
477 4557 630 4615 Rom.
657 4559 709 4627 5,
733 4559 787 4613 ὃ.
928 4559 980 4613 2.
1019 4557 1108 4614 Ps.
1140 4556 1259 4626 146,
1284 4557 1336 4612 3.
1479 4557 1532 4611 3.
1568 4557 1704 4613 Luc.
1735 4560 1820 4627 11,
1843 4559 1929 4613 21.
