3319 5242
922 415 1220 464 wmALm
1260 414 1636 464 uns-rom
1680 415 1788 463 ποτ.
1819 415 1929 465 sos.
2468 402 2597 469 327

258 563 316 624 et
362 554 668 644 epistolas
714 556 881 643 eius,
925 558 1104 626 vobis
1148 558 1753 643 transmisissemus3
1810 564 1909 626 set
1953 579 2084 626 non
2128 567 2226 629 est
2268 564 2814 630 consuetu-1149?

252 673 416 740 dinis
475 673 648 760 apud
704 671 874 760 nos',
930 679 1004 741 ut
1046 675 1183 742 sine
1227 675 1408 743 bonis
1453 675 1860 743 monimentis
1907 676 2102 763 aliqui
2146 676 2335 744 alicui
2379 697 2600 746 conce-

250 790 502 859 dantur.
580 790 814 859 Mittite
868 791 1065 876 igitur
1119 791 1301 860 nobis
1359 787 1715 877 Agellimn²
1772 792 2067 859 Noctium
2121 793 2479 860 Atticarum
2536 803 2603 863 et

250 907 592 992 Origenem
621 927 814 994 super
841 907 1088 975 cantica
1116 909 1523 976 canticorum.
1659 907 1925 976 Nostros
1938 903 1961 937 ⁸
1992 914 2226 994 autem,
2252 931 2408 996 quos
2431 931 2601 979 nunc

248 1024 632 1092 adduximus
677 1024 756 1092 de
797 1022 1088 1110 Francia,
1134 1024 1192 1091 si
1237 1025 1347 1111 qui
1390 1025 1567 1093 vobis
1612 1023 1886 1113 placent,
1931 1025 2110 1093 vobis
2152 1027 2498 1095 mittemus.

248 1235 427 1310 208.
466 1239 786 1307 Wibaldus
840 1239 1151 1305 Reinaldo
1196 1242 1559 1328 praeposito
1616 1238 2128 1307 H'ddesheimemi
2184 1241 2262 1306 de
2308 1241 2600 1308 Cicerone

470 1347 781 1429 resa-ibin
842 1349 1015 1412 cuius
1069 1371 1263 1435 opera
1306 1351 1594 1414 universa
1636 1350 1707 1414 in
1749 1371 1942 1413 unum
1985 1349 2267 1414 volumem
2313 1352 2600 1436 componi

469 1453 614 1518 vult.
682 1452 913 1519 Libros
956 1455 1256 1543 quosdam
1300 1456 1497 1519 mittit.
2270 1452 2377 1535 (M.
2415 1455 2594 1538 206.)

423 1576 653 1644 Frater
686 1574 1059 1660 W(ibaldus)
1106 1577 1228 1645 Dei
1272 1578 1479 1663 gratia
1522 1577 1620 1662 id,
1680 1578 1846 1663 quod
1892 1583 1991 1644 est
2032 1579 2099 1644 in
2144 1578 2448 1647 aecclesia
2489 1598 2593 1646 ca-
2632 1588 2809 1645 1149?

242 1691 503 1777 tholica,
548 1691 773 1759 dilecto
818 1693 1004 1760 fratri
1032 1700 1099 1761 et
1129 1695 1329 1762 amico
1362 1715 1474 1762 suo
1503 1693 1857 1776 R(einaldo)
1889 1695 2233 1762 venerabili
2263 1695 2593 1762 Hildenes-

183 1790 187 1794 ⁸
241 1809 557 1878 heimensi
601 1810 922 1897 preposito
966 1810 1467 1878 benedictionem
1512 1817 1576 1878 et
1619 1812 1816 1878 vitam
1862 1832 2060 1899 usque
2105 1812 2174 1878 in
2215 1811 2515 1879 seculum.

422 1925 616 1993 Recte
658 1928 1021 2012 meministi,
1065 1927 1283 2012 frater,
1331 1928 1517 2014 quod,
1565 1928 1850 2014 quamvis
1895 1927 2091 1995 libros
2122 1927 2442 1995 Ciceronis
2480 1928 2591 1995 ha-

239 2043 527 2127 beamus,
573 2062 689 2109 nos
733 2048 947 2110 tamen
992 2043 1368 2110 christianos
1417 2064 1554 2111 esse
1598 2044 2003 2111 recordamur
2047 2050 2130 2128 et,
2176 2050 2249 2110 ut
2282 2046 2592 2131 scripsisti

241 2166 308 2227 et
362 2164 437 2226 ut
491 2164 639 2225 tuus
686 2157 926 2226 Seneca
981 2159 1058 2226 de
1115 2180 1183 2226 se
1240 2160 1425 2244 dicit,
1486 2160 1832 2226 transimus
1888 2160 2206 2227 interdum
2260 2162 2331 2227 in
2386 2161 2595 2229 aliena

239 2280 483 2361 castra,
540 2296 667 2342 non
722 2281 1025 2362 tanquam
1070 2276 1420 2343 desertores
1467 2280 1531 2343 et
1574 2274 1969 2360 transfugae,
2026 2281 2123 2343 set
2167 2277 2331 2342 siout
2374 2278 2591 2364 explo-

237 2387 525 2459 ratores*
568 2395 632 2457 et
686 2391 1033 2480 spoliorum
1087 2392 1331 2479 cupidi,
1390 2391 1446 2458 si
1500 2392 1663 2458 forte
1718 2390 2108 2459 Madianiten
2163 2413 2386 2481 rapere
2442 2414 2590 2481 pos-

238 2508 476 2592 simus,
542 2528 731 2593 quam
795 2507 946 2597 pilis
1002 2509 1198 2576 erasis
1255 2513 1320 2608 et
1372 2508 1687 2593 unguibus
1742 2508 2009 2575 desectis
2067 2508 2347 2594 legitimo
2408 2509 2589 2576 nobis

237 2625 564 2693 valeamus
609 2625 904 2713 copulare
949 2626 1353 2693 matrimonio
1365 2620 1407 2691 ⁸.
1477 2624 1563 2692 Et
1605 2625 1756 2693 licet
1797 2647 1913 2693 nos
1958 2626 2025 2692 in
2058 2626 2312 2711 regione
2340 2625 2588 2712 longin-

237 2752 400 2831 qua⁸
445 2741 841 2828 peregrinari
886 2743 1039 2829 quin
1083 2742 1295 2830 potius
1344 2741 1600 2809 exulare
1644 2741 1988 2827 doleamus,
2035 2748 2327 2831 optamus
2372 2748 2588 2811 tamen

235 2859 454 2948 potius
499 2879 664 2945 pane
705 2859 883 2945 vivo,
931 2859 1039 2945 qui
1085 2859 1163 2926 de
1208 2858 1381 2926 coelo
1428 2853 1806 2943 deseendit⁸,
1852 2860 2156 2944 saturari,
2204 2880 2393 2947 quam
2436 2880 2587 2927 ven-

236 2982 407 3044 trem
451 2980 738 3042 nostrum
767 2974 1033 3061 implere
1063 2975 1140 3042 de
1170 2973 1438 3060 siliquis,
1474 2979 1640 3060 ‘quas
1671 2975 1850 3061 porci
1879 2975 2262 3042 manducant
2272 2971 2313 3041 ⁷.
2434 2975 2587 3042 Fer-

235 3091 386 3160 cula
430 3091 749 3159 Ciceronis
795 3111 912 3158 nec
956 3091 1121 3158 inter
1165 3091 1470 3178 precipua
1512 3110 1628 3158 nec
1672 3091 1741 3156 in
1785 3091 1995 3178 prima
2036 3070 2259 3158 mensa
2301 3092 2431 3157 iam
2474 3091 2586 3157 ha-

235 3210 483 3294 bemus,
529 3213 626 3276 set
670 3208 728 3275 si
773 3207 1021 3294 quando
1066 3206 1315 3274 meliori
1360 3206 1499 3273 cibo
1546 3205 1829 3273 satiatis*
1876 3206 2113 3292 aliquid
2155 3205 2331 3293 libet,
2379 3207 2470 3275 sic
2505 3229 2585 3274 ex

237 3347 313 3395 eo
361 3325 700 3410 sumimus,
756 3325 920 3392 sicut
963 3323 1253 3392 secundis
1298 3323 1532 3390 mensis
1580 3323 1786 3391 solent
1829 3323 2065 3410 apponi
2109 3321 2390 3389 bellaria.
2467 3322 2587 3391 Est

238 3442 436 3509 etiam
490 3440 673 3507 nobis
732 3440 1000 3526 'quedam
1044 3439 1367 3527 voluptas,
1425 3460 1553 3506 non
1599 3460 1737 3506 esse
1783 3438 2034 3505 otiosos.
2103 3438 2236 3506 Nec
2280 3460 2457 3524 vem,
2514 3446 2586 3507 ut

236 3564 452 3627 cetera
507 3558 903 3643 omittamuS,
961 3557 1097 3645 pati
1141 3577 1476 3644 possumus
1490 3607 1508 3642 ,
1571 3555 1737 3641 quod
1782 3554 1941 3622 illud
1984 3554 2194 3622 nobile
2238 3555 2583 3642 ingenium,

236 3675 352 3742 illa
395 3672 763 3762 splendida⁶
792 3674 1067 3758 inventa,
1114 3672 1226 3739 illa
1268 3677 1450 3739 tanta
1491 3694 1703 3739 rerum
1750 3677 1813 3739 et
1847 3671 2183 3740 verborum
2215 3678 2585 3739 ornamenta

239 3790 557 3859 oblivione
620 3795 683 3857 et
738 3789 1122 3875 negligentia
1176 3789 1544 3878 depereant3
1616 3793 1714 3856 set
1766 3790 1965 3875 ipsius
2022 3809 2214 3875 opera
2266 3789 2581 3875 universa,

240 3911 722 3997 quantacunque
767 3906 1036 3974 inveniri
1080 3911 1397 3994 poterunt,
1449 3906 1516 3971 in
1561 3925 1759 3970 unum
1804 3904 2096 3972 volumen
2142 3903 2360 3972 confici
2406 3905 2581 3971 volu-

240 4046 415 4110 mus,
473 4022 668 4090 nichil
719 4022 1020 4090 habentes
1077 4042 1221 4088 cum
1276 4021 1402 4088 illis
1460 4041 1823 4107 commune,
1883 4022 1990 4107 qui
2043 4026 2275 4107 quanto
2322 4020 2580 4086 ditiores

239 4146 391 4211 sunt
455 4145 633 4208 tanto
690 4140 893 4225 magis
962 4144 1148 4225 egent
1201 4143 1294 4225 et,
1360 4138 1608 4206 omissis
1665 4137 2028 4207 liberalibus
2087 4136 2343 4220 studiis,
2412 4136 2580 4202 circa

383 4279 428 4313 a.
468 4279 554 4313 nos
574 4268 728 4312 iseram
752 4266 916 4329 legitur
937 4267 980 4311 n'n
1005 4266 1108 4313 cod.
1215 4264 1261 4311 b.
1294 4264 1483 4311 satiatos
1505 4272 1747 4310 correctum
1767 4272 1835 4311 m
1851 4265 1898 4309 ⁸⁸0·
1919 4261 2111 4308 satiatis.
2215 4274 2254 4307 c.
2288 4258 2515 4321 splendita
2536 4279 2577 4308 c.

382 4354 437 4408 1.
482 4349 1000 4407 Hildesheimenses.
1166 4350 1220 4406 2.
1269 4348 1340 4404 A.
1365 4347 1621 4405 Gellium.
1800 4349 1853 4404 3.
1890 4347 2064 4417 ipsius
2097 4344 2352 4403 Reinaldi
2386 4344 2572 4403 libros.

240 4443 297 4498 4.
342 4441 588 4498 Senecae
633 4455 723 4510 ep.
758 4440 800 4496 L
833 4442 887 4511 2,
921 4440 976 4497 4.
1117 4439 1173 4496 5.
1218 4436 1304 4497 Cf.
1338 4453 1429 4508 ep.
1456 4439 1557 4495 167
1593 4454 1760 4509 supra
1793 4453 1848 4509 p.
1874 4437 1999 4503 281.
2141 4436 2192 4492 6.
2242 4434 2361 4494 Ioh.
2399 4438 2449 4506 6,
2483 4436 2571 4491 41.

243 4531 299 4587 7.
337 4531 475 4589 Luc.
501 4530 586 4602 15,
613 4529 697 4586 16.
