3319 5242
741 440 830 507 54
1366 454 1972 505 onnonoemnns
2019 455 2460 505 connnmsrs

742 620 812 666 se
854 597 1178 666 votificant
1220 598 1491 665 invisere
1536 603 1822 665 sanctum
1868 596 2126 664 Domini
2171 597 2526 684 sepulcrum
2543 593 2580 681 ¹,
2626 597 2862 683 absque
2905 598 3088 664 intri-

744 715 1010 782 cationis
1055 714 1544 801 intercapedine,
1592 720 1895 799 quantum
1940 712 2140 780 valuit
2180 734 2297 800 pro
2330 713 2609 798 agilioris
2642 733 2717 780 ac
2744 713 3086 780 devotioris

741 831 1035 916 legatarii
1048 826 1070 860 ²
1115 831 1548 913 festinatione3
1611 835 1674 897 et
1725 831 1795 896 id
1852 830 2080 896 domno
2135 830 2348 896 abbati
2392 829 2632 916 placuit
2671 829 3086 913 innotescere,

747 967 821 1013 ac
864 947 986 1014 sibi
1031 968 1098 1014 se
1142 948 1449 1013 mandans
1493 948 1564 1013 in
1595 946 1646 1013 F
1648 946 1898 1013 uldensi
1943 944 2206 1012 ecclesia
2249 949 2292 1012 4
2331 945 2470 1012 Kal.
2502 945 2831 1012 Februarii
2871 965 3087 1011 occur-

554 1073 691 1128 1147
745 1084 903 1131 rere.
974 1063 1145 1130 Talis
1191 1085 1338 1149 ergo
1368 1063 1809 1130 iniunctionis·
1838 1062 2008 1129 facta
2037 1062 2428 1146 execucione,
2476 1066 2946 1129 commorantur
2974 1059 3088 1127 ali-

532 1148 625 1195 lan.
651 1149 712 1195 ²⁹
747 1179 1047 1265 quamdiu
1090 1200 1217 1246 una
1258 1181 1326 1246 in
1371 1179 1731 1246 consistorii
1747 1178 1770 1215 ⁵
1815 1178 2174 1259 mansione3
2236 1178 2531 1263 quatinus
2577 1183 2641 1244 et
2682 1178 2819 1263 ipse
2865 1176 3091 1243 debeat

746 1316 960 1362 secum
1001 1294 1316 1362 Romanas
1373 1296 1584 1383 apices
1639 1295 1914 1362 revisere
1928 1345 1948 1378 ,
2005 1288 2275 1361 insistit⁸
2321 1293 2552 1381 oppido
2606 1312 2678 1359 ac
2721 1291 3085 1358 multifarie.

746 1411 912 1478 Hinc
956 1411 1149 1478 abbas
1181 1431 1323 1478 cum
1353 1411 1889 1479 communicassed
1920 1409 2250 1477 consilium
2281 1429 2426 1475 cum
2454 1407 2742 1476 fidelibus
2774 1414 2839 1475 et
2868 1409 3089 1475 amicis

747 1528 878 1594 suis
891 1577 910 1611 ,
978 1547 1125 1609 una,
1164 1528 1372 1594 cuncti
1429 1526 1894 1596 consultacione
1949 1525 2213 1593 accincti
2270 1525 2552 1610 aiebant,
2610 1525 2731 1591 iter
2785 1523 2905 1591 hoc
2960 1545 3089 1591 non

746 1643 1164 1711 intermittere
1208 1643 1434 1710 debere
1475 1644 1690 1730 ipsum
1732 1663 1848 1710 nec
1890 1663 2098 1731 posse,
2144 1642 2311 1728 quod
2355 1647 2523 1708 esset
2548 1640 2962 1725 necessarius,
3010 1641 3092 1708 ob

656 1843 660 1847 ⁴
745 1759 814 1826 id
860 1765 925 1826 et
964 1759 1339 1848 plurimum:
1398 1760 1560 1844 quod
1604 1758 1860 1847 publica
1905 1764 1970 1825 et
2011 1759 2263 1845 privata
2303 1758 2473 1841 regis
2517 1757 2807 1841 negocia,
2854 1757 2925 1823 in
2966 1756 3094 1823 Ro-

746 1897 937 1942 mana
980 1875 1158 1942 curia
1201 1874 1587 1942 sollemniter
1631 1880 1910 1962 peracta,
1956 1873 2114 1941 nulli
2144 1874 2235 1940 sie
2265 1894 2344 1940 ex
2372 1873 2618 1957 integro
2649 1873 2929 1956 cognita3
2977 1893 3094 1959 per

749 2013 894 2059 eum
937 1991 1208 2077 denique
1254 1992 1404 2077 quia
1447 1997 1511 2058 et
1553 1992 1862 2077 disposita
1905 1995 1969 2057 et
2010 2010 2205 2056 manu
2246 1990 2448 2075 ipsius
2494 1993 2643 2055 sunt
2687 1993 2980 2072 exarata,
3030 1994 3098 2056 et

747 2108 974 2174 horum
1030 2107 1311 2174 omnium
1366 2107 1754 2193 exemplaria
1808 2126 1999 2194 penes
2046 2127 2114 2172 se
2157 2105 2511 2186 manentia3
2557 2105 2817 2190 ipseque
2862 2104 2946 2170 ad
2990 2126 3096 2173 re-

750 2229 1035 2310 spectum
1087 2221 1558 2290 honorificentie
1610 2224 1783 2307 regie
1836 2224 1947 2289 fax
2002 2227 2067 2289 et
2109 2222 2394 2289 incentor
2438 2226 2504 2288 et
2547 2226 2765 2288 auctor
2809 2221 3098 2288 omnium

746 2340 992 2429 primus
1040 2345 1106 2407 et
1145 2339 1483 2427 precipuus
1529 2360 1691 2426 pene
1736 2340 1814 2406 ab
1861 2338 2149 2405 omnibus
2195 2343 2434 2405 semoto
2465 2336 2686 2423 procul
2714 2338 2884 2404 omni
2915 2357 3098 2404 scru-

746 2455 898 2544 pulo
945 2456 1360 2522 existimatur.
1432 2455 1669 2523 Taliter
1711 2455 1905 2540 igitur
1952 2455 2143 2522 abbas
2175 2458 2538 2537 conventus,
2583 2452 2733 2520 licet
2761 2453 3098 2538 egerrime,

749 2577 1109 2641 assentatur
1151 2576 1364 2640 tamen
1397 2573 1527 2640 acsi
1555 2571 1928 2657 voluntarie,
1976 2576 2039 2639 et
2067 2570 2185 2638 hoc
2213 2570 2517 2638 instinctu
2546 2589 2803 2637 suorum
2833 2574 2897 2636 et
2924 2570 3102 2639 bona

749 2690 1017 2775 denique
1062 2710 1192 2776 spe.
2074 2767 2079 2778 1

926 2805 1306 2873 Huiusmodi
1349 2810 1561 2872 autem
1606 2804 1925 2871 actionum
1966 2802 2248 2870 fidelium
2292 2807 2357 2869 et
2400 2802 2800 2869 devotionum
2844 2801 3102 2871 abbatis

749 2923 919 2990 circa
970 2942 1185 3006 regem
1239 2922 1531 3008 regisque
1584 2920 1937 2988 dilectionis
1995 2918 2604 3007 superabundantia⁶
2652 2919 2734 2985 ad
2777 2917 3099 3005 abbatem,

750 3045 824 3106 ut
864 3040 1250 3107 nostracium
1296 3038 1524 3105 animis
1567 3037 1848 3125 irrepsit,
1892 3035 2157 3103 fiduciae
2202 3055 2353 3102 suae
2386 3040 2784 3102 aucmentum
2811 3035 3100 3103 maximo

752 3155 999 3223 cumulo
1054 3156 1194 3222 fuit.
1283 3153 1777 3240 Suggerentibns
1820 3153 2014 3237 igitur
2059 3157 2123 3218 et
2165 3150 2661 3218 consultantibus
2705 3150 2831 3217 illis
2878 3151 3101 3219 abbati

753 3272 1166 3348 antecessoris
1181 3271 1205 3307 ‘¹
1262 3271 1363 3338 sui
1425 3291 1570 3338 cum
1636 3290 1784 3354 rege
1849 3269 2133 3353 negotia⁶
2190 3269 2268 3335 de
2325 3267 2737 3335 concedendis
2792 3266 3101 3336 ecclesiae

753 3393 1007 3455 nostrae
1072 3385 1449 3474 quibusdam
1515 3383 2117 3453 sanctimonialium‘
2171 3384 2446 3452 cenobiis
2461 3434 2479 3470 ,
2548 3383 2696 3450 licet
2746 3382 2961 3470 tepide
3022 3405 3103 3453 ac

900 3588 942 3621 a.
972 3574 1254 3621 iniunctonis
1287 3591 1326 3619 c.
1448 3571 1494 3618 b.
1527 3571 1787 3619 consistorii
1819 3589 1858 3618 c.
1981 3585 2021 3618 e.
2063 3570 2480 3631 superabundantia
2510 3573 2676 3631 scripu·
2698 3586 2782 3630 pro
2813 3570 3102 3630 superabun-

757 3655 940 3701 dantem
973 3655 1077 3700 cod.
1202 3653 1248 3699 d.
1280 3653 1528 3699 antessoris
1559 3670 1599 3699 c.
1724 3666 1764 3698 e.
1796 3652 1993 3710 negotiis
2023 3669 2061 3697 c.
2188 3650 2222 3696 f.
2253 3650 2642 3697 sanctimonalium
2673 3667 2713 3696 c.

901 3760 954 3812 1.
989 3756 1176 3813 Facile
1212 3756 1442 3826 cognitu
1478 3760 1590 3825 est,
1624 3755 1733 3812 hoc
1768 3755 1892 3813 loco
1929 3755 2022 3826 agi
2057 3754 2128 3810 de
2163 3770 2327 3810 cruce
2363 3759 2555 3809 contra
2589 3752 2783 3809 Slavos
2818 3760 3102 3825 suscepta,

757 3863 922 3918 quam
959 3846 1100 3901 dicit
1133 3845 1372 3915 scriptor
1405 3861 1440 3900 a
1471 3845 1591 3901 viro
1626 3844 1867 3915 quodam
1906 3847 2091 3915 (quem
2128 3843 2352 3913 quidem
2378 3846 2514 3912 puto
2539 3841 2860 3898 Anselmum
2885 3841 3104 3911 episco-

757 3951 888 4005 pum
912 3934 1417 4005 Havelbergensem
1455 3932 1644 4002 fuisse,
1682 3933 1796 3988 vid.
1820 3950 1876 3988 n.
1902 3934 1958 3998 3)
1986 3933 2104 4002 pari
2132 3931 2296 3988 modo
2319 3932 2460 3987 vesti
2488 3929 2710 3987 affixam
2735 3945 2870 3999 esse,
2907 3970 2933 4000 „
2948 3931 3105 3988 sicut

758 4030 845 4082 est
888 4025 1057 4081 moris
1101 4024 1513 4091 modernorum,
1559 4023 1692 4078 dum
1736 4038 1799 4078 se
1846 4020 2134 4078 votificant
2175 4021 2414 4076 invisere
2459 4024 2712 4076 sanctum
2748 4019 2972 4075 Domini
3014 4036 3102 4077 se-

758 4113 1010 4184 pulcrum
1022 4113 1066 4168 “.
1182 4115 1235 4167 2.
1260 4112 1474 4183 Legati.
1588 4112 1641 4166 3.
1667 4111 1723 4166 Is
1746 4111 1968 4166 videtur
1989 4109 2286 4166 Anselmus
2309 4124 2396 4178 ep.
2416 4107 2880 4178 Havelbergensis
2905 4105 3102 4179 fuisse,

758 4219 924 4274 quem
961 4203 1165 4259 scimus
1199 4206 1259 4257 et
1291 4201 1383 4257 die
1417 4201 1488 4256 30
1521 4199 1762 4257 Ianuarii
1801 4199 1937 4256 1147
1972 4199 2184 4255 Fuldae
2218 4197 2391 4254 fuisse
2435 4202 2495 4254 et
2540 4214 2650 4252 una
2684 4211 2810 4252 cum
2833 4196 3102 4254 wibaldo

759 4292 831 4348 ad
866 4291 1173 4362 Eugenium
1211 4291 1294 4346 111
1341 4306 1537 4360 papam
1583 4307 1618 4346 a
1652 4289 1905 4346 Conrado
1951 4303 2083 4359 rege
2132 4302 2320 4343 mense
2354 4285 2552 4342 Martio
2588 4285 2834 4342 eiusdem
2867 4286 3002 4341 anni
3039 4288 3102 4342 in

759 4380 994 4437 Galliam
1032 4380 1257 4436 missum
1294 4396 1416 4437 esse
1451 4385 1509 4436 et
1544 4394 1730 4434 mense
1766 4378 1926 4434 lunio
1960 4382 2173 4447 partem
2208 4374 2342 4431 belli
2375 4369 2643 4431 adversus
2677 4373 2871 4431 Slavos
2906 4390 3102 4445 capes-

758 4470 975 4526 sivisse.
1032 4469 1101 4524 V.
1139 4468 1338 4524 librum
1378 4485 1578 4543 meum,¹
1613 4468 1709 4538 qui
1744 4466 2062 4523 inscribitur
2096 4463 2463 4537 „Geschichte
2496 4464 2596 4520 des
2631 4463 2937 4521 deutschen
2973 4465 3103 4523 Bei-

760 4558 892 4616 ches
927 4564 1089 4615 unter
1124 4558 1339 4616 Com-ad
1378 4558 1493 4613 111⁴⁴
1528 4574 1585 4628 p.
1609 4556 1734 4612 279.
