3319 5242
726 432 810 498 10
1539 449 1971 498 rmsna‘no
2016 449 2072 498 s.
2102 450 2245 497 vm

400 593 684 651 815-822
718 596 1089 678 potuerunt,
1146 592 1273 658 nisi
1328 591 1495 679 quod
1546 591 1771 676 religio
1828 596 2048 658 sancta
2089 591 2158 656 in
2202 590 2339 657 loco
2385 590 2634 658 deserto
2676 589 3054 656 tradebatur.

718 707 883 774 Nam
927 707 1100 773 locus
1146 709 1240 774 ita
1282 708 1495 774 aridus
1543 712 1698 792 erat,
1744 713 1817 774 ut
1859 727 1976 774 nec
2018 708 2256 773 victum
2298 727 2416 773 nec
2455 707 2903 774 vestimentum
2943 705 3056 773 ibi-

719 822 863 890 dem
907 824 1191 890 invenire
1235 828 1515 910 possent,
1560 824 1689 890 nisi
1734 829 2039 910 quantum
2067 823 2391 911 praefatus
2422 822 2585 890 abba
2614 843 2656 890 a
2679 825 3055 891 monasterio

716 940 975 1027 proprio
1045 940 1276 1006 deferri
1342 940 1629 1007 faciebat.
1720 939 2090 1023 Augebatur
2155 944 2370 1005 tamen
2427 939 2707 1024 quotidie
2762 960 3055 1007 numerus

714 1056 1168 1122 monachorum
1234 1076 1312 1122 ex
1378 1055 1773 1123 nobilissimo
1845 1055 2168 1122 Saxonum
2237 1076 2498 1139 genere;
2565 1056 2749 1143 pueri
2815 1075 3056 1142 quoque

715 1172 916 1239 bonae
973 1172 1202 1238 indolis
1258 1172 1702 1239 nutriebantur
1747 1173 2016 1259 optime3
2079 1176 2144 1239 et
2186 1171 2336 1239 licet
2380 1171 2604 1259 opibus
2651 1177 2863 1239 essent
2903 1192 3055 1259 pau-

713 1309 917 1377 peres,
961 1288 1264 1372 religione
1308 1293 1557 1355 tamen·
1600 1294 1823 1355 sancta
1863 1288 2204 1375 pollebant.

887 1405 1048 1473 Erat
1093 1425 1165 1471 eo
1209 1411 1496 1492 tempore
1529 1403 1933 1489 Adalbertus,
1979 1405 2079 1470 vir
2107 1402 2463 1488 religiosae,
2508 1403 2794 1491 praefato
2823 1403 2895 1469 in
2920 1402 3055 1471 loco

708 1523 1137 1609 praepositae,
1196 1521 1304 1606 qui
1359 1540 1502 1586 cum
1549 1526 1869 1587 aestuaret
1913 1520 2235 1605 angustia,
2295 1540 2367 1586 eo
2415 1520 2582 1605 quod
2625 1540 2754 1586 non
2797 1520 3056 1587 haberet

710 1638 791 1704 ad
835 1657 992 1724 opus
1021 1637 1291 1703 fratrum
1327 1636 1663 1723 stipendia,
1710 1637 1921 1724 coepit
1950 1637 2027 1703 de
2057 1637 2406 1703 mutatione
2434 1635 2559 1703 loci
2588 1637 2897 1721 cogitare3
2945 1636 3055 1702 sed

707 1754 817 1821 ubi
847 1752 947 1819 vel
978 1752 1269 1840 qualiter,
1310 1753 1594 1820 invenire
1622 1753 1939 1839 nequibat.
2013 1752 2139 1820 Sed
2168 1773 2313 1820 cum
2339 1773 2573 1837 magna
2599 1751 3054 1818 habitatoribus

706 1870 1029 1954 ingrueret
1080 1869 1455 1953 necessitas,
1517 1870 1598 1936 ad
1652 1870 1772 1936 hoc
1822 1874 2085 1935 ventum
2139 1874 2268 1954 est,
2325 1874 2399 1935 ut
2442 1889 2511 1936 se
2554 1869 2623 1934 in
2667 1873 2797 1935 tres
2843 1873 3054 1955 partes

708 1986 1063 2053 dividerent
1109 2005 1254 2051 cum
1295 1985 1613 2070 prioribus
1658 1985 1941 2069 singulis.
2012 1985 2274 2052 Interim
2316 1984 2661 2052 necessitas
2690 1985 2961 2051 vertitur
2988 1985 3054 2050 in

704 2101 1116 2184 voluntatem,
1164 2120 1380 2167 omnes
1429 2102 1670 2186 pariter
1713 2102 1793 2168 de
1821 2102 2171 2169 mutatione
2199 2100 2325 2167 loci
2352 2106 2626 2169 tractare
2639 2100 2663 2137 ⁵
2693 2105 3051 2187 coeperunt.

884 2216 1087 2284 Affuit
1129 2216 1374 2283 interea
1418 2216 1642 2282 etiam⁶
1690 2217 1781 2283 eis
1825 2219 1894 2283 in
1938 2223 2119 2284 tanta
2161 2218 2538 2285 necessitate
2582 2216 2807 2304 positis
2841 2216 3058 2282 divina

562 2350 664 2404 821
705 2334 1057 2401 clementia.
1126 2332 1434 2400 Ascendit
1478 2333 1646 2399 enim
1692 2333 1760 2399 in
1804 2353 1912 2400 cor
1942 2334 2132 2419 regis,
2176 2338 2251 2400 ut
2276 2339 2605 2401 revocaret
2631 2332 3058 2401 venerabilem

704 2451 913 2517 virum
956 2449 1394 2516 Adalhardum
1447 2470 1664 2517 senem
1709 2454 1774 2516 et
1814 2450 2179 2517 restitueret
2222 2451 2283 2517 ei
2328 2470 2577 2517 omnem
2619 2450 2897 2536 priorem
2941 2449 3056 2515 ho-

702 2587 918 2634 norem
969 2573 1033 2634 et
1075 2566 1274 2633 multo
1322 2586 1465 2633 eum
1512 2565 1815 2654 amplius,
1875 2586 2063 2653 quam
2107 2586 2388 2654 unquam
2432 2572 2621 2634 antea
2661 2566 2902 2651 fuerat,
2950 2585 3057 2633 su-

679 2683 1015 2759 blimaret.
1108 2682 1228 2761 Qui
1273 2702 1417 2749 cum
1474 2682 1603 2748 iam
1650 2682 1851 2749 dictos
1906 2683 2246 2750 monachos
2301 2684 2370 2749 in
2423 2689 2604 2750 tanta
2659 2682 3061 2767 cognovisset

700 2800 969 2887 penuria
1013 2820 1171 2882 esse,
1218 2819 1362 2865 cum
1408 2799 1579 2865 omni
1622 2799 2026 2866 festinatione
2069 2799 2265 2883 misit,
2309 2798 2468 2866 dans
2497 2798 2793 2886 pretium,
2838 2799 3058 2866 iussit-

703 2936 845 3002 que,
891 2921 964 2982 ut
1008 2916 1209 2982 sicubi
1254 2916 1691 2982 invenirentur
1733 2935 1951 2983 carrae
1998 2916 2348 2983 oneriferae
2358 2914 2405 3000 ⁴¹,
2451 2920 2517 2981 et
2558 2919 2691 2981 tam
2737 2934 3059 2982 annonam

703 3052 893 3118 quam
936 3032 1128 3099 boves
1176 3037 1618 3119 compararent
1663 3036 1728 3098 et
1769 3051 1914 3098 cum
1958 3031 2361 3099 festinatione
2405 3030 2870 3099 laborantibus·
2904 3031 3058 3099 sub-

700 3150 1008 3217 venirent.
1164 3147 1318 3214 Post
1372 3148 1530 3215 haec
1588 3148 1854 3214 accessit
1910 3147 1993 3213 ad
2044 3148 2494 3235 imperatorem
2540 3152 2606 3214 et
2646 3147 2923 3231 rogavit,
2983 3153 3061 3214 ut

701 3265 884 3332 daret
925 3264 1269 3348 licentiam,
1318 3284 1621 3349 quaerere
1666 3264 1834 3329 inter
1877 3262 1989 3329 illa
2022 3263 2181 3349 loca,
2230 3283 2390 3349 quae
2421 3263 2502 3329 ad
2531 3283 2600 3330 se
2629 3262 3058 3349 pertinebant,

701 3381 757 3448 si
812 3381 975 3447 forte
1029 3385 1248 3467 posset
1300 3380 1531 3446 alicubi
1574 3379 1643 3445 in
1686 3380 1975 3465 praefata
2016 3381 2273 3465 regione
2315 3379 2524 3446 locum
2568 3378 2885 3463 invenire,
2942 3379 3062 3446 ubi

700 3497 1156 3564 monasterium
1200 3496 1326 3562 rite
1370 3493 1508 3561 fieri
1553 3499 1800 3582 posset3
1860 3497 2027 3581 quod
2073 3517 2113 3562 a
2154 3496 2263 3582 pio
2306 3495 2596 3583 principe
2640 3494 2859 3561 statim
2904 3513 3062 3561 con-

699 3633 947 3680 cessum
995 3617 1109 3679 est.
1160 3612 1322 3678 Tum
1366 3610 1747 3678 venerabilis
1794 3612 1976 3696 abba,
2024 3617 2282 3698 accepta
2323 3611 2602 3695 licentia,
2648 3610 2941 3698 pervenit
2986 3611 3061 3677 in

697 3735 913 3816 partes
973 3727 1288 3794 Saxoniae
1344 3748 1473 3793 una
1530 3747 1674 3794 cum
1720 3727 1982 3795 Walone
2036 3728 2235 3794 fratre
2291 3748 2423 3793 suo.
2516 3726 2652 3805 Quo
2707 3746 2852 3794 cum
2905 3746 3060 3813 per-

698 3844 1050 3927 venissent,
1120 3843 1478 3909 didicerunt
1535 3864 1575 3909 a
1628 3844 1962 3930 tratribus,
2024 3845 2174 3930 quia
2227 3849 2366 3910 erat
2415 3842 2590 3910 locus
2645 3844 2806 3910 situs
2860 3863 3064 3930 super

696 3959 960 4027 fluvium
989 3959 1254 4044 Wisera,
1298 3960 1366 4025 in
1412 3980 1576 4046 pago
1606 3960 1967 4046 Auguense‚
2016 3961 2125 4046 qui
2168 3960 2529 4047 pertinebat
2573 3960 2655 4025 ad
2698 3958 2917 4025 villam
2947 3960 3063 4026 eui

698 4076 1072 4144 vocabulum
1117 4080 1216 4141 est
1253 4075 1509 4143 Huxere
1527 4071 1574 4160 ¹3
1624 4077 1790 4162 quod
1842 4082 1907 4144 et
1950 4080 2139 4142 antea
2184 4076 2439 4161 quidam
2487 4075 2859 4142 audiverant
2891 4080 2955 4142 et
2986 4076 3065 4142 id

696 4194 908 4281 ipsum
950 4191 1319 4279 imperatori
1364 4192 1817 4260 indicaverant.
1910 4192 2126 4259 lerunt
2170 4212 2339 4276 ergo,
2386 4197 2453 4259 et
2495 4191 2753 4276 quidam
2797 4211 2878 4258 ex
2921 4191 3064 4258 fra-

785 4431 791 4438 ·
836 4385 879 4418 a.
919 4373 1071 4417 tamen
1112 4388 1196 4417 om.
1231 4373 1273 4417 1.
1308 4372 1352 4417 3.
1485 4371 1531 4418 b.
1572 4371 1753 4418 tradere
1792 4373 1838 4417 3.
1970 4383 2012 4416 e.
2056 4371 2196 4418 etiam
2235 4386 2325 4418 om.
2365 4372 2409 4417 2.
2545 4369 2592 4417 d.
2632 4382 2762 4417 carra
2799 4371 2968 4417 onusta
3011 4372 3066 4418 3.

696 4465 738 4497 e.
778 4450 1047 4498 festinanter
1076 4449 1297 4499 famelicis
1331 4453 1360 4497 2
1385 4468 1473 4512 pro
1505 4464 1610 4498 cum
1645 4475 1697 4483 ·-
1731 4449 2058 4498 laborantibus.

840 4554 888 4609 1.
925 4554 1156 4611 Hoxter.
