3319 5242
708 459 794 526 26
1520 476 1950 525 rmsnano
1995 476 2051 525 S.
2081 479 2224 525 vm

557 621 663 676 836
704 618 881 685 venis
926 618 1140 685 dicens
1185 618 1274 686 ei:
1334 621 1544 702 Quare
1590 618 1864 685 domnis?
1941 619 2162 706 Sur-qe.
2239 620 2466 684 Nonne
2513 620 2721 700 audie,
2781 632 3052 708 quantae

541 695 667 744 1u1.1
704 737 920 802 laudes
963 740 1031 801 in
1075 738 1329 802 ecclesia
1371 736 1512 802 Deo
1557 733 1917 800 solvamur?
1995 734 2171 800 Tunc
2213 733 2326 799 illa
2370 734 2587 800 statim
2631 733 2859 801 timore
2901 754 3048 821 per-

703 849 909 936 culsa,
967 851 1190 938 rapido
1251 872 1438 918 cursu
1481 850 1773 938 pervenit
1817 849 1900 916 ad
1945 849 2273 917 ecclesiam
2319 850 2411 916 ita
2455 870 2639 935 sana,
2697 856 2770 918 ut
2812 851 3047 918 nullius

705 972 915 1052 egeret
969 969 1422 1034 sustentatione
1435 978 1476 1053 ⁸,
1549 988 1709 1053 quae
1767 973 2028 1035 venerat
2085 967 2307 1034 sedens
2364 968 2433 1034 in
2488 986 2778 1050 carruca3
2835 967 3047 1053 ibique

703 1090 921 1151 curata
963 1089 1110 1171 post
1154 1084 1391 1169 aliquot
1435 1084 1568 1151 dies
1614 1085 1696 1150 ad
1740 1085 2002 1171 propria
2043 1104 2300 1150 reversa
2344 1089 2457 1150 est.

523 1209 627 1263 837
879 1200 1177 1269 Vertente
1220 1202 1415 1286 igitur
1459 1201 1686 1267 dehinc
1732 1201 1883 1266 anni
1928 1200 2237 1266 curriculo
2252 1200 2276 1236 Ι*
2319 1199 2805 1285 celebritateque
2844 1201 3047 1267 sancti

494 1283 588 1328 Μ’
609 1282 667 1329 ¹⁵
701 1317 834 1383 Viti
877 1318 1108 1384 iterum
1152 1323 1535 1401 recurrente,
1589 1317 1847 1402 quidam
1891 1321 2147 1382 nostrae
2191 1315 2469 1382 familiae
2512 1315 2785 1383 habebat
2826 1314 3045 1400 filiam,

700 1434 875 1500 cuius
932 1455 1156 1501 manus
1215 1436 1474 1501 sinistra
1530 1434 1826 1500 ariditate
1882 1433 1951 1499 in
2004 1436 2254 1499 tantum
2307 1432 2562 1499 detenta
2615 1438 2784 1517 erat,
2840 1437 2915 1499 ut
2965 1433 3047 1499 ad

698 1549 940 1617 nullum
987 1572 1144 1638 opus
1189 1550 1615 1618 necessarium
1661 1570 1800 1616 eam
1845 1568 2098 1615 movere
2142 1554 2387 1636 posset3
2436 1569 2627 1635 quam
2669 1549 2838 1615 inter
2881 1548 3045 1614 mul-

697 1666 1033 1734 titudinem
1089 1667 1310 1755 populi
1352 1667 1445 1732 ita
1490 1687 1711 1732 sanam
1754 1665 2060 1749 vidimuS,
2120 1670 2192 1731 ut
2234 1664 2481 1731 nullum
2526 1666 2888 1732 crederetur
2931 1665 3045 1732 ha-

489 1797 586 1844 11m.
605 1798 664 1844 22
696 1783 907 1851 buisse
951 1783 1206 1850 malum.
1341 1782 1496 1849 Post
1537 1782 1694 1850 haec
1737 1783 1963 1848 iterato
2010 1781 2132 1866 die,
2176 1781 2245 1847 in
2291 1803 2413 1867 quo
2460 1787 2713 1848 octavas
2741 1782 3044 1869 martyris

696 1899 1180 1985 celebravimus,
1242 1897 1555 1966 affuerunt
1610 1899 1771 1966 duae
1829 1897 2125 1965 mulieres
2182 1897 2261 1964 de
2316 1897 2471 1964 villa
2523 1899 2625 1964 cui
2670 1898 3042 1965 vocabulum

696 2020 824 2084 est⁰
869 2015 1294 2100 Erculberghd
1314 2011 1359 2097 ι;
1417 2036 1544 2081 una
1601 2035 1682 2082 ex
1739 2016 1829 2081 eis
1885 2019 2094 2098 muta,
2154 2035 2313 2100 quae
2356 2013 2685 2101 paululum
2729 2014 3044 2081 balbutire

2364 2129 2545 2197 Muta
2573 2130 2828 2216 quidem
2858 2150 3042 2197 voca-

2313 2299 2318 2324 ,
2378 2267 2538 2332 quae
2595 2252 2895 2332 utraeque
2942 2268 3041 2313 sa-

2313 2364 2511 2450 ropria
2553 2368 2702 2429 suut
2728 2383 3039 2431 reversae.

483 2501 581 2549 nm.
598 2502 659 2548 23
2313 2485 2444 2547 stae
2478 2479 2696 2564 vigilia
2724 2480 3041 2565 quoddam

692 2599 875 2667 nobis
919 2619 1154 2666 novum
1200 2599 1428 2665 accidit
1469 2596 1867 2682 miraculum,
1913 2597 2359 2664 vetustissimis
2391 2596 2597 2664 simile
2628 2597 2825 2681 signis
2855 2616 3042 2684 prae-

693 2716 1050 2785 cedentium
1094 2722 1368 2802 patrum.
1451 2714 1616 2781 Nam
1664 2735 1806 2781 cum
1853 2736 1932 2783 ex
1975 2736 2150 2782 more
2197 2714 2279 2781 ad
2323 2713 2684 2798 vigiliarum
2728 2713 3041 2780 surrexis-

694 2853 903 2900 semus
951 2831 1227 2899 officium
1272 2831 1715 2898 celebrandum
1761 2837 1949 2917 atque
1995 2832 2178 2898 solito
2211 2831 2505 2898 lucernae
2533 2830 3043 2898 illuminarentur

693 2948 1010 3033 ecclesiae,
1060 2948 1305 3031 accidit,
1350 2954 1424 3014 ut
1466 2947 1841 3015 craticulaeh
1882 2948 1951 3014 in
1994 2947 2200 3015 medio
2246 2947 2545 3014 ecclesiae
2589 2967 2927 3034 appensae,
2973 2948 3045 3015 in

694 3086 819 3151 qua
854 3066 1149 3150 quinque
1205 3065 1443 3131 vitreae
1498 3063 1824 3151 lampades
1885 3063 2350 3150 dependebant,
2415 3064 2704 3130 trahente
2758 3064 3042 3149 custode,

691 3182 859 3247 funis
904 3186 1335 3268 rumperetur,
1396 3187 1460 3247 et
1503 3179 1698 3247 effuso
1746 3180 1882 3247 oleo
1928 3180 2166 3247 omnes*
2206 3180 2275 3246 in
2320 3180 2751 3267 pavimentum
2796 3180 3044 3268 disper-

691 3302 1007 3382 gerentur.
1091 3296 1258 3375 Quas
1304 3317 1447 3362 cum
1493 3301 1771 3363 astantes
1816 3296 2049 3363 fractas
2095 3316 2223 3362 non
2267 3296 2658 3378 dubitarent,
2707 3316 3043 3365 accurrens

692 3419 902 3480 custos
934 3408 1270 3479 eeclesiae*
1292 3414 1545 3480 nomine
1567 3412 1933 3496 AutgariuS,
1974 3413 2181 3479 ferens
2210 3433 2403 3478 manu
2434 3412 2733 3479 concham
2766 3434 3040 3498 aeream,

692 3528 941 3614 volenS,
1001 3534 1334 3615 antequam
1392 3529 1729 3596 multitudo
1789 3528 2009 3616 populi
2066 3549 2227 3614 quae
2273 3530 2355 3594 ad
2397 3529 2565 3595 fores
2612 3529 2909 3614 pulsabat
2953 3531 3042 3598 ir-

693 3651 1046 3732 rumperet,
1092 3645 1444 3729 fragmenta
1489 3646 1781 3729 colligere
1829 3651 1893 3712 et
1937 3645 2173 3729 oleum,
2221 3645 2276 3710 si
2322 3644 2655 3730 quivisset3
2704 3646 3039 3733 arripiens¹

694 3768 959 3847 utraque
1002 3782 1194 3828 manu
1225 3763 1478 3846 vitrum,
1524 3762 1792 3848 proiecit
1820 3781 1962 3828 cum
1990 3781 2220 3845 magno
2250 3761 2494 3848 crepitu
2521 3762 2588 3826 in
2619 3782 2731 3827 vas
2761 3782 3041 3849 aereum,

693 3878 934 3945 nullam
976 3879 1104 3945 iam
1148 3879 1384 3946 habens
1431 3898 1609 3965 spem
1655 3878 1746 3944 eis
1793 3877 2064 3965 amplius
2101 3875 2320 3943 utendi
2350 3876 2432 3943 ad
2459 3898 2644 3943 usum
2672 3878 3038 3964 pristinum.

482 4013 659 4061 1un 24
693 3995 865 4074 Quae
896 4015 1039 4062 cum
1074 3996 1167 4061 ita
1194 3996 1260 4061 in
1291 3994 1677 4061 secretariom
1708 3995 2009 4081 reposuit,
2054 3998 2310 4080 postera
2338 3993 2440 4060 die
2469 3995 2561 4060 ita
2588 3994 2765 4079 ipsae
2793 3994 3044 4083 lampa-

693 4111 803 4178 des
819 4122 842 4147 ¹²
865 4113 1147 4196 integrae
1176 4112 1470 4177 inventae
1493 4115 1662 4194 sunt,
1693 4115 1764 4176 ut
1784 4110 2025 4176 nullum
2058 4110 2308 4193 signum
2336 4111 2650 4177 fracturae
2681 4118 3039 4198 appareret.

834 4260 874 4291 a.
908 4245 1217 4292 sustentaculo
1240 4246 1283 4290 2.
1377 4244 1423 4290 b.
1445 4244 1614 4290 circulo
1638 4246 1682 4290 2.
1778 4257 1817 4289 c.
1840 4246 1912 4290 est
1932 4261 2015 4290 om.
2041 4246 2083 4289 1.
2177 4243 2221 4290 d.
2241 4243 2505 4302 Freinbergi
2525 4246 2569 4290 2.
2663 4259 2703 4291 e.
2726 4247 2972 4293 contractis
2995 4248 3048 4293 2.

690 4326 723 4372 ἰ.
756 4324 1006 4383 Thietburg
1038 4328 1082 4371 2.
1176 4338 1218 4383 g.
1251 4324 1458 4381 Autburg
1489 4326 1531 4369 2.
1625 4323 1671 4369 h.
1706 4324 1932 4370 crucicula
1970 4347 2018 4355 —
2055 4337 2257 4383 appensa
2288 4325 2332 4369 2.
2430 4324 2461 4369 i.
2495 4324 2648 4370 omnia
2677 4327 2721 4370 2.
2815 4325 2861 4371 k.
2894 4326 3045 4373 eccle-

692 4408 787 4452 siae
822 4423 907 4451 om.
932 4408 974 4451 1.
1069 4404 1101 4450 1.
1134 4418 1236 4451 cum
1269 4405 1384 4450 add.
1408 4405 1452 4450 2.
1544 4417 1604 4449 m.
1638 4404 1883 4451 secretorio
1916 4406 1960 4450 2.
2054 4418 2098 4450 n.
2131 4404 2258 4464 ipsae
2290 4402 2523 4463 lampades
2555 4420 2641 4451 om.
2662 4406 2707 4450 2.

834 4493 883 4546 1.
931 4490 1138 4546 Erkeln
1173 4506 1346 4559 prope
1382 4489 1605 4545 Brakel.

1622 4635 2106 4660 ψ
