<?xml version="1.0" encoding="UTF-8"?>
<!DOCTYPE html PUBLIC "-//W3C//DTD XHTML 1.0 Transitional//EN"
    "http://www.w3.org/TR/xhtml1/DTD/xhtml1-transitional.dtd">
<html xmlns="http://www.w3.org/1999/xhtml" xml:lang="en" lang="en">
 <head>
  <title>
</title>
<meta http-equiv="Content-Type" content="text/html;charset=utf-8" />
  <meta name='ocr-system' content='tesseract 3.04.00' />
  <meta name='ocr-capabilities' content='ocr_page ocr_carea ocr_par ocr_line ocrx_word'/>
</head>
<body>
  <div class='ocr_page' id='page_1' title='image "./monumentacorbei00corvgoog_0609.png"; bbox 0 0 3319 5242; ppageno 0'>
   <div class='ocr_carea' id='block_1_1' title="bbox 982 359 2652 424">
    <p class='ocr_par' dir='ltr' id='par_1_1' title="bbox 982 359 2652 424">
     <span class='ocr_line' id='line_1_1' title="bbox 982 359 2652 424; baseline 0.002 -4"><span class='ocrx_word' id='word_1_1' title='bbox 982 373 1282 420; x_wconf 72' lang='lat' dir='ltr'>wmALm</span> <span class='ocrx_word' id='word_1_2' title='bbox 1323 372 1698 422; x_wconf 59' lang='lat' dir='ltr'>armeus:</span> <span class='ocrx_word' id='word_1_3' title='bbox 1739 373 1845 420; x_wconf 72' lang='lat'>466.</span> <span class='ocrx_word' id='word_1_4' title='bbox 1882 373 1989 419; x_wconf 73' lang='lat'>46⁷.</span> <span class='ocrx_word' id='word_1_5' title='bbox 2518 359 2652 424; x_wconf 92' lang='grc'>599</span> 
     </span>
    </p>
   </div>
   <div class='ocr_carea' id='block_1_2' title="bbox 309 511 2654 718">
    <p class='ocr_par' dir='ltr' id='par_1_2' title="bbox 309 511 2654 718">
     <span class='ocr_line' id='line_1_2' title="bbox 309 511 2654 605; baseline 0.001 -23"><span class='ocrx_word' id='word_1_6' title='bbox 309 511 493 582; x_wconf 87' lang='grc'><strong>466.</strong></span> <span class='ocrx_word' id='word_1_7' title='bbox 534 514 865 580; x_wconf 73' lang='grc' dir='ltr'>Ηείηνίσιιε</span> <span class='ocrx_word' id='word_1_8' title='bbox 909 515 1043 581; x_wconf 80' lang='lat' dir='ltr'>Leo</span> <span class='ocrx_word' id='word_1_9' title='bbox 1089 516 1370 582; x_wconf 78' lang='lat' dir='ltr'>Wibaldo</span> <span class='ocrx_word' id='word_1_10' title='bbox 1425 518 1634 582; x_wconf 72' lang='lat' dir='ltr'>scribit</span> <span class='ocrx_word' id='word_1_11' title='bbox 1693 518 1770 581; x_wconf 80' lang='lat' dir='ltr'>de</span> <span class='ocrx_word' id='word_1_12' title='bbox 1827 528 1994 582; x_wconf 79' lang='lat' dir='ltr'>curte</span> <span class='ocrx_word' id='word_1_13' title='bbox 2036 517 2422 605; x_wconf 67' lang='lat' dir='ltr'>Papenlteim</span> <span class='ocrx_word' id='word_1_14' title='bbox 2477 529 2536 584; x_wconf 75' lang='lat' dir='ltr'>et</span> <span class='ocrx_word' id='word_1_15' title='bbox 2576 520 2654 586; x_wconf 82' lang='lat' dir='ltr'>de</span> 
     </span>
     <span class='ocr_line' id='line_1_3' title="bbox 534 631 2650 718; baseline 0.002 -23"><span class='ocrx_word' id='word_1_16' title='bbox 534 631 872 696; x_wconf 58' lang='lat' dir='ltr'>Wadikmds</span> <span class='ocrx_word' id='word_1_17' title='bbox 903 634 1236 718; x_wconf 63' lang='lat' dir='ltr'>prmissa.</span> <span class='ocrx_word' id='word_1_18' title='bbox 2331 631 2439 712; x_wconf 85' lang='grc' dir='ltr'>(Μ.</span> <span class='ocrx_word' id='word_1_19' title='bbox 2472 633 2650 715; x_wconf 86' lang='lat'>435.)</span> 
     </span>
    </p>
   </div>
   <div class='ocr_carea' id='block_1_3' title="bbox 301 760 2825 2008">
    <p class='ocr_par' dir='ltr' id='par_1_3' title="bbox 304 760 2825 1082">
     <span class='ocr_line' id='line_1_4' title="bbox 488 760 2825 853; baseline 0.002 -25"><span class='ocrx_word' id='word_1_20' title='bbox 488 760 829 844; x_wconf 89' lang='lat' dir='ltr'>W(ibaldo)</span> <span class='ocrx_word' id='word_1_21' title='bbox 876 763 1221 831; x_wconf 88' lang='lat' dir='ltr'>venerabili</span> <span class='ocrx_word' id='word_1_22' title='bbox 1274 768 1527 830; x_wconf 89' lang='lat' dir='ltr'>sanctae</span> <span class='ocrx_word' id='word_1_23' title='bbox 1576 763 1973 831; x_wconf 87' lang='lat' dir='ltr'>Corbeiensis</span> <span class='ocrx_word' id='word_1_24' title='bbox 2030 763 2366 832; x_wconf 76' lang='lat' dir='ltr'>aecclesiae</span> <span class='ocrx_word' id='word_1_25' title='bbox 2419 766 2651 853; x_wconf 91' lang='lat' dir='ltr'>abbati,</span> <span class='ocrx_word' id='word_1_26' title='bbox 2692 779 2825 832; x_wconf 83' lang='lat'>1157</span> 
     </span>
     <span class='ocr_line' id='line_1_5' title="bbox 306 852 2808 963; baseline 0.002 -19"><span class='ocrx_word' id='word_1_27' title='bbox 306 877 719 945; x_wconf 87' lang='lat' dir='ltr'>dilectissimo</span> <span class='ocrx_word' id='word_1_28' title='bbox 788 879 1039 945; x_wconf 88' lang='lat' dir='ltr'>domino</span> <span class='ocrx_word' id='word_1_29' title='bbox 1108 900 1220 946; x_wconf 89' lang='lat' dir='ltr'>suo</span> <span class='ocrx_word' id='word_1_30' title='bbox 1237 930 1256 963; x_wconf 93' lang='lat'>,</span> <span class='ocrx_word' id='word_1_31' title='bbox 1325 879 1711 962; x_wconf 87' lang='lat' dir='ltr'>H(einricus)</span> <span class='ocrx_word' id='word_1_32' title='bbox 1772 880 1892 947; x_wconf 91' lang='lat' dir='ltr'>Dei</span> <span class='ocrx_word' id='word_1_33' title='bbox 1948 881 2156 963; x_wconf 86' lang='lat' dir='ltr'>gratia</span> <span class='ocrx_word' id='word_1_34' title='bbox 2205 880 2530 948; x_wconf 87' lang='lat' dir='ltr'>Bawariae</span> <span class='ocrx_word' id='word_1_35' title='bbox 2590 887 2654 948; x_wconf 89' lang='lat' dir='ltr'>et</span> <span class='ocrx_word' id='word_1_36' title='bbox 2693 852 2808 909; x_wconf 55' lang='lat'>‘³¹¹⁸&#39;</span> 
     </span>
     <span class='ocr_line' id='line_1_6' title="bbox 304 993 2649 1082; baseline 0.001 -22"><span class='ocrx_word' id='word_1_37' title='bbox 304 993 624 1061; x_wconf 86' lang='lat' dir='ltr'>Saxoniae</span> <span class='ocrx_word' id='word_1_38' title='bbox 678 994 806 1060; x_wconf 84' lang='lat' dir='ltr'>dux</span> <span class='ocrx_word' id='word_1_39' title='bbox 851 995 1147 1061; x_wconf 90' lang='lat' dir='ltr'>devotum</span> <span class='ocrx_word' id='word_1_40' title='bbox 1192 996 1561 1082; x_wconf 84' lang='lat' dir='ltr'>obsequium</span> <span class='ocrx_word' id='word_1_41' title='bbox 1606 1015 1748 1061; x_wconf 90' lang='lat' dir='ltr'>cum</span> <span class='ocrx_word' id='word_1_42' title='bbox 1796 996 1967 1061; x_wconf 88' lang='lat' dir='ltr'>omni</span> <span class='ocrx_word' id='word_1_43' title='bbox 2011 996 2257 1062; x_wconf 87' lang='lat' dir='ltr'>sincera</span> <span class='ocrx_word' id='word_1_44' title='bbox 2300 995 2649 1064; x_wconf 74' lang='lat' dir='ltr'>dilectione.</span> 
     </span>
    </p>

    <p class='ocr_par' dir='ltr' id='par_1_4' title="bbox 488 1109 2652 1200">
     <span class='ocr_line' id='line_1_7' title="bbox 488 1109 2652 1200; baseline 0.002 -25"><span class='ocrx_word' id='word_1_45' title='bbox 488 1109 666 1188; x_wconf 87' lang='lat' dir='ltr'>Quod</span> <span class='ocrx_word' id='word_1_46' title='bbox 710 1111 943 1193; x_wconf 87' lang='lat' dir='ltr'>omnia,</span> <span class='ocrx_word' id='word_1_47' title='bbox 991 1130 1150 1196; x_wconf 91' lang='lat' dir='ltr'>quae</span> <span class='ocrx_word' id='word_1_48' title='bbox 1195 1112 1276 1177; x_wconf 81' lang='lat' dir='ltr'>ad</span> <span class='ocrx_word' id='word_1_49' title='bbox 1319 1110 1575 1178; x_wconf 88' lang='lat' dir='ltr'>honoris</span> <span class='ocrx_word' id='word_1_50' title='bbox 1616 1111 1849 1177; x_wconf 84' lang='lat' dir='ltr'>vestri·</span> <span class='ocrx_word' id='word_1_51' title='bbox 1893 1112 2466 1195; x_wconf 81' lang='lat' dir='ltr'>augmentationem</span> <span class='ocrx_word' id='word_1_52' title='bbox 2509 1133 2652 1200; x_wconf 91' lang='lat' dir='ltr'>spe-</span> 
     </span>
    </p>

    <p class='ocr_par' dir='ltr' id='par_1_5' title="bbox 301 1226 2651 2008">
     <span class='ocr_line' id='line_1_8' title="bbox 303 1226 2648 1315; baseline 0.002 -24"><span class='ocrx_word' id='word_1_53' title='bbox 303 1229 510 1309; x_wconf 89' lang='lat' dir='ltr'>ctant,</span> <span class='ocrx_word' id='word_1_54' title='bbox 567 1245 724 1310; x_wconf 89' lang='lat' dir='ltr'>equo</span> <span class='ocrx_word' id='word_1_55' title='bbox 771 1226 989 1293; x_wconf 90' lang='lat' dir='ltr'>ordine</span> <span class='ocrx_word' id='word_1_56' title='bbox 1033 1227 1406 1314; x_wconf 81' lang='lat' dir='ltr'>procedant,</span> <span class='ocrx_word' id='word_1_57' title='bbox 1453 1232 1585 1293; x_wconf 91' lang='lat' dir='ltr'>toto</span> <span class='ocrx_word' id='word_1_58' title='bbox 1633 1226 1822 1294; x_wconf 87' lang='lat' dir='ltr'>corde</span> <span class='ocrx_word' id='word_1_59' title='bbox 1866 1227 2184 1312; x_wconf 83' lang='lat' dir='ltr'>diligimus</span> <span class='ocrx_word' id='word_1_60' title='bbox 2231 1234 2295 1295; x_wconf 88' lang='lat' dir='ltr'>et</span> <span class='ocrx_word' id='word_1_61' title='bbox 2338 1233 2648 1315; x_wconf 88' lang='lat' dir='ltr'>optamus.</span> 
     </span>
     <span class='ocr_line' id='line_1_9' title="bbox 301 1341 2649 1430; baseline 0.001 -22"><span class='ocrx_word' id='word_1_62' title='bbox 301 1341 406 1408; x_wconf 90' lang='lat' dir='ltr'>De</span> <span class='ocrx_word' id='word_1_63' title='bbox 451 1346 727 1426; x_wconf 84' lang='lat' dir='ltr'>caetere,</span> <span class='ocrx_word' id='word_1_64' title='bbox 774 1341 851 1408; x_wconf 91' lang='lat' dir='ltr'>de</span> <span class='ocrx_word' id='word_1_65' title='bbox 898 1346 1072 1409; x_wconf 86' lang='lat' dir='ltr'>curte</span> <span class='ocrx_word' id='word_1_66' title='bbox 1117 1345 1331 1409; x_wconf 87' lang='lat' dir='ltr'>vestra</span> <span class='ocrx_word' id='word_1_67' title='bbox 1372 1342 1780 1430; x_wconf 87' lang='lat' dir='ltr'>Papenheim,</span> <span class='ocrx_word' id='word_1_68' title='bbox 1828 1344 1992 1410; x_wconf 88' lang='lat' dir='ltr'>sicut</span> <span class='ocrx_word' id='word_1_69' title='bbox 2033 1343 2215 1410; x_wconf 90' lang='lat' dir='ltr'>nobis</span> <span class='ocrx_word' id='word_1_70' title='bbox 2261 1344 2649 1428; x_wconf 76' lang='lat' dir='ltr'>insinuastiS,</span> 
     </span>
     <span class='ocr_line' id='line_1_10' title="bbox 303 1457 2650 1544; baseline 0.001 -21"><span class='ocrx_word' id='word_1_71' title='bbox 303 1457 722 1524; x_wconf 87' lang='lat' dir='ltr'>libentissime</span> <span class='ocrx_word' id='word_1_72' title='bbox 790 1457 1295 1544; x_wconf 85' lang='lat' dir='ltr'>providebimus;</span> <span class='ocrx_word' id='word_1_73' title='bbox 1365 1463 1428 1525; x_wconf 88' lang='lat' dir='ltr'>et</span> <span class='ocrx_word' id='word_1_74' title='bbox 1490 1460 1655 1526; x_wconf 91' lang='lat' dir='ltr'>hanc</span> <span class='ocrx_word' id='word_1_75' title='bbox 1727 1479 1941 1525; x_wconf 87' lang='lat' dir='ltr'>curam</span> <span class='ocrx_word' id='word_1_76' title='bbox 1999 1460 2357 1527; x_wconf 79' lang='lat' dir='ltr'>castellanis</span> <span class='ocrx_word' id='word_1_77' title='bbox 2415 1461 2650 1526; x_wconf 85' lang='lat' dir='ltr'>nostris</span> 
     </span>
     <span class='ocr_line' id='line_1_11' title="bbox 304 1572 2651 1658; baseline 0.001 -18"><span class='ocrx_word' id='word_1_78' title='bbox 304 1572 677 1657; x_wconf 86' lang='lat' dir='ltr'>Dasenberg</span> <span class='ocrx_word' id='word_1_79' title='bbox 722 1573 1055 1658; x_wconf 79' lang='lat' dir='ltr'>diligenter</span> <span class='ocrx_word' id='word_1_80' title='bbox 1098 1574 1513 1658; x_wconf 87' lang='lat' dir='ltr'>iniungemus.</span> <span class='ocrx_word' id='word_1_81' title='bbox 1659 1575 1839 1654; x_wconf 82' lang='lat' dir='ltr'>Quod</span> <span class='ocrx_word' id='word_1_82' title='bbox 1886 1582 2096 1643; x_wconf 91' lang='lat' dir='ltr'>autem</span> <span class='ocrx_word' id='word_1_83' title='bbox 2140 1575 2406 1642; x_wconf 91' lang='lat' dir='ltr'>domnus</span> <span class='ocrx_word' id='word_1_84' title='bbox 2451 1575 2651 1643; x_wconf 86' lang='lat' dir='ltr'>Widi-</span> 
     </span>
     <span class='ocr_line' id='line_1_12' title="bbox 302 1686 2649 1780; baseline 0.001 -24"><span class='ocrx_word' id='word_1_85' title='bbox 302 1689 497 1756; x_wconf 86' lang='lat' dir='ltr'>kinus</span> <span class='ocrx_word' id='word_1_86' title='bbox 542 1709 755 1757; x_wconf 84' lang='lat' dir='ltr'>coram</span> <span class='ocrx_word' id='word_1_87' title='bbox 800 1690 980 1758; x_wconf 90' lang='lat' dir='ltr'>nobis</span> <span class='ocrx_word' id='word_1_88' title='bbox 1025 1686 1353 1776; x_wconf 86' lang='lat' dir='ltr'>promisit¹</span> <span class='ocrx_word' id='word_1_89' title='bbox 1398 1695 1461 1757; x_wconf 90' lang='lat' dir='ltr'>et</span> <span class='ocrx_word' id='word_1_90' title='bbox 1503 1710 1630 1757; x_wconf 91' lang='lat' dir='ltr'>non</span> <span class='ocrx_word' id='word_1_91' title='bbox 1674 1690 2000 1778; x_wconf 83' lang='lat' dir='ltr'>persolvit,</span> <span class='ocrx_word' id='word_1_92' title='bbox 2045 1698 2191 1780; x_wconf 87' lang='lat' dir='ltr'>post</span> <span class='ocrx_word' id='word_1_93' title='bbox 2232 1692 2508 1758; x_wconf 89' lang='lat' dir='ltr'>reditum</span> <span class='ocrx_word' id='word_1_94' title='bbox 2536 1713 2649 1759; x_wconf 91' lang='lat' dir='ltr'>no-</span> 
     </span>
     <span class='ocr_line' id='line_1_13' title="bbox 302 1802 2649 1896; baseline 0.001 -23"><span class='ocrx_word' id='word_1_95' title='bbox 302 1811 510 1873; x_wconf 86' lang='lat' dir='ltr'>strum</span> <span class='ocrx_word' id='word_1_96' title='bbox 570 1806 646 1874; x_wconf 90' lang='lat' dir='ltr'>ab</span> <span class='ocrx_word' id='word_1_97' title='bbox 706 1807 1104 1892; x_wconf 80' lang='lat' dir='ltr'>expeditione</span> <span class='ocrx_word' id='word_1_98' title='bbox 1116 1802 1160 1890; x_wconf 74' lang='lat'>³,</span> <span class='ocrx_word' id='word_1_99' title='bbox 1219 1808 1339 1874; x_wconf 87' lang='lat' dir='ltr'>etsi</span> <span class='ocrx_word' id='word_1_100' title='bbox 1392 1827 1520 1874; x_wconf 89' lang='lat' dir='ltr'>non</span> <span class='ocrx_word' id='word_1_101' title='bbox 1575 1807 1806 1892; x_wconf 79' lang='lat' dir='ltr'>gratis,</span> <span class='ocrx_word' id='word_1_102' title='bbox 1862 1813 2077 1875; x_wconf 89' lang='lat' dir='ltr'>tamen</span> <span class='ocrx_word' id='word_1_103' title='bbox 2133 1808 2202 1874; x_wconf 91' lang='lat' dir='ltr'>in</span> <span class='ocrx_word' id='word_1_104' title='bbox 2257 1808 2649 1896; x_wconf 89' lang='lat' dir='ltr'>beneplacito</span> 
     </span>
     <span class='ocr_line' id='line_1_14' title="bbox 301 1921 1261 2008; baseline -0.001 -19"><span class='ocrx_word' id='word_1_105' title='bbox 301 1927 514 1989; x_wconf 84' lang='lat' dir='ltr'>vestro</span> <span class='ocrx_word' id='word_1_106' title='bbox 561 1927 626 1989; x_wconf 87' lang='lat' dir='ltr'>et</span> <span class='ocrx_word' id='word_1_107' title='bbox 667 1928 883 1990; x_wconf 90' lang='lat' dir='ltr'>nostro</span> <span class='ocrx_word' id='word_1_108' title='bbox 927 1921 1261 2008; x_wconf 87' lang='lat' dir='ltr'>persolvet.</span> 
     </span>
    </p>
   </div>
   <div class='ocr_carea' id='block_1_4' title="bbox 1263 2062 1688 2076">
    <p class='ocr_par' dir='ltr' id='par_1_6' title="bbox 1263 2062 1688 2076">
     <span class='ocr_line' id='line_1_15' title="bbox 1263 2062 1688 2076; baseline 0 0"><span class='ocrx_word' id='word_1_109' title='bbox 1263 2062 1688 2076; x_wconf 95' lang='lat' dir='ltr'> </span> 
     </span>
    </p>
   </div>
   <div class='ocr_carea' id='block_1_5' title="bbox 302 2185 2648 2393">
    <p class='ocr_par' dir='ltr' id='par_1_7' title="bbox 302 2185 2648 2393">
     <span class='ocr_line' id='line_1_16' title="bbox 302 2185 2648 2276; baseline -0.001 -18"><span class='ocrx_word' id='word_1_110' title='bbox 302 2185 485 2258; x_wconf 83' lang='grc'><strong>467.</strong></span> <span class='ocrx_word' id='word_1_111' title='bbox 526 2188 885 2254; x_wconf 72' lang='lat' dir='ltr'>Fridert&#39;cus</span> <span class='ocrx_word' id='word_1_112' title='bbox 915 2189 958 2255; x_wconf 89' lang='lat' dir='ltr'><strong><em>I</em></strong></span> <span class='ocrx_word' id='word_1_113' title='bbox 988 2192 1328 2276; x_wconf 74' lang='lat' dir='ltr'>imperator</span> <span class='ocrx_word' id='word_1_114' title='bbox 1373 2188 1666 2254; x_wconf 72' lang='lat' dir='ltr'>Heinrico</span> <span class='ocrx_word' id='word_1_115' title='bbox 1713 2190 1919 2254; x_wconf 75' lang='lat' dir='ltr'>comiti</span> <span class='ocrx_word' id='word_1_116' title='bbox 1962 2190 2039 2253; x_wconf 80' lang='lat' dir='ltr'>de</span> <span class='ocrx_word' id='word_1_117' title='bbox 2071 2188 2387 2276; x_wconf 72' lang='lat' dir='ltr'>Lembury</span> <span class='ocrx_word' id='word_1_118' title='bbox 2417 2189 2648 2257; x_wconf 78' lang='lat' dir='ltr'>Wibal-</span> 
     </span>
     <span class='ocr_line' id='line_1_17' title="bbox 483 2302 2645 2393; baseline 0 -23"><span class='ocrx_word' id='word_1_119' title='bbox 483 2307 627 2370; x_wconf 80' lang='lat' dir='ltr'>dum</span> <span class='ocrx_word' id='word_1_120' title='bbox 674 2308 1231 2393; x_wconf 72' lang='lat' dir='ltr'>monasteriumque</span> <span class='ocrx_word' id='word_1_121' title='bbox 1279 2305 1640 2370; x_wconf 79' lang='lat' dir='ltr'>Stabulense</span> <span class='ocrx_word' id='word_1_122' title='bbox 1685 2306 2084 2370; x_wconf 76' lang='lat' dir='ltr'>commendat.</span> <span class='ocrx_word' id='word_1_123' title='bbox 2322 2302 2430 2385; x_wconf 85' lang='lat' dir='ltr'>(M.</span> <span class='ocrx_word' id='word_1_124' title='bbox 2464 2304 2645 2387; x_wconf 86' lang='lat'>436.)</span> 
     </span>
    </p>
   </div>
   <div class='ocr_carea' id='block_1_6' title="bbox 289 2436 2815 4263">
    <p class='ocr_par' dir='ltr' id='par_1_8' title="bbox 299 2436 2815 2640">
     <span class='ocr_line' id='line_1_18' title="bbox 481 2436 2815 2524; baseline 0.002 -20"><span class='ocrx_word' id='word_1_125' title='bbox 481 2436 888 2519; x_wconf 88' lang='lat' dir='ltr'>F(ridericus)</span> <span class='ocrx_word' id='word_1_126' title='bbox 948 2437 1071 2504; x_wconf 89' lang='lat' dir='ltr'>Dei</span> <span class='ocrx_word' id='word_1_127' title='bbox 1130 2438 1336 2521; x_wconf 88' lang='lat' dir='ltr'>gratia</span> <span class='ocrx_word' id='word_1_128' title='bbox 1391 2437 1817 2504; x_wconf 88' lang='lat' dir='ltr'>Romanorum</span> <span class='ocrx_word' id='word_1_129' title='bbox 1872 2438 2221 2523; x_wconf 89' lang='lat' dir='ltr'>imperator</span> <span class='ocrx_word' id='word_1_130' title='bbox 2274 2441 2338 2502; x_wconf 90' lang='lat' dir='ltr'>et</span> <span class='ocrx_word' id='word_1_131' title='bbox 2395 2458 2646 2524; x_wconf 90' lang='lat' dir='ltr'>semper</span> <span class='ocrx_word' id='word_1_132' title='bbox 2679 2456 2815 2511; x_wconf 81' lang='lat'>1157</span> 
     </span>
     <span class='ocr_line' id='line_1_19' title="bbox 299 2552 2640 2640; baseline -0.001 -18"><span class='ocrx_word' id='word_1_133' title='bbox 299 2557 607 2640; x_wconf 87' lang='lat' dir='ltr'>augustus</span> <span class='ocrx_word' id='word_1_134' title='bbox 654 2552 1000 2636; x_wconf 89' lang='lat' dir='ltr'>H(einrico)</span> <span class='ocrx_word' id='word_1_135' title='bbox 1049 2553 1126 2620; x_wconf 91' lang='lat' dir='ltr'>de</span> <span class='ocrx_word' id='word_1_136' title='bbox 1156 2552 1472 2638; x_wconf 88' lang='lat' dir='ltr'>Lemburg</span> <span class='ocrx_word' id='word_1_137' title='bbox 1515 2554 1786 2638; x_wconf 86' lang='lat' dir='ltr'>gratiam</span> <span class='ocrx_word' id='word_1_138' title='bbox 1833 2574 2014 2619; x_wconf 88' lang='lat' dir='ltr'>suam</span> <span class='ocrx_word' id='word_1_139' title='bbox 2060 2558 2122 2618; x_wconf 89' lang='lat' dir='ltr'>et</span> <span class='ocrx_word' id='word_1_140' title='bbox 2162 2573 2346 2619; x_wconf 89' lang='lat' dir='ltr'>omne</span> <span class='ocrx_word' id='word_1_141' title='bbox 2387 2552 2640 2620; x_wconf 92' lang='lat' dir='ltr'>bonum.</span> 
     </span>
    </p>

    <p class='ocr_par' dir='ltr' id='par_1_9' title="bbox 289 2668 2645 4263">
     <span class='ocr_line' id='line_1_20' title="bbox 478 2668 2645 2758; baseline 0 -20"><span class='ocrx_word' id='word_1_142' title='bbox 478 2672 769 2758; x_wconf 91' lang='lat' dir='ltr'>Aequum</span> <span class='ocrx_word' id='word_1_143' title='bbox 818 2676 914 2737; x_wconf 89' lang='lat' dir='ltr'>est</span> <span class='ocrx_word' id='word_1_144' title='bbox 960 2675 1023 2736; x_wconf 88' lang='lat' dir='ltr'>et</span> <span class='ocrx_word' id='word_1_145' title='bbox 1066 2669 1248 2736; x_wconf 89' lang='lat' dir='ltr'>valde</span> <span class='ocrx_word' id='word_1_146' title='bbox 1293 2670 1687 2758; x_wconf 89' lang='lat' dir='ltr'>imperialem</span> <span class='ocrx_word' id='word_1_147' title='bbox 1730 2668 2261 2753; x_wconf 87' lang='lat' dir='ltr'>magnificentiam</span> <span class='ocrx_word' id='word_1_148' title='bbox 2306 2670 2516 2754; x_wconf 87' lang='lat' dir='ltr'>decet,</span> <span class='ocrx_word' id='word_1_149' title='bbox 2573 2676 2645 2738; x_wconf 90' lang='lat' dir='ltr'>ut</span> 
     </span>
     <span class='ocr_line' id='line_1_21' title="bbox 297 2786 2643 2876; baseline -0.001 -21"><span class='ocrx_word' id='word_1_150' title='bbox 297 2809 628 2876; x_wconf 88' lang='lat' dir='ltr'>personae,</span> <span class='ocrx_word' id='word_1_151' title='bbox 676 2808 834 2873; x_wconf 89' lang='lat' dir='ltr'>quae</span> <span class='ocrx_word' id='word_1_152' title='bbox 878 2786 1146 2872; x_wconf 89' lang='lat' dir='ltr'>imperio</span> <span class='ocrx_word' id='word_1_153' title='bbox 1185 2790 1401 2853; x_wconf 89' lang='lat' dir='ltr'>nostro</span> <span class='ocrx_word' id='word_1_154' title='bbox 1432 2786 1808 2873; x_wconf 89' lang='lat' dir='ltr'>promptiori</span> <span class='ocrx_word' id='word_1_155' title='bbox 1838 2786 2166 2852; x_wconf 88' lang='lat' dir='ltr'>devotione</span> <span class='ocrx_word' id='word_1_156' title='bbox 2196 2786 2643 2873; x_wconf 88' lang='lat' dir='ltr'>obsequuntur,</span> 
     </span>
     <span class='ocr_line' id='line_1_22' title="bbox 298 2901 2645 2989; baseline -0.001 -16"><span class='ocrx_word' id='word_1_157' title='bbox 298 2911 365 2973; x_wconf 91' lang='lat' dir='ltr'>et</span> <span class='ocrx_word' id='word_1_158' title='bbox 424 2905 463 2971; x_wconf 77' lang='lat' dir='ltr'>a</span> <span class='ocrx_word' id='word_1_159' title='bbox 516 2904 697 2971; x_wconf 85' lang='lat' dir='ltr'>nobis</span> <span class='ocrx_word' id='word_1_160' title='bbox 745 2903 943 2969; x_wconf 90' lang='lat' dir='ltr'>artius</span> <span class='ocrx_word' id='word_1_161' title='bbox 989 2902 1332 2986; x_wconf 88' lang='lat' dir='ltr'>diligantur</span> <span class='ocrx_word' id='word_1_162' title='bbox 1376 2908 1441 2969; x_wconf 91' lang='lat' dir='ltr'>et</span> <span class='ocrx_word' id='word_1_163' title='bbox 1484 2902 1562 2968; x_wconf 91' lang='lat' dir='ltr'>ab</span> <span class='ocrx_word' id='word_1_164' title='bbox 1608 2901 1933 2986; x_wconf 89' lang='lat' dir='ltr'>omnibus,</span> <span class='ocrx_word' id='word_1_165' title='bbox 1994 2903 2100 2988; x_wconf 92' lang='lat' dir='ltr'>qui</span> <span class='ocrx_word' id='word_1_166' title='bbox 2145 2902 2398 2989; x_wconf 90' lang='lat' dir='ltr'>imperii</span> <span class='ocrx_word' id='word_1_167' title='bbox 2442 2904 2645 2970; x_wconf 88' lang='lat' dir='ltr'>nostri</span> 
     </span>
     <span class='ocr_line' id='line_1_23' title="bbox 295 3017 2641 3103; baseline -0.001 -15"><span class='ocrx_word' id='word_1_168' title='bbox 295 3022 601 3088; x_wconf 90' lang='lat' dir='ltr'>honorem</span> <span class='ocrx_word' id='word_1_169' title='bbox 647 3019 937 3103; x_wconf 90' lang='lat' dir='ltr'>diligunt,</span> <span class='ocrx_word' id='word_1_170' title='bbox 985 3037 1125 3084; x_wconf 89' lang='lat' dir='ltr'>cum</span> <span class='ocrx_word' id='word_1_171' title='bbox 1173 3018 1385 3085; x_wconf 87' lang='lat' dir='ltr'>debita</span> <span class='ocrx_word' id='word_1_172' title='bbox 1426 3018 1781 3085; x_wconf 87' lang='lat' dir='ltr'>reverentia</span> <span class='ocrx_word' id='word_1_173' title='bbox 1824 3022 2288 3085; x_wconf 77' lang='lat' dir='ltr'>conserventur.</span> <span class='ocrx_word' id='word_1_174' title='bbox 2369 3017 2641 3086; x_wconf 89' lang='lat' dir='ltr'>Proinde</span> 
     </span>
     <span class='ocr_line' id='line_1_24' title="bbox 294 3133 2641 3218; baseline -0 -14"><span class='ocrx_word' id='word_1_175' title='bbox 294 3136 677 3205; x_wconf 89' lang='lat' dir='ltr'>industriam</span> <span class='ocrx_word' id='word_1_176' title='bbox 720 3141 896 3200; x_wconf 89' lang='lat' dir='ltr'>tuam</span> <span class='ocrx_word' id='word_1_177' title='bbox 942 3137 1179 3201; x_wconf 89' lang='lat' dir='ltr'>attente</span> <span class='ocrx_word' id='word_1_178' title='bbox 1221 3133 1532 3201; x_wconf 91' lang='lat' dir='ltr'>monendo</span> <span class='ocrx_word' id='word_1_179' title='bbox 1576 3154 1870 3218; x_wconf 89' lang='lat' dir='ltr'>rogamus</span> <span class='ocrx_word' id='word_1_180' title='bbox 1885 3184 1903 3218; x_wconf 93' lang='lat'>,</span> <span class='ocrx_word' id='word_1_181' title='bbox 1947 3140 2020 3200; x_wconf 90' lang='lat' dir='ltr'>ut</span> <span class='ocrx_word' id='word_1_182' title='bbox 2062 3133 2309 3201; x_wconf 90' lang='lat' dir='ltr'>fidelem</span> <span class='ocrx_word' id='word_1_183' title='bbox 2352 3140 2641 3203; x_wconf 84' lang='lat' dir='ltr'>nostrum</span> 
     </span>
     <span class='ocr_line' id='line_1_25' title="bbox 295 3248 2638 3336; baseline -0 -16"><span class='ocrx_word' id='word_1_184' title='bbox 295 3252 660 3320; x_wconf 88' lang='lat' dir='ltr'>Wibaldum</span> <span class='ocrx_word' id='word_1_185' title='bbox 706 3250 1140 3318; x_wconf 88' lang='lat' dir='ltr'>Stabulensem</span> <span class='ocrx_word' id='word_1_186' title='bbox 1186 3249 1496 3333; x_wconf 88' lang='lat' dir='ltr'>abbatem,</span> <span class='ocrx_word' id='word_1_187' title='bbox 1543 3250 1650 3336; x_wconf 90' lang='lat' dir='ltr'>qui</span> <span class='ocrx_word' id='word_1_188' title='bbox 1695 3248 1959 3315; x_wconf 90' lang='lat' dir='ltr'>multum</span> <span class='ocrx_word' id='word_1_189' title='bbox 2009 3253 2073 3315; x_wconf 89' lang='lat' dir='ltr'>et</span> <span class='ocrx_word' id='word_1_190' title='bbox 2117 3249 2226 3315; x_wconf 90' lang='lat' dir='ltr'>diu</span> <span class='ocrx_word' id='word_1_191' title='bbox 2268 3250 2336 3316; x_wconf 93' lang='lat' dir='ltr'>in</span> <span class='ocrx_word' id='word_1_192' title='bbox 2380 3251 2638 3319; x_wconf 85' lang='lat' dir='ltr'>servitio</span> 
     </span>
     <span class='ocr_line' id='line_1_26' title="bbox 295 3365 2639 3454; baseline -0 -18"><span class='ocrx_word' id='word_1_193' title='bbox 295 3374 517 3436; x_wconf 86' lang='lat' dir='ltr'>nostro</span> <span class='ocrx_word' id='word_1_194' title='bbox 561 3374 624 3435; x_wconf 92' lang='lat' dir='ltr'>et</span> <span class='ocrx_word' id='word_1_195' title='bbox 666 3366 919 3454; x_wconf 86' lang='lat' dir='ltr'>imperii</span> <span class='ocrx_word' id='word_1_196' title='bbox 961 3366 1337 3433; x_wconf 86' lang='lat' dir='ltr'>utilitatibus</span> <span class='ocrx_word' id='word_1_197' title='bbox 1380 3366 1510 3432; x_wconf 88' lang='lat' dir='ltr'>iam</span> <span class='ocrx_word' id='word_1_198' title='bbox 1552 3365 1883 3449; x_wconf 85' lang='lat' dir='ltr'>laboravit,</span> <span class='ocrx_word' id='word_1_199' title='bbox 1926 3365 2237 3433; x_wconf 87' lang='lat' dir='ltr'>honorare</span> <span class='ocrx_word' id='word_1_200' title='bbox 2283 3370 2346 3446; x_wconf 73' lang='lat' dir='ltr'>et</span> <span class='ocrx_word' id='word_1_201' title='bbox 2379 3366 2639 3451; x_wconf 86' lang='lat' dir='ltr'>diligere</span> 
     </span>
     <span class='ocr_line' id='line_1_27' title="bbox 298 3481 2638 3567; baseline -0.001 -16"><span class='ocrx_word' id='word_1_202' title='bbox 298 3485 552 3551; x_wconf 85' lang='lat' dir='ltr'>studeas</span> <span class='ocrx_word' id='word_1_203' title='bbox 599 3489 663 3550; x_wconf 89' lang='lat' dir='ltr'>et</span> <span class='ocrx_word' id='word_1_204' title='bbox 709 3482 1072 3550; x_wconf 88' lang='lat' dir='ltr'>aecclesiam</span> <span class='ocrx_word' id='word_1_205' title='bbox 1121 3481 1589 3567; x_wconf 88' lang='lat' dir='ltr'>Stabulensem,</span> <span class='ocrx_word' id='word_1_206' title='bbox 1635 3482 1739 3548; x_wconf 91' lang='lat' dir='ltr'>cui</span> <span class='ocrx_word' id='word_1_207' title='bbox 1781 3485 2025 3567; x_wconf 88' lang='lat' dir='ltr'>preest,</span> <span class='ocrx_word' id='word_1_208' title='bbox 2071 3483 2236 3548; x_wconf 89' lang='lat' dir='ltr'>tueri</span> <span class='ocrx_word' id='word_1_209' title='bbox 2279 3487 2343 3549; x_wconf 89' lang='lat' dir='ltr'>et</span> <span class='ocrx_word' id='word_1_210' title='bbox 2386 3503 2638 3551; x_wconf 90' lang='lat' dir='ltr'>conser-</span> 
     </span>
     <span class='ocr_line' id='line_1_28' title="bbox 293 3597 2638 3687; baseline 0 -21"><span class='ocrx_word' id='word_1_211' title='bbox 293 3621 446 3667; x_wconf 86' lang='lat' dir='ltr'>vare</span> <span class='ocrx_word' id='word_1_212' title='bbox 489 3619 618 3666; x_wconf 92' lang='lat' dir='ltr'>non</span> <span class='ocrx_word' id='word_1_213' title='bbox 663 3619 883 3666; x_wconf 89' lang='lat' dir='ltr'>cesses.</span> <span class='ocrx_word' id='word_1_214' title='bbox 948 3598 1384 3665; x_wconf 88' lang='lat' dir='ltr'>Interdicimus</span> <span class='ocrx_word' id='word_1_215' title='bbox 1430 3599 1619 3664; x_wconf 89' lang='lat' dir='ltr'>etiam</span> <span class='ocrx_word' id='word_1_216' title='bbox 1665 3597 1784 3663; x_wconf 91' lang='lat' dir='ltr'>tibi</span> <span class='ocrx_word' id='word_1_217' title='bbox 1830 3603 2016 3682; x_wconf 88' lang='lat' dir='ltr'>atque</span> <span class='ocrx_word' id='word_1_218' title='bbox 2058 3598 2171 3665; x_wconf 90' lang='lat' dir='ltr'>sub</span> <span class='ocrx_word' id='word_1_219' title='bbox 2203 3603 2465 3687; x_wconf 91' lang='lat' dir='ltr'>optentu</span> <span class='ocrx_word' id='word_1_220' title='bbox 2493 3620 2638 3683; x_wconf 88' lang='lat' dir='ltr'>gra-</span> 
     </span>
     <span class='ocr_line' id='line_1_29' title="bbox 291 3713 2636 3801; baseline 0 -19"><span class='ocrx_word' id='word_1_221' title='bbox 291 3717 422 3783; x_wconf 86' lang='lat' dir='ltr'>tiae</span> <span class='ocrx_word' id='word_1_222' title='bbox 465 3720 719 3782; x_wconf 90' lang='lat' dir='ltr'>nostrae</span> <span class='ocrx_word' id='word_1_223' title='bbox 763 3714 1167 3801; x_wconf 87' lang='lat' dir='ltr'>precipimus,</span> <span class='ocrx_word' id='word_1_224' title='bbox 1213 3735 1293 3780; x_wconf 90' lang='lat' dir='ltr'>ne</span> <span class='ocrx_word' id='word_1_225' title='bbox 1336 3713 1858 3801; x_wconf 89' lang='lat' dir='ltr'>possessionibus,</span> <span class='ocrx_word' id='word_1_226' title='bbox 1907 3714 2111 3780; x_wconf 89' lang='lat' dir='ltr'>eidem</span> <span class='ocrx_word' id='word_1_227' title='bbox 2143 3715 2479 3782; x_wconf 87' lang='lat' dir='ltr'>aecclesiae</span> <span class='ocrx_word' id='word_1_228' title='bbox 2507 3715 2636 3782; x_wconf 92' lang='lat' dir='ltr'>col-</span> 
     </span>
     <span class='ocr_line' id='line_1_30' title="bbox 290 3829 2633 3916; baseline -0.001 -16"><span class='ocrx_word' id='word_1_229' title='bbox 290 3834 440 3900; x_wconf 90' lang='lat' dir='ltr'>latis</span> <span class='ocrx_word' id='word_1_230' title='bbox 488 3833 526 3899; x_wconf 76' lang='lat' dir='ltr'>a</span> <span class='ocrx_word' id='word_1_231' title='bbox 568 3831 694 3898; x_wconf 88' lang='lat' dir='ltr'>tuis</span> <span class='ocrx_word' id='word_1_232' title='bbox 739 3829 1255 3914; x_wconf 78' lang='lat' dir='ltr'>antecessoribuS,</span> <span class='ocrx_word' id='word_1_233' title='bbox 1303 3830 1580 3915; x_wconf 88' lang='lat' dir='ltr'>aliquam</span> <span class='ocrx_word' id='word_1_234' title='bbox 1605 3830 1970 3915; x_wconf 70' lang='lat' dir='ltr'>violentiam</span> <span class='ocrx_word' id='word_1_235' title='bbox 1998 3832 2233 3897; x_wconf 88' lang='lat' dir='ltr'>inferas</span> <span class='ocrx_word' id='word_1_236' title='bbox 2261 3851 2463 3916; x_wconf 89' lang='lat' dir='ltr'>neque</span> <span class='ocrx_word' id='word_1_237' title='bbox 2494 3851 2633 3898; x_wconf 86' lang='lat' dir='ltr'>eam</span> 
     </span>
     <span class='ocr_line' id='line_1_31' title="bbox 295 3946 2631 4034; baseline -0.001 -18"><span class='ocrx_word' id='word_1_238' title='bbox 295 3949 505 4034; x_wconf 88' lang='lat' dir='ltr'>aliquo</span> <span class='ocrx_word' id='word_1_239' title='bbox 549 3948 735 4015; x_wconf 90' lang='lat' dir='ltr'>modo</span> <span class='ocrx_word' id='word_1_240' title='bbox 767 3967 997 4014; x_wconf 83' lang='lat' dir='ltr'>vexare</span> <span class='ocrx_word' id='word_1_241' title='bbox 1043 3950 1399 4032; x_wconf 87' lang='lat' dir='ltr'>attemptes,</span> <span class='ocrx_word' id='word_1_242' title='bbox 1447 3947 1649 4012; x_wconf 90' lang='lat' dir='ltr'>sciens</span> <span class='ocrx_word' id='word_1_243' title='bbox 1693 3946 1914 4033; x_wconf 92' lang='lat' dir='ltr'>procul</span> <span class='ocrx_word' id='word_1_244' title='bbox 1960 3947 2167 4030; x_wconf 86' lang='lat' dir='ltr'>dubie,</span> <span class='ocrx_word' id='word_1_245' title='bbox 2215 3948 2380 4032; x_wconf 91' lang='lat' dir='ltr'>quod</span> <span class='ocrx_word' id='word_1_246' title='bbox 2411 3946 2631 4014; x_wconf 88' lang='lat' dir='ltr'>eadem</span> 
     </span>
     <span class='ocr_line' id='line_1_32' title="bbox 294 4061 2630 4148; baseline -0.001 -16"><span class='ocrx_word' id='word_1_247' title='bbox 294 4064 598 4133; x_wconf 87' lang='lat' dir='ltr'>aecclesia</span> <span class='ocrx_word' id='word_1_248' title='bbox 662 4084 808 4131; x_wconf 92' lang='lat' dir='ltr'>cum</span> <span class='ocrx_word' id='word_1_249' title='bbox 874 4063 1004 4130; x_wconf 87' lang='lat' dir='ltr'>suis</span> <span class='ocrx_word' id='word_1_250' title='bbox 1071 4062 1358 4129; x_wconf 92' lang='lat' dir='ltr'>omnibus</span> <span class='ocrx_word' id='word_1_251' title='bbox 1415 4061 1531 4127; x_wconf 90' lang='lat' dir='ltr'>sub</span> <span class='ocrx_word' id='word_1_252' title='bbox 1585 4061 1785 4128; x_wconf 89' lang='lat' dir='ltr'>tutela</span> <span class='ocrx_word' id='word_1_253' title='bbox 1841 4068 1906 4128; x_wconf 89' lang='lat' dir='ltr'>et</span> <span class='ocrx_word' id='word_1_254' title='bbox 1959 4063 2318 4129; x_wconf 87' lang='lat' dir='ltr'>defensione</span> <span class='ocrx_word' id='word_1_255' title='bbox 2377 4064 2630 4148; x_wconf 87' lang='lat' dir='ltr'>imperii</span> 
     </span>
     <span class='ocr_line' id='line_1_33' title="bbox 289 4176 2626 4263; baseline -0.002 -14"><span class='ocrx_word' id='word_1_256' title='bbox 289 4182 494 4249; x_wconf 84' lang='lat' dir='ltr'>nostri</span> <span class='ocrx_word' id='word_1_257' title='bbox 523 4182 865 4248; x_wconf 89' lang='lat' dir='ltr'>constituta</span> <span class='ocrx_word' id='word_1_258' title='bbox 894 4186 1018 4262; x_wconf 89' lang='lat' dir='ltr'>est;</span> <span class='ocrx_word' id='word_1_259' title='bbox 1062 4179 1228 4245; x_wconf 93' lang='lat' dir='ltr'>unde</span> <span class='ocrx_word' id='word_1_260' title='bbox 1260 4183 1341 4263; x_wconf 91' lang='lat' dir='ltr'>et,</span> <span class='ocrx_word' id='word_1_261' title='bbox 1373 4178 1726 4263; x_wconf 89' lang='lat' dir='ltr'>quicunque</span> <span class='ocrx_word' id='word_1_262' title='bbox 1757 4197 1894 4244; x_wconf 89' lang='lat' dir='ltr'>eam</span> <span class='ocrx_word' id='word_1_263' title='bbox 1924 4176 2159 4261; x_wconf 88' lang='lat' dir='ltr'>leserit,</span> <span class='ocrx_word' id='word_1_264' title='bbox 2204 4198 2319 4244; x_wconf 89' lang='lat' dir='ltr'>nos</span> <span class='ocrx_word' id='word_1_265' title='bbox 2349 4177 2626 4245; x_wconf 83' lang='lat' dir='ltr'>offendit.</span> 
     </span>
    </p>
   </div>
   <div class='ocr_carea' id='block_1_7' title="bbox 1249 4335 1669 4350">
    <p class='ocr_par' dir='ltr' id='par_1_10' title="bbox 1249 4335 1669 4350">
     <span class='ocr_line' id='line_1_34' title="bbox 1249 4335 1669 4350; baseline 0 0"><span class='ocrx_word' id='word_1_266' title='bbox 1249 4335 1669 4350; x_wconf 95' lang='lat' dir='ltr'> </span> 
     </span>
    </p>
   </div>
   <div class='ocr_carea' id='block_1_8' title="bbox 435 4386 735 4433">
    <p class='ocr_par' dir='ltr' id='par_1_11' title="bbox 435 4386 735 4433">
     <span class='ocr_line' id='line_1_35' title="bbox 435 4386 735 4433; baseline 0 0"><span class='ocrx_word' id='word_1_267' title='bbox 435 4400 479 4433; x_wconf 70' lang='grc' dir='ltr'>ι.</span> <span class='ocrx_word' id='word_1_268' title='bbox 519 4386 735 4433; x_wconf 72' lang='lat' dir='ltr'>nostrie.</span> 
     </span>
    </p>
   </div>
   <div class='ocr_carea' id='block_1_9' title="bbox 433 4467 1770 4543">
    <p class='ocr_par' dir='ltr' id='par_1_12' title="bbox 433 4467 1770 4543">
     <span class='ocr_line' id='line_1_36' title="bbox 433 4467 1770 4543; baseline -0.004 -15"><span class='ocrx_word' id='word_1_269' title='bbox 433 4473 483 4528; x_wconf 92' lang='lat'>1.</span> <span class='ocrx_word' id='word_1_270' title='bbox 520 4489 574 4528; x_wconf 89' lang='lat' dir='ltr'>v.</span> <span class='ocrx_word' id='word_1_271' title='bbox 612 4486 699 4542; x_wconf 88' lang='lat' dir='ltr'>ep.</span> <span class='ocrx_word' id='word_1_272' title='bbox 722 4471 829 4527; x_wconf 80' lang='lat'>462</span> <span class='ocrx_word' id='word_1_273' title='bbox 863 4486 1030 4543; x_wconf 84' lang='lat' dir='ltr'>supra</span> <span class='ocrx_word' id='word_1_274' title='bbox 1062 4487 1117 4540; x_wconf 88' lang='lat' dir='ltr'>p.</span> <span class='ocrx_word' id='word_1_275' title='bbox 1143 4470 1265 4526; x_wconf 82' lang='lat'>595.</span> <span class='ocrx_word' id='word_1_276' title='bbox 1407 4470 1460 4525; x_wconf 78' lang='lat'>2.</span> <span class='ocrx_word' id='word_1_277' title='bbox 1495 4467 1770 4524; x_wconf 82' lang='lat' dir='ltr'>Polonica.</span> 
     </span>
    </p>
   </div>
  </div>
 </body>
</html>
