3319 5242
714 361 801 427 52
1340 377 1945 427 canonosmnos
1990 379 2431 429 coasnmnsrs

521 525 661 581 1146
714 521 891 586 cuius
935 525 1002 587 et
1043 519 1147 586 hic
1189 520 1573 587 maiusculus
1627 542 1828 608 pagus
1875 521 2169 606 dicionis,
2230 523 2440 606 regiae
2484 521 2803 609 presentie
2843 542 2918 588 se
2957 522 3048 587 in-

491 598 602 646 Dcc.
622 601 679 645 10

519 1219 628 1268 Dec.
647 1222 677 1267 9

482 3086 592 3134 Dec.
611 3087 670 3134 10

515 4029 625 4080 Dec.
642 4033 673 4080 8

713 640 1063 722 gesserunt,
1111 641 1208 702 set
1250 656 1379 703 11011
1426 658 1497 703 00
1541 657 1825 720 numero,
1873 639 2048 722 quoti
2093 643 2243 704 sunt
2284 639 2521 722 egressi
2565 638 2643 704 de
2678 657 2791 704 suo
2836 657 3049 703 mona·
3144 622 3157 630 ’

713 753 940 835 steri03
999 773 1149 818 nam
1196 753 1642 836 Theodericus,
1689 753 1985 820 mulionis
2030 753 2328 822 beneficio
2372 754 2623 820 functus
2636 802 2657 838 ,
2705 753 2873 840 apud
2918 753 3050 819 Fri-

713 869 1052 935 deslariam
1107 874 1430 953 egrotans,
1484 874 1633 957 post
1677 870 1994 936 modicum
2040 875 2138 937 est
2179 875 2245 937 et
2300 870 2660 953 defunctus,
2707 874 2777 937 et
2815 869 2900 937 ad
2940 889 3049 935 nos

710 1005 909 1070 usque
953 984 1289 1070 deductus,
1324 985 1393 1051 in
1437 985 1947 1052 ministerialium
1991 986 2298 1054 cimiterio
2312 997 2333 1022 ·
2364 1006 2507 1053 cum
2543 987 2675 1053 suis
2704 991 2803 1054 est
2846 985 3051 1074 sepul-

711 1106 892 1167 turae
935 1101 1225 1168 traditus.

887 1215 1101 1283 Pridie
1147 1222 1380 1300 autem,
1429 1237 1618 1302 quam
1662 1216 2016 1285 Wineheim
2060 1223 2381 1301 venerant,
2427 1219 2497 1284 in
2525 1217 2576 1284 F
2577 1217 3053 1299 rank(enevurt)

710 1333 983 1399 condicti
1026 1334 1152 1400 vici
1170 1330 1186 1360 ¹
1230 1334 1623 1400 diverterunt
1667 1335 1868 1401 nostri
1881 1384 1902 1419 ,
1957 1335 2067 1403 ubi
2119 1336 2252 1402 iam
2305 1334 2692 1420 frequentius
2748 1334 3054 1401 mansita-

708 1455 889 1516 verat
947 1442 1236 1516 dominus
1293 1470 1444 1516 suus
1501 1449 1755 1517 electus.
1848 1449 1935 1516 Et
1993 1450 2061 1515 in
2113 1450 2423 1517 familiare
2469 1450 2592 1517 sibi
2636 1450 3052 1516 diversorium

708 1565 1075 1650 introibant,
1123 1565 1370 1633 abunde
1415 1567 1569 1632 satis
1614 1567 1988 1634 necessariis
2020 1568 2374 1653 preparatis
2403 1565 2591 1632 modo
2619 1586 2735 1653 per
2760 1585 3052 1652 puerum,

708 1703 898 1768 quem
943 1682 1136 1750 abbas
1179 1682 1250 1748 in
1294 1681 1450 1750 haec
1493 1687 1800 1769 oportune
1829 1683 2225 1769 premiserat,
2273 1688 2339 1750 et
2365 1703 2481 1770 per
2511 1682 2828 1768 quendam
2856 1683 3053 1748 maio-

707 1819 843 1865 rem
886 1800 1087 1886 ipsius
1134 1799 1302 1885 pagi,
1346 1804 1506 1865 nutu
1553 1798 1770 1865 domni
1813 1798 1982 1882 regis
2029 1798 2146 1865 hoc
2173 1799 2603 1887 precipientis,
2650 1798 2950 1883 quatinus
2994 1805 3057 1865 et

706 1914 774 1980 in
819 1915 1171 1981 forensibus
1219 1914 1302 1980 ad
1346 1915 1840 2002 comparandum
1884 1913 2260 1982 sufficerent.
2340 1914 2512 1982 Talis
2558 1914 2729 1981 enim
2771 1914 3054 1998 dignatio

708 2028 954 2096 abbatis
1010 2029 1206 2096 talem
1262 2031 1634 2098 commeruit
1687 2030 2175 2098 sollicitudinem
2218 2032 2387 2098 circa
2429 2032 2640 2118 ipsum
2685 2036 2749 2096 et
2792 2029 3053 2097 dileccio

706 2146 906 2229 regis3
952 2166 1103 2211 nam
1147 2151 1211 2213 et
1255 2147 1403 2213 inde
1447 2146 1856 2213 nihilominus
1902 2148 2251 2215 evidentius
2297 2147 2525 2230 claret,
2572 2146 2740 2232 quod
2782 2144 2861 2213 de
2897 2144 3054 2213 Wil-

707 2260 1021 2328 zenbroch
1089 2261 1171 2328 ad
1227 2260 1754 2346 Frank(enevurt)
1815 2270 2083 2348 quatuor
2137 2261 2378 2329 dietas*
2438 2262 2731 2329 estivales
2787 2267 2854 2328 et
2907 2282 3056 2349 pro-

704 2376 962 2445 lixiores
1010 2378 1078 2444 in
1124 2397 1452 2444 occursum
1493 2379 1696 2465 ipsius
1741 2380 2092 2461 descendit;
2151 2380 2410 2465 insuper
2466 2383 2533 2445 et
2585 2378 2711 2444 alia
2752 2378 3058 2445 nonnulla

705 2494 937 2561 talibus
983 2493 1168 2578 longe
1213 2494 1767 2580 supereminentia,
1799 2495 1949 2563 *loco
1996 2501 2060 2562 et
2103 2501 2386 2581 tempore
2432 2514 2544 2561 suo
2589 2494 2941 2561 referenda.

884 2608 1038 2678 Post
1080 2610 1236 2677 haec
1279 2611 1480 2677 nostri
1520 2611 1588 2678 in
1617 2611 2022 2697 introgressis
2053 2611 2505 2695 mansionibus,
2550 2615 2642 2696 ut,
2688 2611 3054 2699 compositis

707 2727 869 2810 suis,
929 2727 1156 2812 quietis
1205 2747 1462 2814 operam
1506 2728 1722 2815 adepti
1766 2729 1895 2795 iam
1938 2728 2268 2795 hilariores
2313 2729 2550 2812 forent,
2610 2728 2801 2796 abbas
2847 2729 3053 2809 venit3

706 2842 1009 2909 aliorsum
1054 2844 1132 2911 ab
1176 2843 1314 2916 illis,
1347 2845 1690 2912 mansitare
1721 2845 1997 2912 divertit.
2067 2844 2249 2923 Quod
2274 2849 2349 2910 ut
2375 2849 2706 2910 senserunt
2734 2844 3056 2929 commoti,

707 2960 1098 3026 sciscitantes
1145 2962 1201 3027 si
1247 2982 1314 3027 se
1358 2961 1603 3029 iuberet
1647 2962 1769 3029 sibi
1816 2962 2058 3045 adesse,
2103 2961 2171 3026 in
2216 2961 2563 3028 crastinum
2607 2959 2869 3027 distulit.
2944 2959 3059 3027 Set

706 3076 1054 3146 crastinum
1095 3077 1254 3144 inibi
1298 3098 1425 3143 non
1469 3078 1637 3145 fecit.
1707 3077 1873 3144 Nam
1931 3097 2091 3164 pene
2148 3077 2352 3143 noctis
2406 3077 2614 3144 medio
2667 3076 2861 3144 abbas
2908 3096 3058 3143 cum

707 3193 837 3259 suis
884 3193 1246 3277 abscedens,
1291 3213 1505 3277 regem
1553 3194 1729 3260 adire
1775 3193 2135 3260 absentibus
2181 3192 2307 3259 illis
2354 3192 2759 3260 accelerabat.
2835 3191 3058 3279 Ipsum

708 3314 940 3394 autem,
968 3310 1135 3394 quod
1153 3310 1428 3375 intendit
1448 3309 1600 3393 illis,
1623 3310 1762 3395 ipse
1783 3330 2009 3396 passus
2033 3313 2147 3376 est.
2193 3308 2374 3375 Licet
2394 3310 2589 3393 igitur
2616 3308 2759 3375 illos
2788 3309 3062 3394 preierit

705 3425 843 3513 ipse
887 3425 1219 3508 maturius,
1274 3425 1666 3511 optabilioris
1709 3431 1923 3492 tamen
1968 3425 2199 3493 erroris
2243 3425 2506 3511 viaeque
2550 3424 3060 3510 intercapedines

707 3541 900 3609 abbas
948 3541 1237 3628 arripuit,
1284 3546 1348 3607 et
1393 3541 1485 3607 sic
1530 3542 1697 3626 quod
1741 3542 2123 3626 decreverat,
2170 3540 2395 3608 effectu
2426 3542 2634 3607 minus
2678 3540 3058 3608 trutinabat.

703 3658 869 3725 Nam
914 3658 1116 3724 nostri
1160 3662 1519 3741 noscentes,
1566 3658 1714 3724 inde
1758 3658 1969 3745 ipsum
2015 3657 2092 3724 de
2137 3658 2481 3725 diversorio
2531 3657 2765 3741 abisse,
2813 3657 3062 3725 accele-

706 3779 853 3841 rant
894 3774 1017 3841 iter
1063 3775 1362 3860 arripere,
1410 3774 1565 3840 satis
1612 3774 1952 3840 admodum
1992 3779 2056 3841 et
2085 3793 2486 3861 prepropere.
2554 3773 2643 3840 Et
2685 3773 2837 3840 dum
2878 3773 3061 3842 inse-

708 3895 985 3976 quuntur
1017 3889 1307 3957 abbatem
1334 3890 1760 3974 itinerantem,
1785 3891 2117 3958 inveniunt
2145 3889 2469 3957 dominum
2496 3896 2785 3956 nostrum
2811 3864 3058 3975 regem.

885 4005 1097 4072 Pridie
1152 4012 1364 4073 tamen
1426 4027 1615 4093 quam
1671 4007 1798 4093 ipsi
1852 4005 2378 4089 Frank(enevurt)
2436 4006 2866 4090 advenissent,
2934 4028 3080 4075 rex

707 4124 853 4190 inde
895 4123 1234 4210 profectus,
1282 4124 1363 4189 ad
1391 4123 1677 4190 Alceiam
1707 4124 1829 4190 iter
1858 4123 2095 4208 dirigit,
2140 4122 2250 4190 ubi
2289 4122 2551 4190 fratrem
2596 4143 2780 4189 suum
2823 4123 3063 4191 ducem

706 4239 1105 4306 Alimanniae
1170 4241 1468 4306 domnum
1535 4239 1584 4306 F
1586 4240 1925 4307 ridericum
1991 4240 2073 4306 ad
2135 4244 2404 4306 mortem
2476 4260 2674 4325 usque
2738 4237 3064 4308 infirmari

851 4404 892 4438 a.
925 4391 1208 4439 cimimiterio
1241 4410 1279 4438 c.
1402 4391 1449 4437 b.
1480 4391 1628 4438 dietas
1661 4410 1700 4438 c.

850 4488 900 4542 1.
936 4485 994 4541 in
1029 4487 1288 4543 condicto
1325 4486 1468 4543 vico.
