3319 5242
921 457 1219 505 wmALm
1260 455 1635 506 msa-omn
1674 455 1779 504 soe.
1820 455 1926 504 210.
2460 441 2592 510 329

253 599 467 667 anima
520 618 665 667 mea
720 599 974 667 turbata
1032 606 1129 667 est
1181 599 1394 682 valde3
1456 604 1553 668 set
1607 600 1812 687 pietas
1868 600 2291 669 miserationis
2346 608 2592 670 vestrae
2628 607 2806 665 1149?

251 717 646 803 requiescere
690 717 876 783 modo
921 737 1024 784 me
1068 717 1219 783 fecit
1245 736 1373 782 non
1403 717 1737 783 modicum.
1796 715 1978 785 Unde
2009 718 2241 786 vitulos
2278 719 2591 787 labiorum

248 854 542 901 meorum
582 833 841 899 immolo
882 832 1018 900 Deo
1063 839 1130 900 et
1170 832 1498 900 immolare
1540 853 1668 899 non
1713 835 1967 901 cessabo
2012 856 2128 923 pro
2172 836 2594 923 prosperitate

248 955 489 1036 vestra,
532 955 607 1016 ut
646 950 876 1017 vivatis
920 950 1191 1017 feliciter
1234 956 1299 1017 et
1338 949 1622 1034 valeatis,
1672 954 1735 1016 et
1763 956 2006 1037 cuncta,
2055 973 2214 1039 quae
2241 953 2593 1039 intenditis,

249 1068 287 1135 a
329 1067 477 1135 Deo
521 1086 824 1155 prospere
866 1067 1220 1152 dirigantur
1262 1067 1329 1133 in
1374 1066 1666 1133 manibus
1711 1067 1957 1134 vestris.

249 1351 291 1424 2
306 1353 344 1423 l
358 1353 436 1424 Ο.
475 1353 792 1419 Wibaldus
820 1353 1212 1421 Heithenrioo
1248 1357 1608 1442 praeposito
1645 1353 2060 1442 Groninqensi
2096 1357 2257 1421 bona
2288 1358 2596 1444 quaedam

367 1524 386 1532 ,
482 1471 697 1535 asserit
707 1479 746 1534 ⁶.
2270 1470 2378 1552 (M.
2419 1473 2592 1555 182.)

436 1601 817 1687 W(ibaldus)
861 1602 985 1671 Dei
1034 1604 1242 1689 gratia
1284 1602 1678 1688 corbeiensis
1725 1603 1916 1670 abbas
1963 1605 2420 1673 successoribus
2464 1607 2594 1674 suis

246 1723 315 1790 in
361 1725 765 1810 perpetuum.
946 1719 1126 1788 Sicut
1158 1718 1348 1787 officii
1379 1721 1580 1787 nostri
1611 1725 1728 1805 est,
1773 1739 1917 1787 cum
1963 1721 2134 1788 omni
2179 1721 2596 1791 sollicitudine

247 1843 311 1906 et
371 1837 608 1903 timore
659 1835 781 1903 Dei
835 1857 937 1904 res
993 1838 1175 1905 nobis
1232 1837 1504 1904 creditas
1559 1836 1853 1904 ordinare
1920 1858 1994 1905 ac
2050 1838 2443 1926 dispensare,
2503 1839 2597 1907 ita

243 1952 703 2023 nichilominus
750 1952 832 2019 ad
877 1952 1140 2021 eandem
1184 1972 1398 2020 curam
1443 1953 1740 2041 pertinet,
1787 1974 2190 2042 quaecunque
2236 1955 2275 2022 a
2302 1955 2483 2022 nobis
2527 1956 2596 2022 in

246 2078 545 2158 tempore
591 2070 1174 2137 amministrationis
1219 2076 1472 2137 nostrae
1513 2074 1848 2155 geruntur,
1902 2070 1984 2136 ad
2026 2075 2422 2157 posterorum
2464 2093 2596 2140 me-

242 2187 526 2256 moriam
542 2236 562 2271 ,
618 2206 698 2253 110
742 2207 859 2273 1101
903 2186 1281 2254 oblivionem
1340 2193 1450 2253 aut
1491 2207 1606 2273 per
1649 2185 2101 2270 negligentiam
2148 2208 2322 2254 error
2368 2188 2597 2274 aliquis

245 2305 606 2387 oboriatur,
635 2303 870 2391 scripto
902 2303 1351 2369 transmittere.
1409 2301 1714 2381 Quocirca
1746 2303 2024 2369 omnium
2054 2301 2333 2371 fidelium
2363 2304 2600 2372 Christi

247 2426 313 2489 et
359 2418 710 2487 aecclesiae
754 2425 1008 2487 nostrae
1051 2419 1424 2507 prudentiae
1468 2425 1688 2485 notum
1735 2439 1870 2486 esse
1916 2419 2233 2504 volumus,
2291 2421 2458 2506 quod
2502 2422 2599 2488 di-

241 2533 458 2606 lectus
504 2533 672 2602 filius
714 2542 929 2603 noster
958 2534 1431 2603 Heithenricusb
1477 2536 1836 2625 prepositus
1880 2537 2247 2618 monasterii
2289 2538 2489 2604 nostri
2531 2540 2599 2605 in

246 2642 619 2739 Groninga⁶
664 2654 831 2722 inter
875 2653 1120 2721 cetera‘¹
1166 2653 1551 2738 gravamina,
1599 2674 1759 2739 quae
1805 2653 1925 2720 sibi
1972 2660 2037 2720 et
2079 2656 2416 2723 aecclesiae
2449 2676 2599 2724 suae

248 2794 332 2843 ex
382 2772 708 2839 communi
752 2771 1006 2838 malicia
1048 2770 1269 2837 mundi
1312 2769 1713 2855 incumbunt,
1769 2770 1890 2837 hoc
1937 2769 2119 2837 nobis
2165 2772 2599 2858 conquerendo

246 2889 597 2975 suggessit,
645 2888 812 2974 quod
857 2887 1113 2973 quidam
1156 2885 1588 2953 ministerialis
1621 2892 1836 2954 noster
1866 2886 2039 2954 Hezo
2069 2888 2322 2955 nomine
2352 2894 2599 2975 partem

247 3007 421 3093 agri,
471 3005 579 3091 qui
624 3006 805 3071 iuxta
846 3002 1108 3070 fluvium
1135 3001 1375 3069 Bodam
1421 3003 1578 3070 situs
1625 3008 1724 3069 est
1768 3008 1830 3069 et
1870 3024 2066 3090 usque
2098 3003 2180 3069 ad
2207 3009 2426 3071 nostra
2468 3005 2600 3072 fere

246 3130 555 3210 tempora
597 3120 838 3189 solebat
881 3141 1018 3188 esse
1062 3138 1490 3207 compascuuS,
1538 3119 1772 3205 absque
1800 3118 1933 3185 ulla
1960 3119 2116 3185 iuris
2144 3121 2388 3187 ratione
2419 3140 2598 3187 occu-

244 3241 460 3330 pavit.
530 3237 734 3325 Super
780 3257 905 3324 qua
947 3258 1016 3305 re
1060 3257 1175 3303 nos
1234 3236 1566 3320 diligenter
1611 3256 1651 3303 a
1695 3235 2084 3322 sapientibus
2141 3241 2205 3303 et
2248 3236 2599 3305 senioribus

247 3355 500 3423 nostris
544 3354 810 3421 veritate
854 3354 1157 3439 inquisita
1200 3353 1648 3441 comperimus,
1707 3351 1873 3438 quod
1924 3351 2092 3418 idem
2138 3372 2286 3437 ager
2332 3353 2412 3419 ad
2455 3374 2600 3441 pre-

248 3471 541 3541 bendam
592 3470 861 3537 fratrum
930 3475 993 3537 et
1051 3469 1350 3535 ditionem
1405 3468 1711 3557 prepositi
1768 3468 2002 3554 absque
2063 3468 2192 3534 ullo
2244 3468 2599 3557 ¹dubietatis

2712 1619 2850 1676 1149

2634 1692 2733 1744 Oct.
2748 1718 2797 1728 -
2817 1693 2929 1742 Dec.

247 3585 563 3675 scrupulo
617 3587 950 3674 pertineat.
1055 3585 1360 3652 Similiter
1426 3585 1504 3652 de
1565 3584 1955 3669 molendino,
2024 3585 2190 3672 quod
2242 3583 2599 3653 Wunnerus
2702 3634 2709 3643 .

247 3708 449 3773 iuxta
501 3702 718 3770 villam
775 3702 1326 3788 Helmerikesdorp
1381 3700 1795 3786 reedificavit,
1864 3700 2030 3787 quod
2094 3702 2286 3768 etiam
2343 3703 2601 3788 quidam

247 3823 458 3889 liber·
489 3819 758 3887 Hoierus
801 3817 1084 3885 nomine‘
1114 3819 1249 3885 sine
1293 3817 1422 3884 ullo
1467 3818 1624 3884 iuris
1670 3816 1968 3903 suffragio
2004 3816 2345 3903 detinebat,
2390 3820 2601 3887 veraci

247 3936 574 4006 relatione
619 3935 969 4003 didicimus.
1039 3934 1493 4001 Nichilominus
1539 3934 1617 4001 de
1658 3955 1788 4001 una
1826 3939 2022 4018 curte,
2070 3955 2229 4020 quae
2256 3936 2378 4002 fuit
2405 3935 2599 4003 Hein-

250 4055 381 4123 rici
426 4050 570 4118 Rufi
615 4052 694 4118 de
739 4049 1114 4135 Groninga‘,
1160 4051 1587 4118 indubitanter
1631 4051 2055 4136 cognovimus.
2148 4052 2319 4130 Quae
2364 4051 2598 4136 omnia,

250 4169 456 4240 sicuti
499 4168 807 4234 veraciter
852 4167 933 4233 ad
976 4166 1358 4253 prebendam
1405 4168 1905 4252 congregationis
1951 4173 2015 4234 et
2044 4166 2122 4232 ad
2153 4186 2411 4232 manum
2453 4187 2598 4253 pre-

251 4286 463 4376 positi
515 4284 834 4373 pertinere
886 4283 1343 4368 intelleximus,
1411 4285 1503 4351 sic
1567 4305 1685 4371 per
1741 4288 2100 4372 presentem
2154 4282 2450 4370 paginam
2507 4283 2598 4350 eis

412 4440 457 4474 a.
496 4429 632 4474 Hauc
673 4427 878 4473 tabulam
916 4444 974 4473 ex
1015 4426 1257 4486 archetypo
1297 4426 1443 4473 edidit
1480 4427 1665 4474 Ethard
1705 4429 1819 4490 neg.
1845 4425 2049 4484 westph.
2071 4428 2123 4472 11
2163 4424 2279 4473 cod.
2311 4424 2423 4485 dipl.
2451 4442 2501 4485 p.
2522 4424 2598 4473 55.

251 4510 304 4557 b.
347 4507 636 4555 Hedonriens
668 4506 862 4554 Rheni.
990 4520 1029 4553 c.
1074 4507 1303 4564 Gruninga
1335 4506 1439 4551 Brh.
1568 4507 1612 4553 d.
1655 4508 1808 4553 cetera
1849 4506 2021 4553 addida·
2056 4522 2115 4552 es
2153 4506 2356 4553 erhardi
2390 4505 2600 4552 editione.

253 4604 301 4638 o.
346 4586 470 4635 liber
501 4587 674 4635 addidi
699 4604 758 4634 ex
787 4587 896 4636 crta.
920 4588 1029 4636 edis.
1149 4585 1182 4634 f.
1212 4585 1396 4633 minime
1428 4602 1468 4633 c.
