3319 5242
756 431 887 498 218
1509 446 1808 495 wmanm
1849 444 2179 494 msrona
2223 444 2330 492 1⁸8.

574 595 711 650 1148
756 591 1026 657 domnus
1069 588 1567 657 Heresfeldensis
1613 609 1758 656 cum
1803 588 2081 654 maximo
2124 588 2339 653 favore
2383 585 2911 673 prosequebatur,
2960 603 3086 649 ma-

556 669 670 715 N⁰'‘
692 670 722 716 ⁵
755 712 938 773 terna
986 706 1208 790 lingua
1251 705 1629 773 sententiam
1676 702 2141 791 coamplificans
2187 708 2253 769 et
2295 722 2544 769 ornans.
2727 700 2900 767 Dum
2943 699 3085 766 haec

755 828 1046 908 aguntur,
1097 823 1497 889 intromissus
1545 827 1642 889 est
1685 822 1768 889 ad
1809 842 1927 888 nos
1973 819 2348 887 Godeffidus
2393 837 2602 885 comes
2648 823 2714 884 et
2755 817 3085 884 advocatus

754 940 1035 1006 eiusdem
1080 939 1439 1023 aecclesiae,
1485 958 1673 1005 orans
1718 942 1853 1004 tam
1897 958 2014 1003 sua
2052 956 2242 1022 quam
2271 935 2573 1002 laicorum
2607 932 2893 1000 unanimi
2920 950 3084 1014 voce,

753 1075 834 1122 ne
891 1055 1190 1122 adversus
1245 1055 1604 1122 libertatem
1661 1054 1982 1121 electionis
2038 1052 2405 1135 canonicae,
2460 1071 2578 1137 pro
2631 1069 2756 1135 qua
2797 1052 3086 1135 parentes

749 1173 1032 1259 ipsorum
1088 1173 1460 1257 sanguinem
1517 1191 1705 1237 suum
1754 1170 1969 1237 multis
2014 1168 2234 1257 preliis
2277 1167 2619 1250 fudissent,
2680 1163 2921 1250 aliquid
2964 1169 3089 1229 sta-

749 1294 927 1356 tuere
969 1287 1301 1371 vellemus3
1347 1287 1508 1354 nihil
1555 1293 1766 1354 actim
1810 1307 1967 1370 esse,
2016 1285 2182 1371 quod
2224 1284 2478 1368 regibus
2523 1302 2640 1368 per
2672 1280 2805 1347 vim
2839 1279 3088 1346 electio·

748 1405 849 1471 nis
903 1408 1184 1491 potestas
1240 1410 1408 1470 esset
1462 1404 1792 1490 adempta3
1853 1402 2020 1488 quod
2076 1399 2395 1467 aecclesiis
2449 1398 2519 1464 in
2576 1416 2728 1463 arcu
2773 1402 2839 1463 et
2880 1395 3088 1480 gladio

747 1519 1052 1587 laicorum
1097 1519 1358 1586 libertas
1404 1519 1728 1587 electionis
1775 1524 1943 1586 esset
1985 1521 2259 1599 asserta3
2306 1515 2361 1581 si
2405 1533 2577 1601 papa
2617 1532 2735 1600 pro
2780 1532 2895 1578 suo
2926 1511 3090 1579 arbi·

747 1643 920 1705 tratu
976 1636 1312 1703 aecclesias
1366 1636 1559 1703 vellet
1612 1636 1907 1702 ordinare
1954 1640 2017 1701 et
2061 1652 2364 1719 personas
2408 1631 2478 1697 in
2523 1629 2681 1716 ipsis
2724 1627 3090 1715 provehere,

748 1754 948 1821 satius
1004 1752 1233 1836 fuisse,
1292 1752 1532 1837 regiam
1584 1752 1719 1818 vim
1774 1771 1964 1837 quam
2007 1747 2433 1837 pontificalem
2487 1746 2831 1827 sustiner03
2886 1744 3094 1811 modis

748 1870 1039 1937 omnibus
1097 1869 1258 1936 velle
1319 1875 1384 1936 et
1428 1868 1807 1952 consulere,
1844 1873 1919 1935 ut
1961 1867 2038 1933 dc
2081 1867 2224 1953 ipsa
2265 1863 2317 1930 F
2320 1863 2568 1931 uldensi
2610 1861 3094 1946 congregatione

746 1986 946 2053 frater
991 1985 1219 2071 aliquis
1264 1984 1346 2051 ad
1386 1985 1673 2068 regimen
1715 1984 1997 2050 omnium
2043 1985 2487 2063 assumeretur,
2532 1980 2657 2046 nisi
2695 1979 2877 2061 forte,
2926 1976 3094 2063 quod

745 2101 906 2169 fieti
927 2122 1055 2168 non
1099 2107 1344 2188 posset,
1401 2101 1611 2167 nullus
1653 2101 1725 2167 in
1771 2120 1847 2167 ea
1890 2098 2117 2183 dignus
2163 2097 2243 2165 ad
2288 2095 2736 2185 presidentium
2777 2094 3096 2161 invenire-

746 2223 869 2284 tur.
1024 2218 1157 2286 Nos
1200 2238 1351 2285 vero
1399 2223 1627 2285 cuncta
1669 2217 1824 2283 haec
1868 2216 2047 2282 suavi
2092 2219 2156 2281 et
2198 2213 2429 2281 blando
2472 2211 2765 2294 mitigare
2809 2208 3095 2275 volentes

747 2333 1020 2421 alloquio
1066 2340 1132 2402 et
1173 2334 1621 2421 oportunitatis
1666 2332 1876 2399 locum
1909 2332 2188 2418 reperire
2218 2330 2562 2416 cupientes,
2611 2347 2733 2412 quo
2764 2324 2844 2391 ab
2874 2344 3096 2392 eorum

747 2452 992 2518 actione
1050 2451 1168 2518 sub
1224 2451 1434 2537 aliquo
1478 2451 1573 2517 rei
1617 2449 1917 2516 honestae
1961 2444 2146 2514 titulo
2192 2465 2520 2532 possemus
2566 2441 2886 2509 discedere
2899 2490 2919 2523 ,
2979 2461 3095 2527 po-

745 2564 1149 2653 stulavimus,
1205 2572 1280 2634 ut
1334 2587 1374 2633 a
1427 2566 1608 2634 nobis
1659 2566 1974 2652 tantisper
2025 2562 2502 2648 egrederentur,
2558 2558 2787 2644 donec,
2843 2555 3094 2624 collatis

745 2686 1026 2752 omnium
1083 2684 1445 2768 sententiis,
1503 2683 1645 2771 pari
1703 2687 1889 2767 atque
1944 2700 2216 2747 consono
2271 2677 2464 2744 verbo
2517 2674 2899 2762 respondere
2942 2694 3095 2760 pos-

745 2821 973 2869 semus.
1044 2801 1135 2868 At
1183 2799 1299 2885 illi,
1344 2798 1617 2883 regressi
1663 2798 1936 2884 quidem,
1983 2817 2134 2863 mox
2190 2794 2403 2881 plures
2457 2812 2721 2859 numero
2764 2791 3098 2858 redierunt

742 2922 1063 2985 trausacto
1091 2916 1468 2984 brevissimi
1510 2914 1817 3001 temporis
1863 2913 2098 3000 spacio,
2145 2915 2432 2998 petentes
2476 2909 2838 2991 instantius,
2884 2912 2961 2973 ut
3000 2906 3096 2974 eis

741 3032 1101 3121 privilegia·
1118 3032 1452 3100 Fnldensis
1505 3029 1848 3098 aecclesiae
1906 3049 2097 3115 super
2149 3027 2452 3095 electione
2510 3026 2808 3093 abbatim
2850 3023 3092 3109 pande-

743 3155 995 3234 rentur;
1054 3149 1233 3217 nefas
1290 3169 1429 3215 esse
1484 3150 1909 3234 protestantes
1968 3143 2082 3211 illa
2123 3142 2379 3225 violari,
2436 3162 2575 3209 sese
2618 3161 2736 3228 pro
2781 3140 3094 3224 dignitate

742 3266 1113 3334 monasterii
1157 3270 1328 3332 state
1371 3283 1569 3348 usque
1615 3261 1699 3328 ad
1742 3266 2011 3328 mortem
2058 3281 2194 3327 esse
2224 3264 2509 3346 parat0s;
2557 3278 2678 3343 que
2708 3257 2764 3323 si
2793 3255 2914 3322 hoc
2945 3277 3093 3322 con-

743 3383 1038 3465 tinerent,
1086 3386 1157 3447 ut
1203 3382 1280 3447 de
1324 3379 1709 3445 monasterio
1754 3377 1966 3444 nullus
2012 3376 2367 3461 eligeretur,
2415 3373 2800 3459 sequendum
2846 3393 2988 3439 esse
3019 3391 3093 3438 ac

743 3498 1116 3580 tenendum3
1164 3497 1265 3563 sin
1309 3500 1520 3562 autem
1566 3499 1807 3579 contra,
1851 3494 2102 3560 ruinam
2150 3512 2286 3560 esse
2332 3496 2395 3557 et
2430 3490 2711 3557 omnium
2740 3490 3091 3571 interitum,

744 3615 802 3681 si
857 3615 937 3681 ab
996 3613 1095 3679 his
1155 3612 1548 3697 aliquatenus
1604 3595 1951 3702 recedatut.
2030 3608 2455 3676 Hortabamur
2509 3607 2794 3692 impense
2840 3606 3090 3686 fratres,

742 3751 824 3796 ne
877 3734 1097 3795 contra
1139 3728 1508 3795 mandatum
1551 3747 1786 3793 novum
1830 3731 2142 3809 vestrum,
2201 3724 2366 3810 quod
2411 3726 2675 3808 urgente
2718 3721 3091 3788 necessitate

745 3851 810 3913 et
854 3850 1151 3932 poscente
1194 3844 1467 3911 utilitate
1511 3844 1751 3910 factum
1796 3848 1951 3926 erat,
1999 3840 2315 3929 privilegii
2358 3839 2620 3906 alicuius
2652 3839 3087 3904 auctoritatem

740 3961 1220 4049 pretenderent,
1275 3981 1356 4026 ne
1399 3961 1566 4027 inter
1609 3958 1805 4026 laicos
1818 4009 1837 4043 ,
1885 3978 2153 4045 quorum
2197 3976 2275 4023 ea
2314 3956 2577 4022 minime
2621 3954 2920 4039 interest,
2967 3953 3088 4020 dis-

745 4077 1055 4144 sensionis
1101 4076 1434 4143 materiam
1478 4075 1883 4157 seminarent,
1932 4079 2029 4141 set
2070 4074 2253 4139 iuxta
2284 4072 2566 4159 precepti
2594 4070 2793 4137 vestri
2821 4069 3086 4136 formam

745 4193 828 4260 ad
873 4192 1172 4270 ecclesiae
1217 4212 1368 4259 suae
1414 4191 1756 4258 salutarem
1800 4190 2227 4276 provisionem
2256 4209 2393 4256 sese
2421 4187 2806 4254 unanimiter
2837 4194 3085 4274 coapta-

741 4315 915 4394 rent,
957 4309 1183 4376 scituri
1227 4309 1423 4394 quod,
1469 4309 1526 4375 si
1571 4307 1757 4374 aliter
1799 4311 2238 4393 presumptum
2283 4305 2476 4388 foret,
2524 4304 2823 4390 quoniam
2843 4334 2847 4339 ·
2867 4321 3083 4370 manus

743 4424 952 4512 Moysi
1004 4445 1227 4509 graves
1273 4431 1438 4492 sunt.
1508 4423 1837 4507 Preterea,
1895 4423 2027 4489 iam
2069 4443 2199 4489 non
2255 4441 2400 4487 cum
2443 4421 2688 4488 ratione
2742 4417 3081 4486 honestatis

747 4540 1018 4628 amplius
1063 4540 1587 4608 dissimulandum
1634 4559 1771 4606 esse
1815 4539 2185 4621 iudicantes,
2230 4537 2672 4626 respondimus
2716 4535 2846 4603 illis
2886 4553 3078 4602 asser-
