3319 5242
710 360 835 426 198
1374 377 1672 426 mum
1714 375 2091 424 nmerom
2133 375 2238 422 124.
2278 376 2382 423 125.

530 523 670 580 1148
706 519 872 605 quod
917 519 1241 586 absentem
1287 539 1536 606 semper
1582 518 1905 603 diligimus
1953 524 2018 585 et
2049 538 2446 601 veneramur,
2494 518 2793 585 timemus
2825 523 2890 584 et
2916 537 3037 584 arn·

703 635 1056 722 plectimur.
1100 624 1486 703 'Salutantes
1543 636 1760 721 itaque
1817 637 2011 703 etiam
2062 655 2229 702 nune
2272 636 2657 702 unanimiter
2701 634 3038 702 dulcedinis

703 756 952 819 vestrae
993 753 1367 836 ubertatem,
1414 753 1497 818 ad
1539 753 1796 818 unieum
1842 753 2252 839 protectionis
2282 757 2530 819 vestrae
2559 752 2880 836 refugium
2906 771 3041 817 eon-

704 868 998 952 fugimus‚
1045 866 1469 952 significantes
1514 867 1716 952 vobin,
1764 869 1931 954 quod
1976 870 2208 935 dilecta
2250 869 2432 936 nobis
2469 868 2680 936 odilia
2690 879 2733 953 ⁸,
2780 869 3042 934 coniunx

705 985 1017 1070 quondam
1063 983 1353 1051 Anselmi
1408 983 1638 1069 villici,
1697 985 1766 1051 in
1812 984 2077 1052 articulo
2122 985 2348 1052 mortis
2393 986 2769 1069 constituta,
2827 983 3044 1051 ceteris

704 3553 984 3615 vestram
1028 3566 1279 3634 semper
1323 3546 1506 3614 nobis
1549 3546 1773 3616 utilem
1817 3547 1993 3616 Deus
2038 3553 2103 3615 et
2145 3550 2523 3633 ineolumem
2568 3533 2903 3620 custodiat.

715 3775 886 3847 125.
932 3780 1251 3846 Wibaldus
1297 3779 1762 3849 stabulensibus
1815 3785 2171 3870 respondet,
2229 3794 2301 3848 ut
2342 3783 2656 3871 somayia
2711 3788 2790 3851 ab
2841 3786 3071 3853 odilia

929 3896 1136 3961 oblata
1178 3899 1499 3984 recipiant.
2727 3898 2839 3982 (Μ.
2879 3904 3067 3985 104.)

531 4037 670 4093 1148
883 4027 1108 4095 Frater
1138 4026 1519 4112 W(ibaldus)
1565 4030 1688 4097 Dei
1744 4031 1952 4115 gratia
2002 4032 2072 4098 id
2127 4034 2293 4117 quod
2349 4038 2446 4100 est
2488 4035 2559 4099 in
2603 4031 2910 4101 aeeclesia
2956 4055 3070 4101 ea.-

706 4144 940 4212 tholiea
981 4145 1304 4229 R(oberto)
1351 4147 1695 4214 venerabili
1741 4149 1974 4215 decano
2022 4154 2087 4215 et
2129 4150 2355 4219 ceteris
2400 4150 2468 4216 in
2509 4149 2761 4217 Christo
2807 4151 3070 4218 dilectis

705 4259 853 4327 filiis
909 4267 974 4328 et
1027 4262 1360 4347 fratr-ibae,
1420 4264 1529 4350 qui
1582 4269 1732 4330 sunt
1772 4265 1843 4330 in
1888 4267 2369 4351 congregatione
2413 4266 2807 4353 Stabulensi,
2866 4267 3068 4333 bene-

708 4378 1047 4445 dictionem
1091 4383 1153 4445 et
1196 4380 1393 4447 vitam
1439 4401 1638 4466 usque
1682 4380 1752 4445 in
1797 4380 2094 4448 seculum.

746 4488 752 4492 ’
852 4516 893 4551 a.
933 4502 1084 4551 odilia
1114 4505 1298 4552 adasai.
1413 4505 1463 4554 b.
1506 4504 1778 4553 beneficium
1809 4505 1992 4554 addida·-
