3319 5242
700 445 790 513 24
1519 464 1951 514 'ramsm'no
1997 465 2053 514 s.
2083 467 2225 515 vrrr

522 613 628 698 8336
699 605 953 673 nomine
966 616 1008 691 ⁸,
1055 625 1096 673 a
1137 606 1442 673 maternis
1485 606 1764 675 humeris
1806 608 1874 674 in
1904 608 2115 695 ipsum
2144 607 2354 676 locum
2383 610 2749 697 deportatus
2781 616 2847 679 et
2873 618 3048 680 utro-

476 687 668 735 1um.14
701 744 823 810 que
877 744 1045 808 genu
1090 729 1447 790 contractus
1461 773 1480 808 ‚
1539 725 1606 789 in
1651 725 1793 812 ipsa
1835 730 2018 791 nocte
2062 726 2296 813 pedum
2339 724 2547 794 officia
2590 730 2942 815 promeruit
2985 733 3049 797 et

698 841 768 907 in
812 840 951 928 ipso
995 839 1133 907 loco
1176 861 1508 907 remanens
1553 862 1684 907 non
1726 841 2007 908 recessit.

470 972 585 1022 luni.
605 974 664 1022 15
878 957 950 1025 In
995 958 1342 1024 crastinum
1384 978 1567 1042 vero,
1624 958 1793 1044 quod
1840 963 1937 1024 est
1986 960 2063 1024 17
2112 958 2429 1026 Kalendas
2475 959 2638 1045 Iulii,
2683 962 2851 1028 inter
2894 963 3047 1030 mis-

698 1094 914 1140 sarum
959 1073 1288 1141 sollemnia
1331 1075 1589 1160 quidam
1634 1076 1822 1142 homo
1871 1074 2128 1142 claudus
2174 1076 2285 1160 ita,
2333 1081 2406 1142 ιιι
2448 1070 2688 1144 nullam
2718 1079 3049 1162 gradiendi

695 1190 1061 1258 facultatem
1108 1191 1397 1275 haberet,
1445 1212 1635 1258 sanus
1680 1192 1974 1259 inventus
2022 1198 2135 1259 est.
2223 1192 2311 1259 Et
2352 1192 2583 1259 mulier
2626 1196 2935 1280 quaedam
2976 1197 3048 1262 in

694 1307 838 1395 ipsa
882 1306 1039 1374 hora
1080 1308 1440 1375 illuminata
1484 1314 1598 1375 est.
1669 1309 1756 1375 Et
1801 1309 2052 1375 cuidam
2094 1309 2360 1396 parvulo
2407 1330 2645 1395 organa
2686 1313 2858 1379 vocis
2903 1313 3047 1380 red-

1913 1424 2173 1510 :laudos,
2221 1428 2501 1515 exceptis
2533 1428 2652 1512 his,
2699 1431 2808 1514 qui
2838 1450 2911 1495 eo
2944 1429 3047 1498 die

1913 1563 2060 1628 sque
2082 1564 2291 1628 sexus,
2325 1546 2432 1630 qui
2456 1546 2538 1610 ad
2560 1545 3048 1613 sollemnitatem

1913 1666 2206 1745 onerant,
2251 1663 2687 1748 percipiebant
2700 1662 2744 1747 ¹³,
2789 1663 3050 1731 fuerunt

1784 1849 1809 1863 ὁ
1913 1776 2082 1842 ιίιιειΙὶ
2114 1775 2318 1843 officio
2348 1784 2605 1864 peracto
2635 1779 2765 1845 iam
2793 1779 3049 1866 iamque

2513 1893 2794 1961 ›eneficiis
2841 1917 2881 1961 a
2909 1896 3047 1964 Deo

2513 2011 2674 2078 sudes
2703 2014 3048 2080 immensas

2528 2128 2596 2192 in
2623 2129 2904 2196 medium
2935 2133 3048 2197 ad-

2513 2255 2527 2288 ³
2555 2245 2695 2332 ipso
2725 2253 3046 2316 momento

2513 2366 2550 2426 ιι
2593 2362 2662 2427 in
2705 2363 2847 2448 ipsa
2889 2364 3049 2432 hora

2513 2479 2746 2565 acipere
2792 2482 3044 2548 meruit.

2513 2600 2609 2662 ιιιι
2651 2600 2716 2663 et
2758 2597 2826 2663 in
2871 2599 3048 2666 omni

693 2708 951 2792 regione
996 2707 1343 2793 diffamata,
1392 2716 1734 2797 coeperunt
1778 2711 1979 2794 magis
2026 2715 2090 2777 et
2134 2711 2337 2795 magis
2366 2712 2644 2798 undique
2672 2733 3048 2784 concurrere

694 2830 827 2890 tam
872 2824 1114 2892 nobiles
1147 2847 1335 2912 quam
1375 2826 1705 2911 ignobiles,
1754 2827 1984 2892 divites
2028 2828 2112 2893 et‘
2142 2847 2476 2915 pauperes,
2524 2831 2664 2895 sani
2694 2835 2759 2897 et
2786 2830 3045 2919 infirmi,

692 2942 761 3007 in
806 2946 1053 3008 tantum
1095 2947 1170 3008 ut
1213 2942 1424 3009 nullus
1471 2944 1780 3010 mansisse
1827 2943 1997 3010 domi
2040 2947 2371 3029 putaretur
2413 2945 2482 3010 in
2528 2947 2698 3012 omni
2742 2946 2853 3012 illa
2893 2967 3047 3033 pro-

693 3058 932 3143 vincia,
996 3059 1104 3145 qui
1158 3081 1286 3126 non
1339 3060 1525 3128 illuc*
1578 3060 1804 3126 orandi
1860 3059 2068 3143 gratia
2109 3060 2404 3128 venisset.
2589 3061 2714 3129 Sed
2766 3069 2830 3129 et
2873 3064 3047 3132 aliud

694 3175 1068 3242 miraculum
1081 3227 1099 3261 ‚
1154 3177 1323 3262 quod
1378 3177 1813 3262 cunctipotens
1858 3176 2056 3243 Deus'
2099 3197 2215 3263 per
2262 3188 2491 3243 sua1n¹¹¹¹
2537 3181 2879 3263 gratuitam
2923 3182 3049 3248 mi-

695 3293 1103 3359 sericordiam
1157 3293 1227 3358 in
1281 3294 1421 3379 ipso
1467 3299 1751 3380 tempore
1794 3313 1911 3379 per
1955 3293 2388 3361 insensibilem
2433 3300 2788 3363 creaturam
2833 3304 3049 3366 osten-

695 3409 843 3475 dere
889 3411 1184 3493 dignatus
1231 3415 1347 3494 est,
1397 3410 1512 3476 sub
1544 3408 1794 3475 silentio
1825 3411 2354 3496 praetereundum
2385 3432 2512 3478 non
2543 3412 2807 3479 decrevi.
2879 3415 3049 3483 Nam

694 3525 967 3611 quadam
1013 3527 1148 3609 die,
1195 3526 1347 3593 dum
1392 3547 1536 3593 cum
1580 3527 1985 3593 multitudine
2029 3527 2146 3593 sub
2192 3528 2502 3595 desiderio
2547 3530 2779 3616 prioris
2823 3533 3049 3618 populi

696 3662 768 3708 ac
825 3642 1155 3709 devotione
1203 3642 1425 3726 vulgus
1486 3643 1567 3708 ad
1620 3650 2039 3710 memoratum
2093 3644 2301 3710 locum
2356 3653 2807 3732 properarent⁰
2853 3653 2918 3715 et
2962 3652 3049 3717 ad

693 3764 948 3846 portum
975 3757 1273 3843 fluminis,
1299 3760 1476 3825 cuius
1501 3758 1797 3827 Wesara⁰
1829 3765 1925 3826 est
1952 3760 2347 3845 vocabulum,
2373 3762 2760 3847 advenirent,
2794 3766 3047 3853 accidit,

692 3880 766 3942 ιιι
818 3875 999 3942 navis
1046 3896 1125 3942 ex
1184 3875 1382 3942 altera
1425 3882 1606 3963 parte
1661 3875 1935 3943 fluminis
1993 3877 2129 3944 sine
2185 3878 2604 3962 gubernatore
2648 3879 2778 3946 fixa
2823 3886 3043 3950 staret.

694 3991 784 4058 At
825 3991 912 4076 hi,
960 3992 1102 4077 qui?
1132 3993 1401 4059 transire
1433 3993 1772 4080 cupiebant
1802 3998 1866 4059 et
1894 3995 2108 4060 navim
2139 4015 2219 4060 ex
2257 3995 2455 4061 altera
2482 4001 2664 4081 parte
2694 3999 3048 4084 conspicie-

696 4109 868 4194 bant,
924 4115 1100 4175 cum‘¹¹
1144 4109 1460 4176 neminem
1508 4108 1700 4176 affore
1746 4116 2072 4177 cernerent
2116 4111 2225 4197 qui
2270 4132 2410 4178 eam
2455 4112 2533 4178 de
2576 4112 2714 4179 loco
2758 4122 3047 4184 moveret

698 4230 792 4292 et‘
822 4226 903 4291 ad
932 4247 1037 4292 eos
1068 4247 1264 4313 usque
1294 4226 1687 4312 perduceret,
1734 4227 2113 4312 cogitabant,
2145 4228 2414 4314 qualiter
2444 4227 2583 4296 ea‘m
2615 4232 3041 4316 exquirerent.

820 4373 861 4405 a.
902 4360 979 4419 qui
1013 4360 1126 4407 add.
1149 4363 1194 4407 2.
1306 4361 1353 4407 b.
1394 4361 1708 4421 percipiebant
1749 4379 1832 4407 om.
1856 4363 1901 4407 2.
2016 4376 2055 4408 c.
2101 4363 2174 4409 die
2216 4381 2300 4410 om.
2325 4366 2365 4409 1.
2484 4363 2529 4410 d.
2570 4366 2963 4425 appropinquante
2998 4371 3043 4414 2.

696 4454 737 4485 e.
781 4439 828 4485 in
861 4457 944 4485 om.
967 4442 1011 4486 2.
1135 4439 1167 4487 f.
1209 4442 1431 4501 quaedam
1463 4458 1548 4487 om.
1571 4444 1615 4488 2.
1741 4454 1784 4499 g.
1827 4441 1882 4487 ab
1917 4442 2031 4488 add.
2054 4444 2097 4488 2.
2222 4442 2266 4488 h.
2300 4443 2453 4489 omnia
2484 4461 2570 4490 om.
2593 4446 2636 4490 1.
2762 4446 2794 4491 i.
2827 4460 2963 4505 quam
2996 4450 3041 4494 2.

693 4518 741 4566 k.
771 4518 882 4565 illuc
913 4537 998 4566 om.
1023 4520 1066 4566 1.
1181 4521 1213 4566 l.
1245 4521 1467 4568 Dominus
1501 4524 1544 4567 2.
1656 4536 1715 4567 m.
1748 4535 1875 4567 suam
1908 4540 1993 4568 om.
2018 4523 2060 4569 1.
2174 4538 2219 4569 n.
2251 4526 2519 4583 properaret
2551 4527 2593 4570 1.
2710 4540 2753 4571 0.
2783 4525 2963 4573 Wiscra
2994 4530 3041 4575 2.

693 4612 742 4660 p.
774 4600 852 4660 qui
883 4617 966 4647 om.
992 4602 1034 4646 1.
1161 4614 1204 4661 q.
1238 4604 1285 4647 et
1316 4616 1418 4648 cum
1452 4602 1495 4657 1,
1529 4604 1575 4647 et
1607 4604 1650 4648 2.
1776 4614 1813 4647 r.
1846 4605 1893 4649 et
1931 4627 1979 4634 —
2014 4602 2285 4663 perduceret
2317 4620 2402 4650 om.
2429 4606 2471 4651 1.
