3319 5242
951 478 1248 524 wmALm
1290 476 1663 524 emsa-omn.
1704 477 1778 522 29.
1812 477 1887 523 so.
2462 461 2585 525 107

261 614 374 684 29.
423 619 683 685 Fratres
723 619 1076 685 Bremenses
1125 632 1180 684 et
1211 622 1553 686 Buccenses
1596 621 1876 686 Wibaldo
1926 644 2178 686 causam
2218 645 2395 685 suam
2427 644 2587 685 com·

423 736 735 799 mendant.
2310 733 2418 815 (Μ.
2459 734 2586 815 19.)

337 844 347 850 ’
422 866 787 934 Venerabili
843 875 1095 936 sanctae
1141 868 1534 935 Corbeiensis
1592 868 1888 934 ecclesiae
1941 868 2168 934 domno
2215 867 2428 934 abbati
2455 866 2587 935 Wi-

253 983 431 1050 boldo
493 1004 709 1051 omnes
766 986 994 1052 fratres
1039 985 1397 1052 Bremensis
1455 984 1791 1050 aecclesiae
1845 983 2101 1049 maioris
2148 984 2279 1049 sive
2325 985 2587 1051 minoris

252 1119 360 1167 neo
413 1119 547 1167 non
592 1104 657 1167 et
697 1099 1035 1167 Buccensis
1089 1095 1425 1168 aecclesiae
1444 1098 1459 1126 ¹
1505 1100 1933 1184 congregatio,
1990 1120 2246 1185 precum
2293 1101 2587 1185 inpensas

252 1233 388 1282 cum
431 1214 791 1283 voluntario
838 1203 1158 1284 servitutis
1206 1217 1520 1300 obsequio.

423 1329 648 1399 Totius
706 1354 929 1400 causae
973 1341 1226 1399 nostrae
1274 1353 1538 1400 examen
1584 1339 1647 1397 et
1692 1330 2018 1397 consilium
2065 1335 2310 1396 vestrae
2358 1332 2588 1396 sancti-

251 1423 399 1515 tatis
469 1468 588 1515 nos
641 1447 886 1533 integre
942 1450 1329 1516 commisisse
1385 1448 1642 1515 consilio
1703 1447 1834 1512 sive
1891 1447 2181 1529 arbitri0,
2252 1467 2436 1530 quam
2497 1447 2588 1511 af-

252 1563 531 1631 fectuose
583 1564 957 1648 gaudemu83
1016 1572 1153 1631 tum
1213 1566 1360 1650 quia
1416 1566 1493 1631 ab
1552 1564 1773 1629 emulis
1829 1564 2058 1628 nostris
2105 1563 2273 1627 credi
2319 1569 2586 1647 poterat,

251 1699 361 1746 noe
417 1700 540 1767 per
593 1681 804 1746 omnia
855 1686 989 1776 tam
1047 1682 1331 1747 iusticiae
1379 1701 1566 1765 quam
1612 1680 1786 1766 pacis
1833 1679 2228 1744 recalcitrare
2275 1679 2586 1764 operibuS,

251 1800 383 1862 tum
428 1795 585 1881 quia
624 1795 809 1862 huius
853 1803 1040 1863 notae
1087 1797 1449 1883 scrupulum
1495 1803 1625 1861 tam
1672 1802 1917 1861 vestrae
1963 1794 2352 1859 auctoritatis
2401 1814 2588 1878 quam

253 1917 313 1979 et
355 1911 577 1979 domni
609 1911 947 1979 Verdensis
960 1908 1004 1995 ²,
1056 1914 1162 1997 qui
1209 1913 1649 1978 nichilominus
1696 1917 1948 1977 nostrae
1996 1931 2219 1976 causae
2254 1910 2588 1975 discussio-

252 2047 396 2094 nem
441 2047 524 2095 ex
566 2027 877 2112 legatione
924 2028 1137 2094 domni
1183 2049 1385 2114 papae
1432 2028 1751 2112 ingressus
1800 2034 1925 2110 est,
1973 2026 2331 2092 testimonio
2378 2026 2588 2092 delen-

253 2143 401 2210 dum
457 2142 847 2211 confidimus.
917 2144 1171 2210 Placeat
1230 2165 1376 2228 ergo
1435 2149 1680 2209 vestrae
1734 2144 2130 2229 paternitatis
2185 2142 2589 2208 excellentiae

252 2275 365 2346 pro
398 2255 638 2326 humili
678 2266 932 2327 nostrae
961 2261 1291 2347 parvitatis
1322 2259 1649 2342 famulatu,
1698 2265 1839 2324 cum
1872 2259 2070 2324 iusto·
2103 2263 2165 2323 et
2195 2278 2342 2323 vero
2375 2258 2587 2322 domni

252 2365 592 2458 Vel-densis
636 2377 994 2443 testimonio
1042 2381 1285 2450 vestrae
1327 2374 1768 2441 nichilominus
1802 2375 2190 2441 auctoritatis
2223 2374 2402 2439 nobis
2435 2375 2587 2439 scri-

252 2463 479 2579 pffim
496 2479 837 2559 concedere
891 2498 1266 2576 nostraeque
1325 2511 1550 2556 causae
1610 2492 1964 2574 angustiae,
2034 2495 2222 2576 prout
2276 2490 2384 2556 de
2409 2495 2585 2556 tanto

254 2611 433 2696 patre
477 2605 869 2694 eonfidimus‚
914 2607 1307 2676 misericordi
1353 2607 1712 2674 defensione
1755 2608 2085 2694 respicere.

263 2844 379 2919 30.
400 2849 754 2917 *waram
796 2849 908 2916 Ill
937 2873 1053 2915 rex
1094 2849 1457 2915 Heius-icum
1502 2849 1781 2914 Leonem
1836 2850 2051 2913 ducem
2093 2860 2324 2930 monet,
2382 2860 2450 2912 ut
2492 2851 2590 2913 ius

314 2974 365 3035 ¹5*
400 2966 850 3031 Ἤῶὀὸαίίωιίε
916 2967 1348 3031 coenobiorum
1400 2965 1862 3031 Kaminatensis
1918 2975 1973 3029 et
2038 2964 2396 3029 Visbt‘censn's
2461 2964 2588 3028 Wi-

304 3052 617 3151 Ῐὶΐήἱ38180
658 3082 926 3169 reeiynet
967 3083 1046 3146 ab
1093 3104 1284 3169 eoque
1327 3083 1603 3167 recipiat.
2308 3076 2416 3157 (M.
2451 3078 2585 3158 23.)

276 3294 281 3299 ,
270 3178 799 3287 *mm-adas
827 3210 950 3280 Dei
993 3214 1200 3297 gratia
1226 3212 1651 3279 Romanorum
1696 3231 1810 3277 rex
1839 3209 2183 3293 H(einrico)
2216 3210 2358 3277 duci
2390 3209 2587 3276 Saxo-

282 3321 423 3428 ·'Jg‘ff
455 3363 493 3405 :⁸
502 3318 626 3384 3·-*=
665 3361 694 3386 ι·
756 3346 937 3395 suam
982 3333 1045 3396 et
1089 3348 1272 3396 omne
1316 3329 1567 3396 bonum.
1632 3384 1635 3387 a

304 3433 388 3544 τ’.
425 3419 458 3444 ³⁴
500 3432 557 3457 ⁴³
596 3434 597 3437 ¹
662 3450 778 3535 tua
805 3444 1078 3529 dilectio,
1125 3445 1291 3531 quod
1318 3443 1755 3510 fidelissimum
1786 3447 1850 3510 et
1879 3442 2271 3509 carissimum
2302 3448 2587 3509 nostrum

317 3593 336 3640 .··
395 3553 485 3652 ”Ῐὲ
521 3593 595 3618 ιιε
628 3548 1104 3667 Stabulensem
1150 3559 1446 3627 abbatem
1491 3544 1752 3647 propter
1805 3559 2168 3626 unanimem
2224 3559 2587 3625 electionem

489 3666 617 3746 35.
634 3644 740 3745 ‘em
768 3672 1162 3745 corbeiensis
1209 3675 1507 3743 ecclesiae
1548 3676 1752 3742 eidem
1780 3677 2160 3742 monasterio
2191 3675 2583 3762 prefecimus.

293 3807 298 3818 “
395 3781 562 3864 “²³22
578 3780 871 3878 Ἰήόᾒζιιθ
888 3792 1221 3876 meritum,
1271 3791 1437 3878 quod
1478 3790 1648 3858 fideli
1695 3792 1949 3858 servitio
1996 3792 2072 3858 de
2113 3812 2305 3875 regno
2336 3792 2585 3876 meruit,

269 3870 593 3975 secundum
664 3909 1042 3995 peticionem
1098 3908 1556 3995 predecessoris
1612 3909 1712 3974 sui
1768 3914 1831 3974 et
1888 3908 2378 3975 obsecrationem
2436 3906 2587 3974 Cor-

270 4022 522 4092 beiensis
570 4025 887 4108 ecclesiae,
950 4025 1071 4090 duo
1115 4025 1500 4090 monasteria
1543 4024 1940 4107 feminarum,
1987 4024 2053 4089 in
2101 4024 2325 4108 quibus
2371 4044 2586 4089 mona-

271 4141 409 4206 stica
463 4140 687 4225 religio
742 4142 871 4206 iam
928 4141 1270 4223 defecerat,
1338 4139 1687 4205 Kaminade
1746 4140 1984 4206 scilicet
2041 4145 2103 4206 et
2151 4139 2438 4223 Visbike,
2506 4139 2584 4204 ad

272 4257 716 4324 reformandam
772 4257 837 4322 in
896 4257 984 4323 eis
1039 4256 1236 4322 divini
1290 4256 1492 4323 cultus
1539 4255 1907 4340 religionem
1954 4277 2031 4322 ex
2078 4256 2307 4322 iudicio
2352 4254 2585 4343 princi-

394 4404 649 4438 ...mc-

397 4488 445 4539 l.
491 4484 750 4549 Bflcken,
795 4501 829 4539 a
863 4485 1064 4541 Brema
1095 4484 1240 4539 inter
1277 4483 1560 4539 meridiem
1596 4490 1654 4539 et
1699 4484 1984 4539 orientem.
2055 4483 2234 4538 Huius
2271 4482 2584 4539 monasterii

278 4570 468 4629 tabulas
504 4573 681 4629 edidit
717 4573 1049 4644 Hodenberg
1084 4574 1271 4645 Hoyer
1306 4570 1756 4629 Urkundenbuch
1795 4571 1892 4627 111.
2034 4574 2084 4627 2.
2123 4571 2442 4627 Thietmari.

2625 880 2761 935 1147

2678 3220 2814 3275 1147

2623 3308 2663 3352 c
2689 3294 2781 3341 Ian.
2810 3295 2869 3340 29
