3319 5242
935 449 1232 498 wmALm
1274 449 1605 499 musmonn
1646 450 1753 497 103.
2392 434 2540 501 179·

257 585 649 656 mortificamini
691 594 826 656 tota
869 590 971 658 die
1015 592 1093 657 de
1138 592 1432 678 opinione
1476 591 1671 659 immo
1717 591 1795 657 de
1824 592 2285 660 concertatione
2313 592 2513 660 homi-
2555 597 2694 653 1148

253 721 377 787 num,
414 707 507 789 qui
551 706 957 790 contendunt,
1002 728 1117 775 nos
1161 708 1330 775 ultra
1361 707 1693 775 Corbeiam
1738 729 1862 774 non
1908 709 2238 775 redituros.
2314 708 2403 774 Et
2437 729 2518 777 ne

251 838 329 883 vos
371 820 424 887 in
466 827 684 888 tantae
729 821 1003 890 levitatis
1050 824 1321 891 dictione
1365 825 1612 911 ineptos
1657 829 2091 910 reputaremus
2104 874 2123 907 ,
2181 825 2520 911 scripserat

245 934 378 1002 nobis
412 943 747 1006 conventus
792 944 1001 1006 vester
1040 946 1259 1007 contra
1286 940 1661 1023 gravitatem
1693 941 1855 1006 tanti
1889 945 2124 1025 coetuS,
2170 946 2391 1006 contra
2420 961 2517 1007 se·

207 3723 547 3804 permiserit
587 3728 653 3790 et
691 3742 809 3790 nos
853 3723 1215 3791 vixerimus.
1284 3724 1417 3791 Nec
1462 3725 1630 3791 enim
1672 3724 1840 3790 inter
1883 3744 1995 3790 vos
2041 3724 2135 3790 ita
2169 3724 2522 3790 conversati

208 3855 429 3924 sumus,
486 3845 559 3906 ut
613 3839 828 3907 videre
882 3861 993 3907 vos
1051 3841 1519 3926 erubescamus,
1575 3861 1780 3926 neque
1831 3860 1944 3906 vos
1998 3840 2157 3906 tales
2211 3860 2362 3924 erga
2405 3859 2519 3905 nos

209 3952 555 4023 exhibuistis
568 4006 587 4041 ,
643 3977 798 4042 quos
843 3976 1098 4023 cernere
1142 3957 1570 4024 formidemus.
1637 3956 1976 4024 Veniemus
2023 3961 2191 4023 certe
2236 3960 2519 4042 tempore

208 4075 259 4134 et
296 4071 391 4138 die
435 4072 676 4159 prefixo
722 4073 790 4138 in
832 4072 1060 4140 litteris
1106 4074 1340 4140 nostris
1353 4068 1396 4157 ⁴,
1442 4094 1598 4160 quas
1643 4094 1761 4160 per
1802 4072 2208 4139 Ludowicum
2253 4090 2519 4158 puerum

208 4193 467 4254 nostrum
535 4189 712 4256 vobis
780 4189 1122 4256 direximus
1136 4239 1156 4274 ,
1224 4189 1374 4256 licet
1430 4189 1824 4257 Stabulensis
1891 4187 2192 4256 aecclesia
2257 4191 2518 4274 propter

209 4308 385 4370 certas
425 4310 494 4371 et
539 4305 949 4392 inpendentes
995 4325 1067 4373 ac
1111 4305 1495 4394 periculosas
1540 4307 1817 4373 rationes
1862 4311 2145 4372 nostram
2175 4322 2319 4388 egre
2353 4302 2519 4369 ferat

336 4467 373 4499 ι.
411 4469 517 4503 vero
548 4456 650 4504 eod.
776 4456 822 4503 b.
864 4458 958 4504 tun
988 4458 1056 4505 bie
1088 4458 1250 4519 legitur
1281 4459 1328 4503 ἰη
1359 4458 1464 4503 cod.

336 4550 383 4603 1.
416 4566 501 4619 ep.
525 4551 595 4607 98
631 4567 797 4621 supra
830 4567 885 4620 p.
913 4552 1035 4606 173.
1178 4553 1228 4606 2.
1269 4550 1355 4608 cf.
1386 4551 1595 4607 Grimm
1632 4548 1914 4607 Deutsche
1949 4549 2289 4621 Mythologie
2325 4550 2434 4619 (ed.
2458 4550 2517 4617 3)

216 4628 278 4687 ΙΙ.
308 4650 359 4705 p.
382 4639 532 4695 1070.
664 4641 717 4695 3.
753 4640 845 4696 Ps.
868 4639 956 4711 39,
981 4641 1034 4696 5.
1167 4640 1223 4696 4.
1259 4639 1295 4695 i.
1321 4654 1371 4696 e.
1408 4639 1498 4696 die
1539 4641 1606 4696 14
1642 4639 1900 4712 Augusti.
1949 4639 2142 4784 ζέει).
2174 4641 2273 4696 101
2310 4655 2369 4709 p.
2392 4640 2516 4696 176.
