3319 5242
704 415 835 482 238
1460 431 1757 478 wmALm
1798 429 2131 479 nrrs'rom
2177 429 2280 477 ιω.

519 582 659 637 1146
703 578 894 642 vestri
934 575 1186 640 consilii
1225 574 1408 639 verbo
1453 576 1734 639 recedere
1775 595 2176 661 nequaquam
2203 573 2540 638 valeamm.
2599 570 2826 657 Neque
2855 571 3041 649 enim,

499 655 599 702 Nov

601 657 668 703 ,1

705 696 765 757 si
812 705 1001 779 qrata
1055 691 1234 756 nobis
1281 703 1431 756 esset
1474 692 1658 756 huius
1706 693 2031 778 diqnitatzls
2078 690 2340 770 oblatio,
2399 692 2460 753 si
2502 684 2863 753 Corbeiensi
2902 709 3043 751 aec-

706 809 928 874 clesiae
968 831 1219 894 preesse
1262 811 1442 874 iuxta
1483 831 1666 873 suam
1710 808 2059 873 electionem
2103 819 2560 894 appeteremus,
2618 805 2735 871 hoc
2777 804 2896 869 sub
2944 806 3046 869 in-

706 938 866 991 certo
913 926 1329 991 multitudinis
1376 948 1631 990 assensu
1676 937 2102 1003 wat-caremus,
2155 936 2472 1010 sequentes
2516 922 2803 987 videlicet
2846 923 3055 986 nostri

705 1044 1003 1107 desiderii
1044 1045 1463 1129 propositum.
1533 1041 1727 1107 Nunc
1780 1064 1956 1121 vero,
2018 1042 2159 1106 Deo
2212 1042 2528 1119 adiutore,
2586 1043 2793 1105 nostri
2836 1041 3051 1105 cordis

702 1161 1100 1224 intentionem
1142 1162 1236 1223 ita
1261 1159 1661 1241 firmavimus
1674 1207 1693 1239 ,
1742 1170 1812 1224 ut
1856 1180 1931 1223 ea
1974 1157 2153 1222 nobis
2199 1156 2451 1221 consilii
2481 1159 2697 1242 portio
2733 1169 3059 1243 perqrata

703 1278 803 1356 eit,
854 1297 1034 1361 quae,
1083 1277 1356 1341 donante
1386 1274 1640 1361 Spiritu
1683 1288 1918 1355 sanem,
1966 1274 2146 1339 nobis
2192 1278 2235 1337 ά
2278 1286 2483 1338 vestra
2493 1272 2914 1357 fraternitate
2949 1276 3054 1339 in-

703 1393 922 1457 timata
960 1392 1188 1477 fuerit.
1259 1392 1400 1456 Hoc
1455 1404 1697 1456 tantum
1750 1404 2018 1456 vestram
2062 1391 2473 1477 prudentiam
2526 1411 2882 1454 ammonere
2940 1411 3059 1454 ne·

703 1531 1025 1594 quaquam
1055 1508 1432 1589 dubitamus,
1467 1520 1537 1574 ut
1568 1547 1650 1556 —
1700 1520 2004 1593 quantum
2022 1530 2147 1594 per
2176 1506 2309 1571 Dei
2323 1507 2817 1591 providentiam,
2850 1507 3061 1571 corda

701 1625 1022 1690 hominum
1075 1626 1375 1689 moventis
1422 1638 1477 1690 et
1520 1628 1589 1691 in
1635 1647 1849 1690 eorum
1892 1624 2183 1690 cordibus
2231 1624 2547 1708 operantis
2593 1623 2683 1687 ad
2724 1621 3060 1688 inclinan-

703 1742 820 1805 das
867 1763 1079 1806 eorum
1121 1742 1463 1807 voluntates
1510 1762 1877 1827 quocunque
1905 1741 2188 1819 voluerit,
2236 1752 2473 1804 vestrae
2507 1740 2878 1804 discretioni
2906 1739 3062 1804 lici-

705 1868 836 1922 tum
880 1869 969 1921 est
1008 1895 1091 1904 —
1133 1858 1248 1922 hoc
1282 1859 1703 1944 provideatis,
1761 1858 1875 1923 hoc
1920 1857 2279 1936 consulatis,
2327 1855 2443 1921 hoo
2485 1856 2825 1935 madeat-as,
2876 1857 3069 1941 quod

707 1972 1034 2037 animabus
1092 1985 1149 2037 et
1202 1974 1567 2059 corporibus
1617 1975 1849 2039 nostras
1897 1986 2083 2059 atque
2126 1973 2502 2038 monasterio
2548 1984 2759 2038 veste-o«
2790 1971 2959 2037 utile
3008 1986 3070 2038 et

705 2101 903 2153 tutum
944 2091 1215 2154 maxime
1257 2090 1636 2154 iudicabitis.
1806 2088 2007 2155 Tanto
2053 2087 2328 2175 pondere
2373 2087 2495 2154 sibi
2540 2086 2872 2173 imposito,
2924 2088 3070 2154 fra-

703 2208 833 2269 tres
878 2202 1154 2290 primum
1200 2205 1486 2272 exterriti
1528 2204 1803 2289 fuerunt,
1857 2203 2073 2271 sedulo
2118 2208 2422 2290 petente8‚
2468 2208 2542 2269 ut
2584 2203 2858 2269 fratrum
2905 2225 3071 2271 suo-

702 2341 843 2386 rum
900 2319 1008 2405 qui
1067 2321 1328 2387 aberant
1378 2326 1441 2386 et
1484 2320 1993 2387 ministerialium
2038 2317 2376 2386 aecclesiae
2416 2320 2804 2406 presentiam
2854 2338 3071 2408 expe-

702 2440 873 2502 ctare
918 2436 1216 2520 valerent,
1264 2455 1408 2502 cum
1453 2437 1679 2522 quibus
1726 2437 2181 2503 communicato
2224 2434 2505 2519 consilio,
2551 2435 2705 2520 quid
2734 2435 3074 2521 optimum

702 2552 872 2619 factu
916 2552 1263 2637 videretur,
1321 2552 1560 2640 pariter
1607 2554 1990 2620 ordinarent.
2066 2552 2195 2619 Nos
2243 2557 2499 2619 econtra
2541 2551 2921 2618 instantiam
2971 2553 3075 2620 le-

703 2675 991 2753 gatorum
1045 2670 1175 2735 iam
1230 2670 1479 2753 regredi
1534 2671 2030 2737 desiderantium
2074 2668 2577 2757 opponebamus,
2639 2674 2702 2735 et
2744 2670 3077 2756 precipue

704 2785 836 2853 voti
879 2786 1081 2852 nostri
1127 2806 1201 2851 ac
1245 2788 1601 2872 sponsionis
1647 2786 1986 2871 vinculum,
2045 2807 2166 2872 quo
2213 2786 2303 2852 sic
2348 2785 2611 2869 obligati
2656 2805 2940 2868 eramus,
2996 2793 3080 2853 ut

703 2902 818 2968 sub
864 2902 1084 2969 eadem
1129 2903 1287 2969 hora
1329 2903 1408 2970 ab
1453 2903 1572 2987 his,
1619 2904 1728 2989 qui
1772 2908 2097 2990 presentes
2135 2908 2336 2986 erant,
2383 2900 2542 2968 solvi
2572 2903 2641 2967 in
2672 2900 3077 2970 alterutram

702 3024 950 3105 partem
995 3026 1331 3107 oporteret.

881 3136 1129 3221 Itaque,
1191 3136 1436 3202 emissis
1481 3135 1663 3201 nobis
1711 3156 1750 3200 a
1794 3133 2120 3221 capitoli0‚
2177 3134 2437 3217 fratres,
2482 3132 2829 3220 plurimum
2877 3136 3082 3203 anxii

705 3272 778 3322 ac
829 3258 1141 3319 merentes
1188 3272 1413 3318 causae
1457 3250 1643 3317 huius
1687 3256 2022 3336 utrumque
2067 3250 2232 3316 latus
2279 3248 2545 3316 sollicite
2587 3253 3084 3336 pertractantes

705 3369 933 3454 diuque
980 3388 1053 3434 ac
1097 3366 1366 3433 multum
1411 3367 1578 3432 inter
1619 3371 1955 3453 utrumque
2002 3365 2296 3449 cunctati,
2349 3364 2590 3449 legatos
2634 3364 2895 3431 tandem
2949 3369 3084 3434 ad-

704 3484 1033 3567 miserunt,
1079 3483 1272 3549 totius
1316 3483 1410 3549 rei
1453 3488 1669 3567 gestae
1716 3483 2000 3550 ordinem
2042 3480 2289 3569 plenius
2338 3481 2659 3547 addiscere
2700 3481 3081 3567 cupientes.

706 3598 918 3666 Bruno
976 3600 1334 3686 prepositus
1381 3619 1581 3666 novae
1625 3600 1986 3683 aecclesiae,
2034 3599 2142 3684 qui
2186 3599 2352 3664 inter
2398 3598 2624 3664 missos
2672 3603 2809 3664 erat
2855 3596 3086 3667 hono-

703 3717 933 3799 ratior,
1003 3714 1374 3800 loquebatur
1449 3716 1758 3801 quaedam
1825 3714 2121 3799 grandia,
2201 3714 2520 3781 videlicet:
2606 3712 3087 3784 Corbeiensem

705 3830 1073 3898 aecclesiam
1119 3832 1217 3897 ius
1260 3831 1528 3899 liberum
1561 3832 1882 3899 electionis
1913 3831 2163 3914 habere,
2212 3852 2333 3916 quo
2364 3850 2531 3904 nunc
2561 3834 2727 3896 esset
2756 3850 2876 3895 usa
2904 3850 3087 3900 con-

705 3946 979 4013 corditer
1036 3952 1099 4014 et
1152 3948 1383 4033 absque
1429 3948 1560 4014 ulla
1604 3948 1706 4015 vel
1749 3949 1996 4015 minimi
2042 3947 2218 4014 verbi
2263 3945 2686 4026 dissensione3
2743 3946 3085 4034 futurum,

705 4069 777 4129 ut
818 4063 997 4150 prius
1045 4064 1170 4130 tria
1212 4064 1390 4131 milia
1433 4086 1791 4131 marcarum
1828 4064 2073 4149 argenti
2104 4063 2506 4151 expenderet,
2553 4082 2744 4148 quam
2773 4061 2854 4128 ab
2886 4066 3085 4149 opti-

705 4181 909 4247 nendo
957 4179 1152 4247 electo
1199 4201 1311 4247 suo
1359 4180 1719 4263 desisteret;
1776 4180 2077 4247 Corbeiae
2121 4181 2430 4247 maximas
2477 4185 2542 4245 et
2584 4183 2845 4266 pacatas
2892 4178 3086 4247 divi-

705 4297 828 4364 tias
876 4319 1032 4382 esse,
1078 4298 1307 4365 frames
1352 4297 1722 4382 religionem
1767 4302 1981 4364 tenere
2028 4302 2093 4363 et
2135 4303 2208 4363 ut
2252 4301 2553 4380 augeatur
2589 4294 2957 4362 desiderare
2976 4318 3084 4368 ac

704 4419 950 4500 petere;
998 4413 1439 4481 ministeriales
1485 4413 1669 4481 valde
1715 4413 2057 4499 locupletes
2094 4434 2250 4497 esse,
2296 4412 2541 4479 nullum
2572 4411 2741 4478 inter
2773 4430 2882 4477 eos
2912 4432 3081 4479 ver-

703 4528 855 4596 bum
912 4551 1023 4596 seu
1075 4530 1349 4614 litigium
1405 4530 1482 4596 de
1540 4529 2030 4596 villicationibus
2087 4529 2465 4596 hereditario
2511 4527 2649 4594 iure
2694 4527 3077 4598 obtinendis
