3319 5242
759 432 884 498 186
1420 451 1717 499 vvanm
1758 449 2131 499 nrrs‘ronu:
2171 449 2277 497 166.
2309 451 2414 497 166.

584 594 722 652 1148
753 592 972 658 mitate
1017 592 1357 659 maioribus
1403 591 1716 677 suffragiis
1761 593 2145 660 iuvarentur.
2214 591 2312 660 De
2356 596 2564 659 cetero
2591 591 2764 660 Deus
2809 592 2987 681 pacis
3014 597 3076 659 61

754 706 1104 775 dilectionis
1149 709 1234 776 sit
1278 729 1526 797 semper
1569 729 1711 776 cum
1757 710 2045 776 omnibus
2091 708 2287 775 vobis.

758 972 928 1045 109.
966 976 1280 1045 Wibaldus
1307 978 1669 1045 Heinrioum
1712 980 2062 1066 episcopum
2092 978 2498 1043 Leode'ensem
2524 975 2825 1058 hortatur,
2872 1000 2952 1041 ne
2980 998 3071 1041 ec-

969 1094 1214 1159 clesiam
1255 1095 1678 1161 Wellinensem
1720 1096 2038 1160 interdicto
2087 1094 2346 1185 afficiat.
2796 1088 2908 1170 (M.
2942 1089 3072 1171 92.)

565 1228 704 1285 1148
922 1225 1284 1293 Reverendo
1328 1227 1498 1314 patri
1543 1247 1656 1293 suo
1700 1232 1763 1294 et
1793 1228 2044 1294 domino
2073 1225 2418 1308 Η(61111166)
2454 1222 2792 1291 venerabili
2823 1228 3075 1291 sanctae

744 1340 1107 1409 Leodiensis
1162 1343 1458 1410 ecclesiae
1504 1344 1795 1430 episcopo
1824 1343 2019 1409 frater
2047 1341 2422 1425 W(ibaldus)
2452 1341 2574 1407 Dei
2612 1340 2819 1425 gratia
2849 1339 3075 1407 Stabu-

745 1457 935 1527 lensis
993 1458 1291 1525 ecclesiae
1350 1480 1567 1526 servus
1614 1459 1871 1543 exiguas
1918 1461 2231 1526 orationes
2278 1463 2343 1524 et
2386 1458 2681 1525 devotum
2724 1456 3073 1523 servitium.

920 1575 1335 1642 Theodericus
1392 1576 1469 1642 de
1516 1574 1875 1642 Salenrivo·
1919 1573 2348 1642 ministerialis
2405 1577 2613 1641 vester
2667 1572 2745 1639 de
2787 1570 3076 1641 Bullione

742 1691 916 1759 venit
958 1691 1026 1756 in
1070 1696 1306 1758 terram
1353 1690 1742 1759 Stabulensis
1790 1690 2115 1776 ecclesiae,
2163 1691 2243 1757 ad
2287 1690 2505 1757 villam
2546 1689 2801 1756 nomine
2847 1689 3075 1755 Davir-

743 1809 923 1874 deces
937 1806 982 1891 ¹³,
1029 1812 1215 1893 atque
1259 1808 1347 1874 ibi
1390 1808 1689 1895 predatus
1721 1813 1818 1874 est
1844 1828 1972 1874 non
1998 1826 2203 1895 pauca
2231 1806 2545 1873 animalia.
2617 1805 2769 1873 Orto
2799 1805 3076 1873 clamore

741 1924 812 1990 in
851 1929 1042 2008 terra,
1089 1924 1288 1991 secuti
1332 1929 1480 1991 sunt
1519 1924 1806 1991 homines
1847 1924 2047 1990 nostri
2076 1929 2208 1989 tam
2239 1923 2315 1989 de
2337 1921 2569 1990 Wellin
2602 1942 2790 2008 quam
2821 1922 2902 1988 de
2934 1921 3074 1989 aliis

741 2040 915 2125 locis,
961 2044 1034 2105 ut
1077 2061 1153 2108 ea
1198 2061 1316 2126 que
1360 2040 1540 2106 nobis
1585 2040 1835 2106 fuerant
1878 2040 2089 2106 ablata
2131 2040 2513 2126 reciperent3
2562 2044 2625 2105 et
2652 2037 2901 2123 longius
2933 2060 3076 2126 pre-

741 2157 989 2224 datores
1033 2157 1346 2246 persecuti
1390 2162 1553 2223 sunt.
1624 2157 1744 2242 1111,
1791 2161 2167 2241 congregata
2211 2157 2289 2223 de
2333 2154 2587 2222 castello
2632 2160 2844 2222 vestro
2891 2161 2959 2222 61
3002 2156 3079 2222 (16

740 2279 912 2342 terra
953 2276 1191 2342 maiore
1235 2273 1668 2359 multitudine,
1724 2275 2092 2340 invaserunt
2135 2276 2383 2339 nostros
2430 2278 2525 2356 61,
2584 2271 2785 2359 captis
2832 2278 3079 2359 septem

738 2392 892 2458 viris
907 2441 926 2475 ,
996 2391 1321 2458 duodecim
1379 2412 1456 2456 ex
1516 2390 1873 2458 hominibus
1930 2389 2226 2456 ecclesiae
2280 2394 2535 2465 nostrae
2592 2388 2962 2455 occiderunt
3017 2393 3080 2455 et

738 2507 970 2574 multos
1001 2506 1429 2573 crudelissime
1464 2505 1970 2573 vulneraverunt.
2119 2505 2496 2573 Audivimus
2542 2524 2711 2588 vero,
2758 2504 2932 2590 quod
2980 2524 3080 2573 66-

738 2625 993 2692 clesiam
1037 2630 1319 2692 nostram
1362 2624 1426 2689 in
1459 2621 1692 2691 Wellin
1732 2624 1941 2689 velitis
1986 2621 2359 2689 interdicere
2405 2629 2468 2689 et
2512 2621 2796 2688 divinum
2837 2621 3079 2689 ibidem

737 2740 1012 2809 officium
1057 2740 1388 2828 prohibere
1430 2760 1547 2828 pro
1594 2760 1688 2824 eo,
1736 2740 1899 2825 quod
1943 2738 2258 2805 interfecti
2300 2738 2397 2805 illi
2440 2739 2509 2805 in
2553 2738 2865 2805 cimiterio
2913 2739 3081 2806 eius-

737 2858 880 2925 dem
926 2857 1222 2925 ecclesiae
1268 2855 1498 2944 sepulti
1545 2862 1709 2921 sunt.
1781 2855 1959 2934 Quod
2002 2877 2117 2922 nos
2155 2855 2409 2922 credere
2438 2874 2834 2940 nequaquam
2864 2854 3083 2942 potui-

736 2995 895 3041 mus.
965 2974 1156 3041 Novit
1200 2974 1368 3040 enim
1412 2965 1706 3039 discretio
1752 2977 1983 3057 vestra,
2032 2973 2197 3058 quod
2227 2973 2418 3038 etiam
2447 2971 2583 3037 11116
2613 2970 2899 3056 gentium
2929 2970 3085 3038 licet

736 3092 801 3156 vi
845 3091 974 3158 vim
1017 3089 1341 3178 repellere,
1389 3095 1452 3157 et
1497 3090 1663 3176 quod
1708 3110 1897 3176 super
1940 3093 2178 3155 terram
2220 3088 2504 3155 homines
2535 3091 2684 3153 sunt
2712 3106 3085 3154 excommu-

734 3208 1019 3291 nicandi,
1076 3208 1322 3275 dicente
1377 3207 1720 3294 scriptura:
1783 3207 2201 3295 Quodcunque
2256 3207 2543 3293 liqaveris
2586 3228 2773 3292 super
2816 3217 3084 3288 terram,

738 3328 852 3390 erit
894 3326 1150 3412 liyatwm
1196 3334 1253 3389 et
1294 3326 1361 3388 in
1397 3325 1561 3388 coelo
1581 3317 1614 3386 ¹.
1687 3319 1863 3388 Sicut
1889 3321 2123 3406 itaque,
2168 3321 2348 3386 iuxta
2376 3319 2810 3386 auctoritatem
2841 3317 3087 3387 Leonis

736 3445 801 3506 et
829 3438 1085 3524 Gelasii,
1133 3439 1356 3523 quibus
1402 3438 1563 3503 vivis
1607 3458 1737 3503 non
1780 3437 2394 3520 communicavimuS,
2440 3456 2558 3502 1166
2593 3435 2863 3502 mortuis
2908 3457 3088 3503 com·

732 3556 1054 3622 municare
1119 3575 1484 3642 possumus,
1554 3554 1646 3620 616
1702 3565 1769 3620 e⁶
1815 3573 2114 3619 converso
2183 3574 2337 3639 quos
2395 3552 2658 3619 ecclesia
2708 3552 2892 3618 vivos
2956 3573 3085 3619 non

734 3672 1066 3756 devitavit,
1126 3675 1404 3737 mortuos
1464 3670 1709 3737 abicere
1764 3690 1891 3736 non
1950 3670 2151 3737 debet.
2244 3669 2556 3754 Dignetur
2601 3668 2812 3754 itaque
2860 3674 3092 3736 vestra

733 3788 1069 3856 clementia
1108 3786 1470 3874 providere,
1524 3807 1604 3852 ne
1650 3787 1731 3852 ad
1774 3807 1965 3870 grave
2008 3785 2243 3852 malum
2290 3791 2476 3873 atque
2522 3786 2856 3869 damnum,
2910 3784 3092 3872 quod

731 3925 849 3992 per
877 3903 1175 3970 iniuriam
1206 3903 1577 3990 accepimus,
1606 3902 1862 3988 aliquod
1883 3922 2219 3986 gravamen
2248 3923 2364 3991 per
2391 3902 2789 3968 inimicorum
2818 3907 3089 3968 nostro-

732 4042 876 4088 rum
905 4019 1283 4087 delationem
1314 4018 1753 4086 sustineamus.
1891 4018 1988 4085 De
2019 4018 2399 4086 Theoderico
2429 4038 2578 4085 vero
2611 4018 2688 4084 de
2717 4016 2915 4083 Turri
2949 4025 3090 4086 tam

733 4138 1152 4222 frequentem,
1199 4140 1331 4201 tam
1375 4134 1804 4222 importunam
1849 4140 1911 4200 61
1953 4139 2086 4200 tam
2128 4133 2382 4218 longam
2427 4131 2893 4221 querimoniam
2945 4135 3090 4202 sine

732 4254 939 4320 fructu
982 4252 1264 4336 fecimus,
1312 4258 1375 4318 et
1418 4252 1549 4319 iam
1579 4250 1906 4318 ecclesiam
1934 4255 2217 4317 nostram
2259 4251 2473 4337 pudet,
2520 4270 2636 4316 nos
2679 4269 2829 4316 vero
2879 4251 3086 4319 tedet.

877 4417 918 4451 a..
960 4402 1202 4451 Sacemivo
1235 4406 1426 4450 correxit
1457 4404 1556 4450 alfa
1586 4419 1747 4450 monus
1779 4405 1825 4449 ἰη
1857 4378 2115 4466 Salponrivo.
2238 4400 2284 4448 b.
2315 4405 2408 4450 eive
2438 4400 2731 4449 Daiurdeecs.
2857 4413 2905 4448 c.
2936 4408 2969 4451 ἰ
3004 4423 3045 4452 c.

873 4492 926 4547 1.
958 4489 1152 4547 nauh.
1179 4491 1263 4560 16,
1290 4489 1376 4545 19.
