<?xml version="1.0" encoding="UTF-8"?>
<!DOCTYPE html PUBLIC "-//W3C//DTD XHTML 1.0 Transitional//EN"
    "http://www.w3.org/TR/xhtml1/DTD/xhtml1-transitional.dtd">
<html xmlns="http://www.w3.org/1999/xhtml" xml:lang="en" lang="en">
 <head>
  <title>
</title>
<meta http-equiv="Content-Type" content="text/html;charset=utf-8" />
  <meta name='ocr-system' content='tesseract 3.04.00' />
  <meta name='ocr-capabilities' content='ocr_page ocr_carea ocr_par ocr_line ocrx_word'/>
</head>
<body>
  <div class='ocr_page' id='page_1' title='image "./monumentacorbei00corvgoog_0508.png"; bbox 0 0 3319 5242; ppageno 0'>
   <div class='ocr_carea' id='block_1_1' title="bbox 698 445 2386 510">
    <p class='ocr_par' dir='ltr' id='par_1_1' title="bbox 698 445 2386 510">
     <span class='ocr_line' id='line_1_1' title="bbox 698 445 2386 510; baseline -0.001 0"><span class='ocrx_word' id='word_1_1' title='bbox 698 445 831 510; x_wconf 85' lang='lat'><strong>498</strong></span> <span class='ocrx_word' id='word_1_2' title='bbox 1348 449 1643 510; x_wconf 70' lang='lat' dir='ltr'><strong>wmALm</strong></span> <span class='ocrx_word' id='word_1_3' title='bbox 1688 463 2062 510; x_wconf 65' lang='lat' dir='ltr'><strong>nprs‘romn</strong></span> <span class='ocrx_word' id='word_1_4' title='bbox 2105 461 2195 509; x_wconf 78' lang='grc'><strong>666</strong></span> <span class='ocrx_word' id='word_1_5' title='bbox 2215 462 2386 508; x_wconf 76' lang='grc'><strong>-671,</strong></span> 
     </span>
    </p>
   </div>
   <div class='ocr_carea' id='block_1_2' title="bbox 477 602 3050 1035">
    <p class='ocr_par' dir='ltr' id='par_1_2' title="bbox 477 602 3050 1035">
     <span class='ocr_line' id='line_1_2' title="bbox 506 602 3044 690; baseline 0 -21"><span class='ocrx_word' id='word_1_6' title='bbox 506 609 644 662; x_wconf 77' lang='grc'><strong>1152</strong></span> <span class='ocrx_word' id='word_1_7' title='bbox 699 602 1098 670; x_wconf 87' lang='lat' dir='ltr'><strong>dissimulare</strong></span> <span class='ocrx_word' id='word_1_8' title='bbox 1140 623 1269 669; x_wconf 91' lang='lat' dir='ltr'><strong>non</strong></span> <span class='ocrx_word' id='word_1_9' title='bbox 1311 624 1681 690; x_wconf 76' lang='lat' dir='ltr'>possumne,</span> <span class='ocrx_word' id='word_1_10' title='bbox 1740 605 1890 690; x_wconf 92' lang='lat' dir='ltr'><strong>quin</strong></span> <span class='ocrx_word' id='word_1_11' title='bbox 1938 625 2045 672; x_wconf 88' lang='lat' dir='ltr'><strong>eos</strong></span> <span class='ocrx_word' id='word_1_12' title='bbox 2091 605 2173 671; x_wconf 87' lang='lat' dir='ltr'><strong>ad</strong></span> <span class='ocrx_word' id='word_1_13' title='bbox 2221 604 2533 688; x_wconf 85' lang='lat' dir='ltr'><strong>regularis</strong></span> <span class='ocrx_word' id='word_1_14' title='bbox 2579 604 2906 671; x_wconf 76' lang='lat' dir='ltr'><strong>electionis</strong></span> <span class='ocrx_word' id='word_1_15' title='bbox 2949 624 3044 670; x_wconf 89' lang='lat' dir='ltr'><strong>or-</strong></span> 
     </span>
     <span class='ocr_line' id='line_1_3' title="bbox 477 682 3044 807; baseline -0 -20"><span class='ocrx_word' id='word_1_16' title='bbox 477 696 516 728; x_wconf 77' lang='lat'><strong>⁰‘</strong></span> <span class='ocrx_word' id='word_1_17' title='bbox 534 682 665 730; x_wconf 48' lang='lat' dir='ltr'><strong>Feb*</strong></span> <span class='ocrx_word' id='word_1_18' title='bbox 702 720 916 787; x_wconf 90' lang='lat' dir='ltr'><strong>dinem</strong></span> <span class='ocrx_word' id='word_1_19' title='bbox 961 720 1259 785; x_wconf 87' lang='lat' dir='ltr'><strong>canonica</strong></span> <span class='ocrx_word' id='word_1_20' title='bbox 1304 722 1642 787; x_wconf 82' lang='lat' dir='ltr'><strong>severitate</strong></span> <span class='ocrx_word' id='word_1_21' title='bbox 1688 741 1803 807; x_wconf 89' lang='lat' dir='ltr'><strong>pro</strong></span> <span class='ocrx_word' id='word_1_22' title='bbox 1850 722 2055 787; x_wconf 83' lang='lat' dir='ltr'><strong>nostri</strong></span> <span class='ocrx_word' id='word_1_23' title='bbox 2100 720 2310 787; x_wconf 85' lang='lat' dir='ltr'><strong>debito</strong></span> <span class='ocrx_word' id='word_1_24' title='bbox 2359 719 2547 786; x_wconf 85' lang='lat' dir='ltr'><strong>officii</strong></span> <span class='ocrx_word' id='word_1_25' title='bbox 2576 720 3044 807; x_wconf 84' lang='lat' dir='ltr'><strong>compellamus,</strong></span> 
     </span>
     <span class='ocr_line' id='line_1_4' title="bbox 701 836 3050 923; baseline -0 -21"><span class='ocrx_word' id='word_1_26' title='bbox 701 856 847 902; x_wconf 91' lang='lat' dir='ltr'><strong>cum</strong></span> <span class='ocrx_word' id='word_1_27' title='bbox 891 837 1207 922; x_wconf 79' lang='lat' dir='ltr'>precipue,</span> <span class='ocrx_word' id='word_1_28' title='bbox 1257 843 1518 923; x_wconf 86' lang='lat' dir='ltr'><strong>paterne</strong></span> <span class='ocrx_word' id='word_1_29' title='bbox 1566 836 1894 904; x_wconf 81' lang='lat' dir='ltr'><strong>ammoniti</strong></span> <span class='ocrx_word' id='word_1_30' title='bbox 1909 888 1928 920; x_wconf 92' lang='lat'><strong>,</strong></span> <span class='ocrx_word' id='word_1_31' title='bbox 1989 836 2294 920; x_wconf 84' lang='lat' dir='ltr'><strong>delegatis</strong></span> <span class='ocrx_word' id='word_1_32' title='bbox 2342 837 2536 902; x_wconf 86' lang='lat' dir='ltr'><strong>etiam</strong></span> <span class='ocrx_word' id='word_1_33' title='bbox 2582 837 2864 922; x_wconf 87' lang='lat' dir='ltr'><strong>quinque</strong></span> <span class='ocrx_word' id='word_1_34' title='bbox 2907 836 3050 902; x_wconf 86' lang='lat' dir='ltr'><strong>reli-</strong></span> 
     </span>
     <span class='ocr_line' id='line_1_5' title="bbox 700 952 3050 1035; baseline 0 -18"><span class='ocrx_word' id='word_1_35' title='bbox 700 952 893 1035; x_wconf 86' lang='lat' dir='ltr'><strong>giosis</strong></span> <span class='ocrx_word' id='word_1_36' title='bbox 950 953 1032 1017; x_wconf 86' lang='lat' dir='ltr'><strong>ad</strong></span> <span class='ocrx_word' id='word_1_37' title='bbox 1091 972 1307 1019; x_wconf 88' lang='lat' dir='ltr'><strong>eorum</strong></span> <span class='ocrx_word' id='word_1_38' title='bbox 1362 954 1790 1020; x_wconf 83' lang='lat' dir='ltr'><strong>visitationem</strong></span> <span class='ocrx_word' id='word_1_39' title='bbox 1849 952 2181 1020; x_wconf 87' lang='lat' dir='ltr'><strong>abbatibus</strong></span> <span class='ocrx_word' id='word_1_40' title='bbox 2240 954 2499 1022; x_wconf 90' lang='lat' dir='ltr'><strong>obedire</strong></span> <span class='ocrx_word' id='word_1_41' title='bbox 2553 953 2862 1019; x_wconf 79' lang='lat' dir='ltr'><strong>hactenus</strong></span> <span class='ocrx_word' id='word_1_42' title='bbox 2909 972 3050 1018; x_wconf 85' lang='lat' dir='ltr'><strong>con-</strong></span> 
     </span>
    </p>
   </div>
   <div class='ocr_carea' id='block_1_3' title="bbox 700 1069 1092 1155">
    <p class='ocr_par' dir='ltr' id='par_1_3' title="bbox 700 1069 1092 1155">
     <span class='ocr_line' id='line_1_6' title="bbox 700 1069 1092 1155; baseline -0.003 -20"><span class='ocrx_word' id='word_1_43' title='bbox 700 1069 1092 1155; x_wconf 84' lang='lat' dir='ltr'><strong>tempserint.</strong></span> 
     </span>
    </p>
   </div>
   <div class='ocr_carea' id='block_1_4' title="bbox 1659 1174 2090 1190">
    <p class='ocr_par' dir='ltr' id='par_1_4' title="bbox 1659 1174 2090 1190">
     <span class='ocr_line' id='line_1_7' title="bbox 1659 1174 2090 1190; baseline 0 4052"><span class='ocrx_word' id='word_1_44' title='bbox 1659 1174 2090 1190; x_wconf 95' lang='lat' dir='ltr'><strong> </strong></span> 
     </span>
    </p>
   </div>
   <div class='ocr_carea' id='block_1_5' title="bbox 705 1386 3055 1709">
    <p class='ocr_par' dir='ltr' id='par_1_5' title="bbox 705 1386 3055 1709">
     <span class='ocr_line' id='line_1_8' title="bbox 705 1386 3053 1477; baseline -0.001 -20"><span class='ocrx_word' id='word_1_45' title='bbox 705 1386 879 1457; x_wconf 88' lang='lat'><strong>370.</strong></span> <span class='ocrx_word' id='word_1_46' title='bbox 924 1390 1254 1456; x_wconf 74' lang='lat' dir='ltr'><strong>Heinrious</strong></span> <span class='ocrx_word' id='word_1_47' title='bbox 1285 1393 1606 1477; x_wconf 71' lang='lat' dir='ltr'><strong>episcopus</strong></span> <span class='ocrx_word' id='word_1_48' title='bbox 1638 1391 2003 1455; x_wconf 72' lang='lat' dir='ltr'><strong>Leodiensis</strong></span> <span class='ocrx_word' id='word_1_49' title='bbox 2047 1390 2568 1455; x_wconf 74' lang='lat' dir='ltr'><strong>Walciodorenses</strong></span> <span class='ocrx_word' id='word_1_50' title='bbox 2607 1403 2663 1455; x_wconf 81' lang='lat' dir='ltr'><strong>et</strong></span> <span class='ocrx_word' id='word_1_51' title='bbox 2691 1389 3053 1456; x_wconf 72' lang='lat' dir='ltr'><strong>Hester-ien-</strong></span> 
     </span>
     <span class='ocr_line' id='line_1_9' title="bbox 921 1505 3055 1587; baseline -0 -16"><span class='ocrx_word' id='word_1_52' title='bbox 921 1532 1016 1571; x_wconf 75' lang='lat' dir='ltr'><strong>ses</strong></span> <span class='ocrx_word' id='word_1_53' title='bbox 1059 1507 1359 1587; x_wconf 79' lang='lat' dir='ltr'><strong>hortatur,</strong></span> <span class='ocrx_word' id='word_1_54' title='bbox 1406 1518 1477 1571; x_wconf 77' lang='lat' dir='ltr'><strong>ut</strong></span> <span class='ocrx_word' id='word_1_55' title='bbox 1506 1505 1796 1572; x_wconf 74' lang='lat' dir='ltr'><strong>adhibitis</strong></span> <span class='ocrx_word' id='word_1_56' title='bbox 1823 1508 2134 1571; x_wconf 72' lang='lat' dir='ltr'><strong>nonnullis</strong></span> <span class='ocrx_word' id='word_1_57' title='bbox 2165 1508 2484 1574; x_wconf 73' lang='lat' dir='ltr'><strong>abbatibus</strong></span> <span class='ocrx_word' id='word_1_58' title='bbox 2514 1509 2740 1572; x_wconf 75' lang='lat' dir='ltr'><strong>bonum</strong></span> <span class='ocrx_word' id='word_1_59' title='bbox 2772 1509 3055 1572; x_wconf 79' lang='lat' dir='ltr'><strong>abbatem</strong></span> 
     </span>
     <span class='ocr_line' id='line_1_10' title="bbox 918 1620 3054 1709; baseline -0.001 -20"><span class='ocrx_word' id='word_1_60' title='bbox 918 1626 1037 1690; x_wconf 69' lang='lat' dir='ltr'><strong>sibi</strong></span> <span class='ocrx_word' id='word_1_61' title='bbox 1080 1624 1325 1709; x_wconf 70' lang='lat' dir='ltr'><strong>eliyant.</strong></span> <span class='ocrx_word' id='word_1_62' title='bbox 2727 1620 2839 1703; x_wconf 84' lang='lat' dir='ltr'><strong>(M.</strong></span> <span class='ocrx_word' id='word_1_63' title='bbox 2875 1621 3054 1701; x_wconf 80' lang='lat'><strong>351.)</strong></span> 
     </span>
    </p>
   </div>
   <div class='ocr_carea' id='block_1_6' title="bbox 504 1761 3055 3242">
    <p class='ocr_par' dir='ltr' id='par_1_6' title="bbox 504 1761 3055 3242">
     <span class='ocr_line' id='line_1_11' title="bbox 504 1761 3054 1854; baseline 0.001 -27"><span class='ocrx_word' id='word_1_64' title='bbox 504 1773 644 1828; x_wconf 76' lang='lat'>1152</span> <span class='ocrx_word' id='word_1_65' title='bbox 877 1764 1263 1854; x_wconf 85' lang='lat' dir='ltr'><strong>H(einricus)</strong></span> <span class='ocrx_word' id='word_1_66' title='bbox 1295 1763 1415 1829; x_wconf 92' lang='lat' dir='ltr'><strong>Dei</strong></span> <span class='ocrx_word' id='word_1_67' title='bbox 1459 1764 1668 1847; x_wconf 86' lang='lat' dir='ltr'><strong>gratia</strong></span> <span class='ocrx_word' id='word_1_68' title='bbox 1700 1761 2146 1830; x_wconf 88' lang='lat' dir='ltr'><strong>Leodiensium</strong></span> <span class='ocrx_word' id='word_1_69' title='bbox 2193 1764 2525 1850; x_wconf 89' lang='lat' dir='ltr'><strong>episcopus</strong></span> <span class='ocrx_word' id='word_1_70' title='bbox 2569 1763 2899 1849; x_wconf 83' lang='lat' dir='ltr'><strong>fratribus,</strong></span> <span class='ocrx_word' id='word_1_71' title='bbox 2949 1764 3054 1850; x_wconf 89' lang='lat' dir='ltr'><strong>qui</strong></span> 
     </span>
     <span class='ocr_line' id='line_1_12' title="bbox 629 1861 3050 1966; baseline 0 -21"><span class='ocrx_word' id='word_1_72' title='bbox 629 1861 665 1893; x_wconf 48' lang='grc' dir='ltr'><strong>τ’</strong></span> <span class='ocrx_word' id='word_1_73' title='bbox 699 1884 848 1946; x_wconf 88' lang='lat' dir='ltr'><strong>sunt</strong></span> <span class='ocrx_word' id='word_1_74' title='bbox 875 1878 1271 1947; x_wconf 88' lang='lat' dir='ltr'><strong>Walciodoro</strong></span> <span class='ocrx_word' id='word_1_75' title='bbox 1305 1884 1367 1945; x_wconf 89' lang='lat' dir='ltr'><strong>et</strong></span> <span class='ocrx_word' id='word_1_76' title='bbox 1397 1879 1708 1963; x_wconf 82' lang='lat' dir='ltr'><strong>Hasterie,</strong></span> <span class='ocrx_word' id='word_1_77' title='bbox 1742 1880 1974 1965; x_wconf 88' lang='lat' dir='ltr'><strong>spiritu</strong></span> <span class='ocrx_word' id='word_1_78' title='bbox 2004 1879 2250 1946; x_wconf 83' lang='lat' dir='ltr'><strong>consilii</strong></span> <span class='ocrx_word' id='word_1_79' title='bbox 2281 1883 2345 1945; x_wconf 84' lang='lat' dir='ltr'><strong>et</strong></span> <span class='ocrx_word' id='word_1_80' title='bbox 2373 1880 2632 1966; x_wconf 85' lang='lat' dir='ltr'><strong>pietatis</strong></span> <span class='ocrx_word' id='word_1_81' title='bbox 2663 1879 3050 1947; x_wconf 79' lang='lat' dir='ltr'><strong>habundare.</strong></span> 
     </span>
     <span class='ocr_line' id='line_1_13' title="bbox 878 1995 3054 2080; baseline 0 -18"><span class='ocrx_word' id='word_1_82' title='bbox 878 1995 1189 2074; x_wconf 85' lang='lat' dir='ltr'><strong>Quoniam</strong></span> <span class='ocrx_word' id='word_1_83' title='bbox 1233 1996 1428 2063; x_wconf 86' lang='lat' dir='ltr'><strong>abbas</strong></span> <span class='ocrx_word' id='word_1_84' title='bbox 1472 2000 1685 2062; x_wconf 81' lang='lat' dir='ltr'><strong>vester</strong></span> <span class='ocrx_word' id='word_1_85' title='bbox 1729 1996 1899 2062; x_wconf 84' lang='lat' dir='ltr'><strong>viam</strong></span> <span class='ocrx_word' id='word_1_86' title='bbox 1943 1996 2277 2063; x_wconf 80' lang='lat' dir='ltr'><strong>universae</strong></span> <span class='ocrx_word' id='word_1_87' title='bbox 2332 1997 2541 2062; x_wconf 87' lang='lat' dir='ltr'><strong>carnis</strong></span> <span class='ocrx_word' id='word_1_88' title='bbox 2586 1997 2914 2080; x_wconf 86' lang='lat' dir='ltr'><strong>ingressus</strong></span> <span class='ocrx_word' id='word_1_89' title='bbox 2962 2001 3054 2063; x_wconf 88' lang='lat' dir='ltr'><strong>est</strong></span> 
     </span>
     <span class='ocr_line' id='line_1_14' title="bbox 701 2089 3053 2180; baseline 0 -1"><span class='ocrx_word' id='word_1_90' title='bbox 701 2117 764 2179; x_wconf 85' lang='lat' dir='ltr'><strong>et</strong></span> <span class='ocrx_word' id='word_1_91' title='bbox 808 2112 1155 2180; x_wconf 87' lang='lat' dir='ltr'><strong>secundum</strong></span> <span class='ocrx_word' id='word_1_92' title='bbox 1199 2132 1413 2178; x_wconf 87' lang='lat' dir='ltr'><strong>curam</strong></span> <span class='ocrx_word' id='word_1_93' title='bbox 1460 2112 1643 2178; x_wconf 90' lang='lat' dir='ltr'><strong>nobis</strong></span> <span class='ocrx_word' id='word_1_94' title='bbox 1700 2113 2098 2178; x_wconf 87' lang='lat' dir='ltr'><strong>commissam</strong></span> <span class='ocrx_word' id='word_1_95' title='bbox 2159 2112 2517 2179; x_wconf 87' lang='lat' dir='ltr'><strong>sollicitudo</strong></span> <span class='ocrx_word' id='word_1_96' title='bbox 2574 2113 2758 2179; x_wconf 86' lang='lat' dir='ltr'><strong>nobis</strong></span> <span class='ocrx_word' id='word_1_97' title='bbox 2812 2089 3053 2179; x_wconf 24' lang='lat' dir='ltr'><strong>*aeccle-</strong></span> 
     </span>
     <span class='ocr_line' id='line_1_15' title="bbox 698 2228 3053 2314; baseline -0 -19"><span class='ocrx_word' id='word_1_98' title='bbox 698 2228 937 2295; x_wconf 88' lang='lat' dir='ltr'><strong>siarum</strong></span> <span class='ocrx_word' id='word_1_99' title='bbox 981 2248 1229 2314; x_wconf 90' lang='lat' dir='ltr'><strong>quoque</strong></span> <span class='ocrx_word' id='word_1_100' title='bbox 1273 2234 1629 2295; x_wconf 83' lang='lat' dir='ltr'><strong>vestrarum</strong></span> <span class='ocrx_word' id='word_1_101' title='bbox 1674 2228 1974 2314; x_wconf 83' lang='lat' dir='ltr'><strong>imposita</strong></span> <span class='ocrx_word' id='word_1_102' title='bbox 2013 2234 2130 2312; x_wconf 82' lang='lat' dir='ltr'><strong>est,</strong></span> <span class='ocrx_word' id='word_1_103' title='bbox 2176 2233 2324 2295; x_wconf 83' lang='lat' dir='ltr'><strong>vota</strong></span> <span class='ocrx_word' id='word_1_104' title='bbox 2360 2229 2440 2295; x_wconf 87' lang='lat' dir='ltr'><strong>ad</strong></span> <span class='ocrx_word' id='word_1_105' title='bbox 2470 2228 2677 2296; x_wconf 84' lang='lat' dir='ltr'><strong>Deum</strong></span> <span class='ocrx_word' id='word_1_106' title='bbox 2705 2228 3053 2310; x_wconf 85' lang='lat' dir='ltr'><strong>fundimus,</strong></span> 
     </span>
     <span class='ocr_line' id='line_1_16' title="bbox 697 2344 3055 2431; baseline 0 -21"><span class='ocrx_word' id='word_1_107' title='bbox 697 2351 770 2410; x_wconf 85' lang='lat' dir='ltr'><strong>ut</strong></span> <span class='ocrx_word' id='word_1_108' title='bbox 823 2344 1016 2411; x_wconf 87' lang='lat' dir='ltr'><strong>talem</strong></span> <span class='ocrx_word' id='word_1_109' title='bbox 1074 2366 1186 2411; x_wconf 89' lang='lat' dir='ltr'><strong>suo</strong></span> <span class='ocrx_word' id='word_1_110' title='bbox 1245 2344 1420 2429; x_wconf 80' lang='lat' dir='ltr'><strong>gregi</strong></span> <span class='ocrx_word' id='word_1_111' title='bbox 1476 2344 1839 2410; x_wconf 88' lang='lat' dir='ltr'><strong>ministrum</strong></span> <span class='ocrx_word' id='word_1_112' title='bbox 1900 2345 2269 2428; x_wconf 78' lang='lat' dir='ltr'><strong>substituat,</strong></span> <span class='ocrx_word' id='word_1_113' title='bbox 2329 2345 2507 2411; x_wconf 87' lang='lat' dir='ltr'><strong>cuius</strong></span> <span class='ocrx_word' id='word_1_114' title='bbox 2567 2365 2689 2431; x_wconf 89' lang='lat' dir='ltr'><strong>ope</strong></span> <span class='ocrx_word' id='word_1_115' title='bbox 2734 2350 2801 2411; x_wconf 83' lang='lat' dir='ltr'><strong>et</strong></span> <span class='ocrx_word' id='word_1_116' title='bbox 2845 2346 3055 2411; x_wconf 87' lang='lat' dir='ltr'><strong>studio</strong></span> 
     </span>
     <span class='ocr_line' id='line_1_17' title="bbox 695 2460 3054 2547; baseline -0.001 -19"><span class='ocrx_word' id='word_1_117' title='bbox 695 2461 884 2529; x_wconf 84' lang='lat' dir='ltr'><strong>beata</strong></span> <span class='ocrx_word' id='word_1_118' title='bbox 925 2460 1378 2528; x_wconf 89' lang='lat' dir='ltr'><strong>monachorum</strong></span> <span class='ocrx_word' id='word_1_119' title='bbox 1422 2460 1645 2543; x_wconf 86' lang='lat' dir='ltr'><strong>religio</strong></span> <span class='ocrx_word' id='word_1_120' title='bbox 1692 2461 1858 2527; x_wconf 83' lang='lat' dir='ltr'><strong>vires</strong></span> <span class='ocrx_word' id='word_1_121' title='bbox 1906 2461 2176 2546; x_wconf 87' lang='lat' dir='ltr'><strong>accipiat</strong></span> <span class='ocrx_word' id='word_1_122' title='bbox 2205 2467 2269 2526; x_wconf 89' lang='lat' dir='ltr'><strong>et</strong></span> <span class='ocrx_word' id='word_1_123' title='bbox 2300 2466 2633 2527; x_wconf 75' lang='lat' dir='ltr'><strong>accrescat.</strong></span> <span class='ocrx_word' id='word_1_124' title='bbox 2702 2460 2880 2539; x_wconf 86' lang='lat' dir='ltr'><strong>Quae</strong></span> <span class='ocrx_word' id='word_1_125' title='bbox 2910 2462 3054 2547; x_wconf 86' lang='lat' dir='ltr'><strong>quia</strong></span> 
     </span>
     <span class='ocr_line' id='line_1_18' title="bbox 698 2576 3051 2664; baseline 0 -21"><span class='ocrx_word' id='word_1_126' title='bbox 698 2576 867 2644; x_wconf 88' lang='lat' dir='ltr'><strong>inter</strong></span> <span class='ocrx_word' id='word_1_127' title='bbox 919 2597 1032 2645; x_wconf 83' lang='lat' dir='ltr'><strong>vos</strong></span> <span class='ocrx_word' id='word_1_128' title='bbox 1092 2577 1479 2663; x_wconf 83' lang='lat' dir='ltr'><strong>aliquamdiu</strong></span> <span class='ocrx_word' id='word_1_129' title='bbox 1534 2577 1740 2664; x_wconf 85' lang='lat' dir='ltr'><strong>tepuit</strong></span> <span class='ocrx_word' id='word_1_130' title='bbox 1798 2582 1863 2644; x_wconf 85' lang='lat' dir='ltr'><strong>et</strong></span> <span class='ocrx_word' id='word_1_131' title='bbox 1916 2577 2172 2644; x_wconf 90' lang='lat' dir='ltr'><strong>odorem</strong></span> <span class='ocrx_word' id='word_1_132' title='bbox 2235 2577 2435 2644; x_wconf 89' lang='lat' dir='ltr'><strong>bonae</strong></span> <span class='ocrx_word' id='word_1_133' title='bbox 2502 2577 2823 2664; x_wconf 86' lang='lat' dir='ltr'><strong>opinionis</strong></span> <span class='ocrx_word' id='word_1_134' title='bbox 2881 2598 3051 2661; x_wconf 75' lang='lat' dir='ltr'><strong>suae,</strong></span> 
     </span>
     <span class='ocr_line' id='line_1_19' title="bbox 699 2693 3052 2779; baseline -0 -19"><span class='ocrx_word' id='word_1_135' title='bbox 699 2715 893 2779; x_wconf 87' lang='lat' dir='ltr'><strong>supra</strong></span> <span class='ocrx_word' id='word_1_136' title='bbox 939 2714 1129 2779; x_wconf 88' lang='lat' dir='ltr'><strong>quam</strong></span> <span class='ocrx_word' id='word_1_137' title='bbox 1172 2714 1428 2760; x_wconf 88' lang='lat' dir='ltr'><strong>necesse</strong></span> <span class='ocrx_word' id='word_1_138' title='bbox 1476 2699 1661 2777; x_wconf 86' lang='lat' dir='ltr'><strong>esset,</strong></span> <span class='ocrx_word' id='word_1_139' title='bbox 1710 2693 2009 2777; x_wconf 85' lang='lat' dir='ltr'><strong>turbavit,</strong></span> <span class='ocrx_word' id='word_1_140' title='bbox 2059 2695 2432 2760; x_wconf 86' lang='lat' dir='ltr'><strong>auctoritate</strong></span> <span class='ocrx_word' id='word_1_141' title='bbox 2477 2715 2516 2760; x_wconf 89' lang='lat' dir='ltr'><strong>a</strong></span> <span class='ocrx_word' id='word_1_142' title='bbox 2545 2694 2680 2760; x_wconf 87' lang='lat' dir='ltr'><strong>Deo</strong></span> <span class='ocrx_word' id='word_1_143' title='bbox 2725 2693 2914 2761; x_wconf 90' lang='lat' dir='ltr'><strong>nobis</strong></span> <span class='ocrx_word' id='word_1_144' title='bbox 2958 2695 3052 2759; x_wconf 90' lang='lat' dir='ltr'><strong>in-</strong></span> 
     </span>
     <span class='ocr_line' id='line_1_20' title="bbox 699 2808 3055 2896; baseline 0 -21"><span class='ocrx_word' id='word_1_145' title='bbox 699 2809 877 2883; x_wconf 87' lang='lat' dir='ltr'><strong>dulta</strong></span> <span class='ocrx_word' id='word_1_146' title='bbox 919 2810 1096 2877; x_wconf 83' lang='lat' dir='ltr'><strong>vobis</strong></span> <span class='ocrx_word' id='word_1_147' title='bbox 1143 2810 1547 2896; x_wconf 85' lang='lat' dir='ltr'><strong>precipimus,</strong></span> <span class='ocrx_word' id='word_1_148' title='bbox 1597 2814 1687 2893; x_wconf 84' lang='lat' dir='ltr'><strong>ut,</strong></span> <span class='ocrx_word' id='word_1_149' title='bbox 1735 2810 2129 2892; x_wconf 81' lang='lat' dir='ltr'><strong>congregatis</strong></span> <span class='ocrx_word' id='word_1_150' title='bbox 2160 2808 2238 2874; x_wconf 89' lang='lat' dir='ltr'><strong>de</strong></span> <span class='ocrx_word' id='word_1_151' title='bbox 2274 2809 2541 2875; x_wconf 84' lang='lat' dir='ltr'><strong>circuitu</strong></span> <span class='ocrx_word' id='word_1_152' title='bbox 2584 2809 2900 2893; x_wconf 81' lang='lat' dir='ltr'><strong>religiosis</strong></span> <span class='ocrx_word' id='word_1_153' title='bbox 2945 2810 3055 2875; x_wconf 86' lang='lat' dir='ltr'><strong>ab·</strong></span> 
     </span>
     <span class='ocr_line' id='line_1_21' title="bbox 699 2923 3051 3009; baseline 0 -18"><span class='ocrx_word' id='word_1_154' title='bbox 699 2925 947 2992; x_wconf 87' lang='lat' dir='ltr'><strong>batibus</strong></span> <span class='ocrx_word' id='word_1_155' title='bbox 994 2925 1326 3009; x_wconf 89' lang='lat' dir='ltr'><strong>Floriensi,</strong></span> <span class='ocrx_word' id='word_1_156' title='bbox 1372 2924 1727 3007; x_wconf 88' lang='lat' dir='ltr'><strong>Broniensi,</strong></span> <span class='ocrx_word' id='word_1_157' title='bbox 1776 2923 2247 2992; x_wconf 86' lang='lat' dir='ltr'><strong>Gemblacensi·</strong></span> <span class='ocrx_word' id='word_1_158' title='bbox 2292 2932 2357 2992; x_wconf 88' lang='lat' dir='ltr'><strong>et</strong></span> <span class='ocrx_word' id='word_1_159' title='bbox 2399 2924 2449 2990; x_wconf 89' lang='lat' dir='ltr'>F</span> <span class='ocrx_word' id='word_1_160' title='bbox 2452 2924 2813 3009; x_wconf 89' lang='lat' dir='ltr'><strong>loreffiensi,</strong></span> <span class='ocrx_word' id='word_1_161' title='bbox 2859 2926 3051 2992; x_wconf 82' lang='lat' dir='ltr'><strong>talem</strong></span> 
     </span>
     <span class='ocr_line' id='line_1_22' title="bbox 697 3041 3054 3127; baseline 0 -19"><span class='ocrx_word' id='word_1_162' title='bbox 697 3041 877 3108; x_wconf 82' lang='lat' dir='ltr'><strong>vobis</strong></span> <span class='ocrx_word' id='word_1_163' title='bbox 934 3042 1181 3126; x_wconf 87' lang='lat' dir='ltr'><strong>eligatis</strong></span> <span class='ocrx_word' id='word_1_164' title='bbox 1239 3046 1589 3127; x_wconf 84' lang='lat' dir='ltr'><strong>pastorem,</strong></span> <span class='ocrx_word' id='word_1_165' title='bbox 1647 3042 1757 3126; x_wconf 89' lang='lat' dir='ltr'><strong>qui</strong></span> <span class='ocrx_word' id='word_1_166' title='bbox 1811 3041 1943 3108; x_wconf 86' lang='lat' dir='ltr'><strong>iam</strong></span> <span class='ocrx_word' id='word_1_167' title='bbox 1995 3061 2160 3127; x_wconf 89' lang='lat' dir='ltr'><strong>pene</strong></span> <span class='ocrx_word' id='word_1_168' title='bbox 2218 3046 2568 3108; x_wconf 86' lang='lat' dir='ltr'><strong>emortuam</strong></span> <span class='ocrx_word' id='word_1_169' title='bbox 2612 3042 2681 3107; x_wconf 92' lang='grc'><strong>111</strong></span> <span class='ocrx_word' id='word_1_170' title='bbox 2726 3041 2910 3108; x_wconf 82' lang='lat' dir='ltr'><strong>vobis</strong></span> <span class='ocrx_word' id='word_1_171' title='bbox 2955 3063 3054 3108; x_wconf 87' lang='lat' dir='ltr'><strong>re·</strong></span> 
     </span>
     <span class='ocr_line' id='line_1_23' title="bbox 700 3157 1706 3242; baseline -0.003 -17"><span class='ocrx_word' id='word_1_172' title='bbox 700 3158 963 3227; x_wconf 81' lang='lat' dir='ltr'><strong>suscitet</strong></span> <span class='ocrx_word' id='word_1_173' title='bbox 1005 3159 1394 3242; x_wconf 82' lang='lat' dir='ltr'><strong>religionem.</strong></span> <span class='ocrx_word' id='word_1_174' title='bbox 1466 3157 1706 3225; x_wconf 86' lang='lat' dir='ltr'><strong>Valete.</strong></span> 
     </span>
    </p>
   </div>
   <div class='ocr_carea' id='block_1_7' title="bbox 1659 3315 2087 3328">
    <p class='ocr_par' dir='ltr' id='par_1_7' title="bbox 1659 3315 2087 3328">
     <span class='ocr_line' id='line_1_24' title="bbox 1659 3315 2087 3328; baseline 0 1914"><span class='ocrx_word' id='word_1_175' title='bbox 1659 3315 2087 3328; x_wconf 95' lang='lat' dir='ltr'><strong> </strong></span> 
     </span>
    </p>
   </div>
   <div class='ocr_carea' id='block_1_8' title="bbox 707 3476 3048 3567">
    <p class='ocr_par' dir='ltr' id='par_1_8' title="bbox 707 3476 3048 3567">
     <span class='ocr_line' id='line_1_25' title="bbox 707 3476 3048 3567; baseline -0.001 -20"><span class='ocrx_word' id='word_1_176' title='bbox 707 3476 883 3547; x_wconf 88' lang='lat'><strong>371.</strong></span> <span class='ocrx_word' id='word_1_177' title='bbox 929 3482 1257 3567; x_wconf 72' lang='lat' dir='ltr'><strong>Cataloyus</strong></span> <span class='ocrx_word' id='word_1_178' title='bbox 1305 3482 1593 3547; x_wconf 81' lang='lat' dir='ltr'><strong>abbatum</strong></span> <span class='ocrx_word' id='word_1_179' title='bbox 1639 3478 2243 3543; x_wconf 79' lang='lat' dir='ltr'><strong>Walciodorensium.</strong></span> <span class='ocrx_word' id='word_1_180' title='bbox 2727 3477 2838 3560; x_wconf 84' lang='grc' dir='ltr'><strong>(Μ.</strong></span> <span class='ocrx_word' id='word_1_181' title='bbox 2873 3480 3048 3561; x_wconf 83' lang='lat'>351.)</span> 
     </span>
    </p>
   </div>
   <div class='ocr_carea' id='block_1_9' title="bbox 525 3618 3051 4403">
    <p class='ocr_par' dir='ltr' id='par_1_9' title="bbox 525 3618 3051 4403">
     <span class='ocr_line' id='line_1_26' title="bbox 525 3618 3051 3710; baseline 0.003 -30"><span class='ocrx_word' id='word_1_182' title='bbox 525 3626 665 3680; x_wconf 81' lang='lat'>1152</span> <span class='ocrx_word' id='word_1_183' title='bbox 721 3666 724 3669; x_wconf 24' lang='lat' dir='ltr'>v</span> <span class='ocrx_word' id='word_1_184' title='bbox 883 3621 1056 3688; x_wconf 86' lang='lat' dir='ltr'><strong>Haec</strong></span> <span class='ocrx_word' id='word_1_185' title='bbox 1100 3627 1248 3687; x_wconf 86' lang='lat' dir='ltr'><strong>sunt</strong></span> <span class='ocrx_word' id='word_1_186' title='bbox 1290 3621 1551 3687; x_wconf 85' lang='lat' dir='ltr'><strong>nomina</strong></span> <span class='ocrx_word' id='word_1_187' title='bbox 1586 3620 1903 3703; x_wconf 85' lang='lat' dir='ltr'><strong>abbatum,</strong></span> <span class='ocrx_word' id='word_1_188' title='bbox 1950 3619 2059 3703; x_wconf 89' lang='lat' dir='ltr'><strong>qui</strong></span> <span class='ocrx_word' id='word_1_189' title='bbox 2090 3618 2584 3686; x_wconf 86' lang='lat' dir='ltr'><strong>Walciodorensi</strong></span> <span class='ocrx_word' id='word_1_190' title='bbox 2615 3622 2879 3688; x_wconf 87' lang='lat' dir='ltr'><strong>cenobio</strong></span> <span class='ocrx_word' id='word_1_191' title='bbox 2907 3643 3051 3710; x_wconf 87' lang='lat' dir='ltr'><strong>pre-</strong></span> 
     </span>
     <span class='ocr_line' id='line_1_27' title="bbox 703 3736 3050 3824; baseline 0.001 -21"><span class='ocrx_word' id='word_1_192' title='bbox 703 3737 960 3804; x_wconf 87' lang='lat' dir='ltr'><strong>fuerunt</strong></span> <span class='ocrx_word' id='word_1_193' title='bbox 1015 3744 1079 3804; x_wconf 86' lang='lat' dir='ltr'><strong>et</strong></span> <span class='ocrx_word' id='word_1_194' title='bbox 1123 3737 1593 3805; x_wconf 88' lang='lat' dir='ltr'><strong>Hasteriensem</strong></span> <span class='ocrx_word' id='word_1_195' title='bbox 1652 3736 2020 3804; x_wconf 83' lang='lat' dir='ltr'><strong>aecclesiam</strong></span> <span class='ocrx_word' id='word_1_196' title='bbox 2075 3756 2219 3802; x_wconf 87' lang='lat' dir='ltr'><strong>cum</strong></span> <span class='ocrx_word' id='word_1_197' title='bbox 2275 3736 2566 3803; x_wconf 88' lang='lat' dir='ltr'><strong>omnibus</strong></span> <span class='ocrx_word' id='word_1_198' title='bbox 2621 3737 2753 3804; x_wconf 89' lang='lat' dir='ltr'><strong>suis</strong></span> <span class='ocrx_word' id='word_1_199' title='bbox 2814 3758 3050 3824; x_wconf 84' lang='lat' dir='ltr'><strong>appen-</strong></span> 
     </span>
     <span class='ocr_line' id='line_1_28' title="bbox 705 3852 3049 3920; baseline 0 0"><span class='ocrx_word' id='word_1_200' title='bbox 705 3853 887 3920; x_wconf 81' lang='lat' dir='ltr'><strong>diciis</strong></span> <span class='ocrx_word' id='word_1_201' title='bbox 936 3853 1053 3919; x_wconf 89' lang='lat' dir='ltr'><strong>sub</strong></span> <span class='ocrx_word' id='word_1_202' title='bbox 1098 3854 1283 3920; x_wconf 89' lang='lat' dir='ltr'><strong>unius</strong></span> <span class='ocrx_word' id='word_1_203' title='bbox 1331 3853 1619 3920; x_wconf 86' lang='lat' dir='ltr'><strong>abbatiae</strong></span> <span class='ocrx_word' id='word_1_204' title='bbox 1665 3853 1919 3918; x_wconf 90' lang='lat' dir='ltr'><strong>nomine</strong></span> <span class='ocrx_word' id='word_1_205' title='bbox 1965 3852 2156 3919; x_wconf 89' lang='lat' dir='ltr'><strong>simul</strong></span> <span class='ocrx_word' id='word_1_206' title='bbox 2198 3858 2567 3919; x_wconf 85' lang='lat' dir='ltr'><strong>tenuerunt:</strong></span> <span class='ocrx_word' id='word_1_207' title='bbox 2614 3852 2904 3920; x_wconf 85' lang='lat' dir='ltr'><strong>Domnus</strong></span> <span class='ocrx_word' id='word_1_208' title='bbox 2932 3853 2983 3920; x_wconf 88' lang='lat' dir='ltr'>F</span> <span class='ocrx_word' id='word_1_209' title='bbox 2985 3875 3049 3919; x_wconf 86' lang='lat' dir='ltr'><strong>o—</strong></span> 
     </span>
     <span class='ocr_line' id='line_1_29' title="bbox 704 3968 3048 4055; baseline 0 -20"><span class='ocrx_word' id='word_1_210' title='bbox 704 3990 1026 4037; x_wconf 85' lang='lat' dir='ltr'><strong>rannanus</strong></span> <span class='ocrx_word' id='word_1_211' title='bbox 1072 3971 1403 4055; x_wconf 87' lang='lat' dir='ltr'><strong>episcopus</strong></span> <span class='ocrx_word' id='word_1_212' title='bbox 1450 3974 1516 4036; x_wconf 89' lang='lat' dir='ltr'><strong>et</strong></span> <span class='ocrx_word' id='word_1_213' title='bbox 1562 3969 1788 4053; x_wconf 83' lang='lat' dir='ltr'><strong>abbas,</strong></span> <span class='ocrx_word' id='word_1_214' title='bbox 1847 3969 2113 4035; x_wconf 89' lang='lat' dir='ltr'><strong>domnus</strong></span> <span class='ocrx_word' id='word_1_215' title='bbox 2159 3968 2439 4053; x_wconf 87' lang='lat' dir='ltr'><strong>Kadroe,</strong></span> <span class='ocrx_word' id='word_1_216' title='bbox 2486 3969 2754 4037; x_wconf 85' lang='lat' dir='ltr'><strong>domnus</strong></span> <span class='ocrx_word' id='word_1_217' title='bbox 2800 3969 3048 4036; x_wconf 70' lang='lat' dir='ltr'><strong>Macha-</strong></span> 
     </span>
     <span class='ocr_line' id='line_1_30' title="bbox 704 4084 3047 4171; baseline 0.001 -20"><span class='ocrx_word' id='word_1_218' title='bbox 704 4085 909 4171; x_wconf 76' lang='lat' dir='ltr'><strong>lanuS,</strong></span> <span class='ocrx_word' id='word_1_219' title='bbox 957 4086 1224 4153; x_wconf 88' lang='lat' dir='ltr'><strong>domnus</strong></span> <span class='ocrx_word' id='word_1_220' title='bbox 1270 4086 1490 4169; x_wconf 84' lang='lat' dir='ltr'><strong>Immo,</strong></span> <span class='ocrx_word' id='word_1_221' title='bbox 1537 4086 1804 4151; x_wconf 85' lang='lat' dir='ltr'><strong>domnus</strong></span> <span class='ocrx_word' id='word_1_222' title='bbox 1837 4085 2277 4168; x_wconf 86' lang='lat' dir='ltr'><strong>Theodericus,</strong></span> <span class='ocrx_word' id='word_1_223' title='bbox 2324 4085 2591 4151; x_wconf 84' lang='lat' dir='ltr'><strong>domnus</strong></span> <span class='ocrx_word' id='word_1_224' title='bbox 2634 4084 2685 4151; x_wconf 90' lang='lat' dir='ltr'>F</span> <span class='ocrx_word' id='word_1_225' title='bbox 2687 4086 3047 4168; x_wconf 80' lang='lat' dir='ltr'><strong>rimbertus,</strong></span> 
     </span>
     <span class='ocr_line' id='line_1_31' title="bbox 706 4200 3047 4285; baseline 0.001 -17"><span class='ocrx_word' id='word_1_226' title='bbox 706 4202 973 4275; x_wconf 89' lang='lat' dir='ltr'><strong>domnus</strong></span> <span class='ocrx_word' id='word_1_227' title='bbox 1037 4202 1374 4285; x_wconf 77' lang='lat' dir='ltr'><strong>Rodulqu,</strong></span> <span class='ocrx_word' id='word_1_228' title='bbox 1454 4201 1724 4268; x_wconf 87' lang='lat' dir='ltr'><strong>domnus</strong></span> <span class='ocrx_word' id='word_1_229' title='bbox 1789 4200 2198 4285; x_wconf 87' lang='lat' dir='ltr'><strong>Lambertus,</strong></span> <span class='ocrx_word' id='word_1_230' title='bbox 2277 4201 2544 4268; x_wconf 87' lang='lat' dir='ltr'><strong>domnus</strong></span> <span class='ocrx_word' id='word_1_231' title='bbox 2612 4200 3047 4285; x_wconf 80' lang='lat' dir='ltr'><strong>Godescalous,</strong></span> 
     </span>
     <span class='ocr_line' id='line_1_32' title="bbox 705 4317 2155 4403; baseline -0.001 -18"><span class='ocrx_word' id='word_1_232' title='bbox 705 4317 973 4386; x_wconf 88' lang='lat' dir='ltr'><strong>domnus</strong></span> <span class='ocrx_word' id='word_1_233' title='bbox 1017 4318 1355 4403; x_wconf 85' lang='lat' dir='ltr'><strong>Widricus,</strong></span> <span class='ocrx_word' id='word_1_234' title='bbox 1401 4318 1670 4385; x_wconf 87' lang='lat' dir='ltr'><strong>domnus</strong></span> <span class='ocrx_word' id='word_1_235' title='bbox 1717 4317 2155 4384; x_wconf 88' lang='lat' dir='ltr'><strong>Theodericus.</strong></span> 
     </span>
    </p>
   </div>
   <div class='ocr_carea' id='block_1_10' title="bbox 1663 4486 2091 4501">
    <p class='ocr_par' dir='ltr' id='par_1_10' title="bbox 1663 4486 2091 4501">
     <span class='ocr_line' id='line_1_33' title="bbox 1663 4486 2091 4501; baseline 0 0"><span class='ocrx_word' id='word_1_236' title='bbox 1663 4486 2091 4501; x_wconf 95' lang='lat' dir='ltr'><strong> </strong></span> 
     </span>
    </p>
   </div>
   <div class='ocr_carea' id='block_1_11' title="bbox 847 4574 1398 4623">
    <p class='ocr_par' dir='ltr' id='par_1_11' title="bbox 847 4574 1398 4623">
     <span class='ocr_line' id='line_1_34' title="bbox 847 4574 1398 4623; baseline 0.002 -1"><span class='ocrx_word' id='word_1_237' title='bbox 847 4590 890 4622; x_wconf 65' lang='grc' dir='ltr'><strong>ι.</strong></span> <span class='ocrx_word' id='word_1_238' title='bbox 933 4574 1264 4623; x_wconf 70' lang='lat' dir='ltr'><strong>Glemblacensi</strong></span> <span class='ocrx_word' id='word_1_239' title='bbox 1296 4577 1398 4623; x_wconf 80' lang='lat' dir='ltr'><strong>cod.</strong></span> 
     </span>
    </p>
   </div>
  </div>
 </body>
</html>
