3319 5242
695 443 826 510 242
1451 456 1748 505 wmsnm
1790 454 2119 505 smsrom
2170 452 2276 500 150.

493 609 629 663 1146
691 605 973 670 iacturae
1001 601 1285 669 subicere
1314 605 1682 683 statuenteS,
1730 619 1920 684 quam
1949 596 2392 664 Corbeiensem
2421 593 2791 661 aecclesiam
2822 595 3031 657 nostro

465 682 574 729 Dm
603 685 661 729 ¹²
693 720 953 786 consilio
1001 724 1064 785 et
1109 718 1341 785 auxilio
1387 722 1607 784 contra
1649 715 1921 802 predicti
1965 713 2248 780 Heinrici
2294 713 2568 799 impetus
2612 709 2877 776 nudare.

466 849 576 897 Dec.
603 852 660 897 18
871 835 1137 901 Dimissi
1181 855 1328 918 ergo
1374 835 1414 900 a
1454 833 1631 917 regia
1676 831 1881 914 curia,
1938 831 2341 917 pervenimus
2386 828 2718 894 Gorbeiam
2769 827 2853 892 15
2900 821 3033 890 Kal.

694 951 999 1034 Ianuarii3
1046 950 1156 1017 ubi
1199 949 1477 1016 mirabili
1520 949 1806 1015 omnium
1847 948 2066 1013 favore
2111 946 2388 1032 suscepti
2432 945 2687 1010 fuimus.

519 1078 656 1132 1147
869 1068 1251 1134 Nunciatum
1309 1070 1404 1132 est
1446 1065 1628 1131 nobis
1675 1062 2002 1130 Goslariae
2046 1061 2245 1128 Nonis
2291 1061 2598 1143 Ianuarii,
2659 1056 2833 1142 quod
2878 1056 3042 1121 idem

506 1152 600 1198 Μ’
630 1153 658 1198 ⁵
693 1183 1027 1253 Heinricus
1073 1182 1152 1250 ab
1182 1181 1358 1248 Urbe
1398 1186 1565 1247 esset
1607 1200 1919 1263 reversus,
1967 1179 2246 1245 confecto
2292 1176 2570 1260 negocio.
2642 1173 2771 1239 Nos
2807 1179 3045 1254 tamen,

694 1299 937 1387 Spiritu
994 1304 1210 1366 sancto
1267 1297 1634 1381 roborante,
1699 1295 2120 1382 processimus
2178 1293 2259 1359 ad
2323 1313 2427 1358 res
2488 1289 2829 1357 aecclesiae
2886 1288 3048 1355 obti-

690 1417 960 1499 nendas;
1024 1422 1088 1482 et
1131 1420 1352 1482 contra
1396 1434 1576 1501 spem
1619 1412 1881 1478 humani
1924 1410 2141 1478 iudicii
2187 1414 2318 1475 tam
2362 1427 2687 1494 personas,
2743 1426 2910 1491 quae
2954 1403 3052 1469 ini

689 1532 935 1599 fidelius
997 1532 1404 1615 adheserant,
1463 1550 1653 1616 quam
1708 1528 2170 1616 possessiones,
2228 1544 2383 1611 quas
2438 1525 2576 1610 ipse
2637 1522 3053 1602 alienaverat,

693 1650 928 1735 absque
973 1648 1233 1715 maioris
1280 1645 1671 1713 difficultatis
1718 1642 2037 1712 obstaculo
2069 1642 2440 1728 recepimus.
2512 1638 2683 1704 Heae
2714 1658 2871 1704 vero
2904 1640 3055 1703 sunt

690 1766 1145 1853 possessiones,
1193 1784 1349 1849 quas
1395 1762 1643 1830 liberali
1689 1782 1882 1827 manu
1926 1764 2074 1846 post
2118 1756 2576 1845 depositionem
2623 1774 2803 1820 suam
2854 1753 3058 1819 dona-

693 1888 900 1948 verat:
960 1882 1030 1946 in
1084 1879 1553 1966 Gropensteden
1611 1878 1839 1961 viginti
1899 1896 2187 1956 mansus3
2252 1874 2320 1938 in
2373 1870 2750 1937 Nortlandia
2801 1876 3060 1936 curtem

693 1998 1008 2082 integrm
1035 1996 1382 2081 Loningen,
1429 2000 1671 2063 curtem
1716 1995 2030 2077 integram
2059 1989 2423 2071 Buochorn3
2470 1988 2538 2053 in
2584 1993 2759 2054 curte
2784 1985 3061 2053 Visbich

692 2114 850 2180 duos
896 2134 1183 2195 mansus3
1230 2114 1300 2178 in
1344 2117 1520 2179 curte
1568 2110 1745 2177 loten
1772 2130 1987 2175 unum
2030 2126 2356 2189 mansum3
2403 2107 2472 2172 in
2490 2130 2493 2133 ·
2512 2111 2687 2171 curte
2724 2101 3064 2171 Werleten

693 2252 888 2298 unum
941 2249 1265 2310 mansum;
1333 2229 1401 2295 in
1456 2234 1633 2295 curte
1689 2225 2107 2311 Mettesthorp
2167 2244 2364 2290 unum
2418 2241 2741 2304 mansum,
2800 2226 2871 2285 et
2935 2218 3067 2285 alia

693 2347 1019 2433 quaedam.
1180 2345 1354 2423 Quae
1398 2346 1696 2411 universa
1738 2364 1853 2409 nos
1900 2341 2036 2407 Deo
2084 2340 2366 2427 propicio
2412 2337 2959 2425 recuperavimus

873 2462 985 2530 Set
1028 2483 1264 2546 rumor,
1313 2482 1503 2547 quem
1547 2479 1991 2546 acceperamus
2038 2457 2116 2523 de
2162 2456 2332 2522 illius
2369 2453 2798 2536 restitucione,
2848 2470 3071 2517 vanus

692 2578 847 2660 fuit3
895 2579 1193 2665 quoniam
1239 2598 1438 2663 usque
1471 2577 1625 2644 adeo
1671 2575 1831 2642 nihil
1878 2574 2026 2659 egit,
2072 2578 2146 2640 ut
2188 2573 2226 2640 a
2255 2572 2403 2640 sede
2435 2569 2781 2658 apostolica
2809 2568 3071 2655 absque

693 2696 965 2761 formata
1009 2693 1280 2781 epistola
1321 2694 1583 2760 redierit
1627 2714 1744 2759 nec
1788 2691 2033 2758 litteras
2075 2689 2630 2757 commendaticias
2662 2706 2779 2752 nec
2806 2685 3072 2772 recepti

693 2811 1100 2878 sacerdotalis
1148 2809 1338 2876 officii
1381 2815 1444 2875 et
1474 2808 1887 2875 absolutionis
1918 2828 2068 2874 suae
2101 2807 2179 2874 ab
2212 2802 2882 2872 excommunicationis
2916 2802 3075 2867 vin-

663 2926 832 2994 ·culo
878 2927 1311 2994 testimonium
1355 2926 1638 2992 referret.
1713 2924 1877 3003 Quid
1922 2945 2070 2991 vero
2116 2923 2195 2989 de
2235 2921 2520 3009 epistolis
2552 2922 2591 2987 a
2620 2920 2851 2986 domno
2882 2938 3079 3004 papa

695 3043 1105 3129 accipiendis,
1165 3042 1461 3129 precipue
1509 3040 1588 3108 ab
1632 3039 1765 3125 his,
1821 3040 1930 3126 qui
1975 3040 2056 3105 ad
2100 3040 2311 3126 ipsum
2356 3037 2680 3103 venientes
2725 3034 3079 3117 negotium

692 3158 955 3243 habent,
1016 3179 1199 3225 sacra
1242 3178 1556 3225 canonum
1602 3157 1945 3222 auctoritas
1993 3155 2318 3238 decernat,
2377 3158 2591 3220 vestra
2632 3150 2875 3217 melius·
2911 3171 3079 3217 eru-

693 3275 850 3341 ditio
896 3275 1091 3341 novit.

872 3391 1129 3457 Cunctis
1176 3390 1390 3474 itaque
1435 3388 1932 3455 dissensionibus
1963 3386 2358 3453 Gorbeiensis
2407 3381 2746 3450 aecclesiae
2787 3386 2932 3445 tam
2966 3383 3084 3448 in-

694 3512 797 3574 tus
845 3527 1037 3592 quam
1081 3506 1236 3572 foris
1282 3526 1398 3591 per
1441 3504 1563 3570 Dei
1608 3503 2110 3571 misericordiam
2155 3501 2379 3588 sopitis
2426 3498 2841 3581 omnibusque
2886 3496 3083 3563 djffi·

528 3640 660 3686 Mart.
696 3623 1036 3690 cultatibus
1084 3619 1519 3707 complanatis,
1565 3621 1746 3686 missi
1790 3621 2025 3686 fuimus
2073 3641 2111 3685 a
2152 3619 2384 3685 domno
2415 3636 2563 3700 rege
2593 3634 2739 3680 eum
2760 3610 3085 3680 Worma-

696 3735 928 3805 ciensi¹
960 3743 1023 3804 et
1053 3736 1615 3820 Havelebergensi·
1649 3737 1962 3822 episcopis
1995 3735 2246 3803 obviam
2275 3734 2504 3800 domno
2537 3750 2740 3818 papae
2761 3727 3083 3812 Eugenio

697 3855 1078 3938 ingredienti
1134 3853 1406 3921 Galliam
1461 3852 1809 3919 Comatam.
1893 3851 2011 3918 Cui
2073 3851 2462 3917 occurrimus
2518 3848 2588 3914 in
2645 3845 2881 3933 oppido
2946 3846 3087 3913 Di·

453 3993 585 4040 Mart.
604 3994 676 4040 30·
697 3971 901 4036 vionis
947 3973 987 4037 3
1035 3969 1173 4036 Kal.
1209 3970 1452 4057 Aprilis
1499 3989 1664 4035 anno
1695 3967 1956 4034 Domini
1991 3970 2181 4034 1147.
2332 3965 2452 4032 Cui
2495 3983 2640 4030 cum
2683 3967 3087 4045 suggestum

699 4093 883 4170 esset,
930 4087 1097 4172 quod
1148 4107 1263 4153 nos
1312 4085 1615 4152 aecclesia
1661 4083 2056 4151 Corbeiensis
2100 4085 2168 4150 in
2214 4082 2507 4149 abbatem
2552 4078 2876 4162 elegisset,
2925 4079 3087 4146 dis-

699 4204 973 4268 cretione
1031 4202 1378 4290 apostolica
1444 4207 1508 4267 et
1564 4199 2001 4285 providentiae
2061 4198 2400 4282 singularis
2470 4194 2715 4262 cautela
2770 4192 3087 4278 edoctus,

699 4318 904 4384 nullas
963 4318 1298 4386 aecclesiae
1344 4316 1712 4384 Gorbeiensi
1767 4317 1901 4384 sive
1957 4317 2025 4381 in
2078 4314 2429 4402 privilegiis
2475 4313 2607 4378 sive
2650 4311 2720 4376 in
2765 4311 3090 4396 epistolis

700 4435 816 4501 sub
871 4434 1124 4500 nomine
1179 4440 1395 4500 nostro
1452 4433 1698 4500 litteras
1761 4432 2036 4516 dirigere
2092 4431 2324 4514 voluit,
2380 4430 2505 4495 nisi
2559 4428 2737 4514 prius
2793 4426 2876 4493 de
2919 4433 3090 4498 tota

844 4563 884 4595 a.
928 4548 1263 4606 Havebergeusi
1295 4567 1336 4596 c.

847 4630 895 4680 1.
933 4627 1210 4682 Buccone.
