3319 5242
1054 492 1367 543 muzus
1413 493 1874 543 consummas
2543 474 2632 541 43

477 637 664 703 1115.
730 635 1012 704 Saxones
1052 642 1271 703 contra
1299 635 1668 703 Heinricum
1692 635 1748 701 V
1778 635 2016 702 bellum
2054 635 2335 701 fecerunt
2374 636 2443 702 in
2463 632 2633 702 Wel-

319 752 597 839 peshulte,
646 753 769 820 Dei
814 755 1020 837 gratia
1059 754 1348 820 victores.
1485 752 1756 831 Quidam
1797 772 1948 818 vero
1994 751 2292 818 scelestus
2321 751 2633 818 Burchar-

320 868 444 952 dus,
502 889 728 936 manus
786 876 1007 936 contra
1060 868 1381 935 Christum
1435 868 1726 952 mittens,
1783 868 2284 935 Erchenbertum
2341 868 2634 935 abbatem

316 984 656 1071 captivavit,
702 991 768 1051 et
809 991 883 1051 ut
928 977 1060 1052 200
1102 990 1361 1051 marcas
1394 985 1768 1068 exsolveret,
1813 989 2028 1071 preter
2057 1005 2218 1070 quae
2243 985 2313 1051 in
2343 986 2633 1071 captione

317 1101 531 1186 amisit,
593 1101 829 1186 coegit,
884 1122 1000 1189 per
1043 1102 1162 1167 hoc
1205 1122 1352 1168 vere
1397 1100 1629 1167 inferni
1674 1121 1871 1187 penas
1915 1106 2261 1183 mercatus3
2310 1107 2520 1167 actum
2562 1101 2631 1167 in

315 1217 794 1302 quadragesima,
842 1218 944 1284 die
991 1217 1488 1284 annuntiationis
1533 1220 1790 1282 sanctae
1833 1215 2089 1283 Mariae.
2664 1229 2797 1277 Μαι.
2819 1231 2879 1278 25

470 1337 544 1400 11
558 1336 663 1400 16.
735 1332 1003 1400 Sanctus
1037 1333 1222 1400 Vitus
1266 1335 1334 1399 in
1380 1333 1532 1399 villa
1560 1331 1771 1399 Werle
1816 1334 2129 1418 quendam
2173 1332 2630 1418 demoniacum,

311 1467 435 1514 cum
494 1455 796 1537 parentes
865 1470 1010 1517 eum
1075 1455 1291 1516 nostro
1358 1450 1743 1516 monasterio
1801 1449 2233 1516 adducendum
2289 1450 2630 1532 vovissent,

308 1566 484 1632 menti
525 1567 831 1633 restituit.
968 1566 1223 1632 Bremia
1263 1571 1419 1650 tota,
1461 1564 1820 1633 Wormacia
1860 1585 1979 1652 pro
2023 1566 2250 1631 maiori
2294 1571 2477 1653 parte
2522 1586 2631 1633 ex-

309 1687 435 1748 usta
475 1688 592 1767 est,
644 1689 708 1749 et
748 1682 1170 1749 Frikenhurst
1186 1678 1220 1747 ¹.
1359 1681 1695 1748 Certamen
1741 1682 1909 1768 apud
1936 1680 2376 1749 Wormaciam.

467 1801 663 1866 1117.
734 1799 967 1866 Terrae
1011 1802 1222 1865 motus
1266 1817 1534 1882 magnus
1577 1798 1645 1863 in
1694 1796 1990 1864 Saxonia.

700 2199 1526 2279 CHRONOGRAPHUS
1595 2199 2225 2280 CORBEIENSIS.

461 2380 498 2442 ’7
503 2378 617 2445 90.
690 2377 826 2445 Hoc
881 2398 1047 2445 anno
1097 2377 1314 2444 hostili
1359 2378 1728 2464 pergatione
1769 2377 2039 2446 Karolus
2083 2399 2198 2446 rex
2240 2377 2633 2447 Pannoniam

298 2489 658 2560 devastavit.

460 2610 617 2678 844.
688 2609 826 2677 Hoc
882 2630 1047 2676 anno
1109 2607 1491 2677 Loutbarius
1546 2631 1662 2677 rex
1707 2608 2127 2696 Rugiacenses
2174 2610 2441 2680 Scravos
2457 2623 2479 2649 ·
2523 2613 2632 2681 de-

296 2723 502 2810 victos,
554 2732 623 2794 et
662 2747 811 2812 rege
855 2728 1141 2814 ipsorum
1184 2733 1511 2814 perempto
1543 2726 1914 2813 Gestimulo‚
1962 2729 2226 2794 tradidit
2258 2728 2407 2796 huic
2433 2749 2634 2798 novae

296 2838 588 2911 Corbeiae
597 2838 647 2909 ¹¹.
1190 2847 1193 2852 ⁴

474 2954 507 2988 ¹¹
552 2965 695 3028 Alia
719 2984 875 3019 manu
897 2964 1174 3020 saeoeXII
1192 2965 1374 3019 addita
1398 2964 1525 3019 haec
1546 2971 1694 3020 emt:
1741 2962 1891 3027 844.
1924 2959 2292 3026 Hlotharius
2332 2982 2446 3028 rex
2488 2980 2633 3028 cum

551 3073 966 3141 orientalibus
1011 3072 1272 3140 Francis
1315 3074 1493 3139 venit
1531 3075 1602 3139 in
1648 3074 1947 3159 slaviam,
1993 3074 2240 3160 Rugian
2269 3078 2630 3163 vocitatam,

550 3197 619 3258 et
662 3210 881 3257 eorum
924 3210 1138 3273 regem
1178 3187 1600 3256 Gestimulum
1645 3190 1894 3275 occidit„
1941 3197 2305 3279 ceterosque
2334 3194 2455 3261 sibi
2484 3195 2632 3262 sub-

552 3302 718 3392 egit²
765 3311 830 3372 et
873 3305 1049 3372 dedit
1095 3306 1393 3372 ecclesiae
1437 3327 1638 3373 novae
1684 3306 2002 3374 Corbeiae.

464 3425 660 3491 1090.
731 3422 870 3488 Hoc
916 3442 1080 3488 anno
1124 3441 1269 3487 cum
1314 3422 1729 3507 dubitaretur,
1784 3443 1866 3489 an
1912 3425 2080 3511 apud
2122 3445 2237 3491 nos
2283 3431 2451 3493 esset
2493 3447 2631 3494 cor-

295 3556 403 3623 pus
455 3539 729 3627 preciosi
782 3539 965 3624 pueri
1012 3543 1076 3605 et
1120 3536 1401 3604 martiris
1432 3538 1594 3623 viti,
1653 3540 1921 3606 domnus
1964 3539 2390 3608 Marcwardus
2437 3543 2631 3611 abbas

296 3671 426 3720 cum
471 3654 827 3723 senioribus
873 3655 1220 3739 inquirens,
1268 3674 1412 3720 cum
1458 3655 1749 3723 omnibus
1795 3675 1958 3742 pene
1990 3657 2291 3725 membris
2323 3659 2454 3725 suis
2486 3680 2630 3727 eum

293 3767 527 3838 invenit
570 3773 609 3837 ‘1
644 3771 792 3838 Idus
837 3770 998 3836 Iulii.

462 3887 690 3968 (1114)
739 3937 961 3953 .....
1008 3886 1156 3952 Dux
1190 3890 1400 3952 autem
1427 3883 1786 3971 Liutgerus,
1818 3889 1886 3954 in
1915 3888 2057 3974 ipsa
2087 3909 2203 3955 sua
2233 3891 2630 3977 expeditione

296 4000 369 4066 ad
419 4003 754 4070 interiores
803 4002 1025 4070 Slavos
1081 4002 1318 4068 habens
1376 4002 1442 4067 in
1503 4002 1737 4069 auxilio
1790 4005 2217 4072 marchionem
2262 4004 2628 4073 Heinricum

296 4112 675 4186 Stadensem.
794 4119 914 4198 Qui
980 4123 1384 4185 contraxerat
1450 4117 1994 4207 Scyrcipensiumb
2062 4120 2430 4189 Sclavorum
2497 4125 2630 4191 300

424 4327 467 4360 ι.
501 4302 668 4362 Se'flvos
700 4331 742 4360 c.
877 4316 925 4362 b.
961 4318 1031 4362 cic
1062 4325 1129 4363 est
1158 4317 1203 4361 in
1234 4319 1335 4375 ipso
1368 4315 1525 4362 cedit-o
1556 4325 1799 4363 correctum
1831 4316 2223 4378 Souroepemium.

429 4419 480 4473 1.
518 4417 891 4475 Frekenhorst
925 4434 1097 4489 prope
1134 4417 1478 4488 Warendorf,
1514 4435 1550 4475 a
1581 4419 1915 4477 Monasterio
1951 4422 2021 4477 ad
2059 4421 2339 4478 orientem.
2449 4422 2500 4475 2.
2539 4419 2625 4478 cf.

297 4517 401 4574 eos,
438 4507 533 4576 qui
567 4508 625 4562 in
660 4507 951 4564 annalibus
980 4506 1461 4565 Hersfeldensibus
1497 4509 1763 4578 nituntur,
1802 4510 2026 4566 annales
2050 4509 2533 4566 Hildesbemenses
2569 4514 2627 4566 et

298 4590 827 4667 Quedlinburgenses
861 4597 933 4654 ad
968 4612 1019 4654 a.
1044 4597 1151 4652 844
1185 4597 1244 4652 in
1278 4599 1425 4654 Mon.
1452 4597 1637 4655 Germ.
1663 4596 1759 4656 SS-
1787 4598 1886 4655 111.
1908 4599 1998 4656 46.
