3319 5242
719 416 850 482 216
1476 435 1775 507 wmanm
1817 434 2150 484 musmona
2194 435 2300 483 138.

540 579 682 635 1148
716 575 1034 644 mandatis
1081 582 1146 643 et
1189 576 1474 663 epistolis
1518 577 1746 644 vestris
1761 627 1781 660 ,
1836 583 2121 644 nostram
2181 580 2564 666 parvitatem
2622 579 2918 647 adierunt
2967 600 3060 647 ro-

569 652 669 700 oct'
717 697 959 778 gantes,
989 698 1061 759 ut
1092 693 1380 760 electioni
1411 713 1649 779 eorum,
1694 714 1886 779 quam
1926 696 2005 760 12
2038 694 2178 760 Kal.
2210 694 2587 763 Novembris
2614 697 2824 764 facere
2855 697 3060 785 dispo-

716 810 973 893 nebant,
1016 810 1463 878 interessemus
1483 807 1517 876 ¹.
1587 810 1719 877 Nos
1750 831 1898 877 vero
1935 812 2423 896 considerantes,
2460 813 2846 880 inmutatum
2874 814 3061 882 fuisse

718 931 954 992 statum
999 946 1224 993 causae
1280 933 1344 993 et
1399 926 1643 993 nullum
1700 927 1778 994 de
1824 947 1987 993 novo
2036 947 2075 992 a
2118 933 2368 995 vestrae
2413 930 2768 997 sanctitatis
2816 931 3063 998 celsitu-

718 1043 863 1109 dine
908 1042 1088 1108 nobis
1132 1064 1425 1109 manasse
1467 1044 1830 1130 imperium,
1877 1044 2095 1111 venire
2131 1044 2387 1130 quidem
2417 1045 2864 1131 dubitavimus,
2914 1068 3064 1134 quo-

717 1160 891 1226 niam
919 1160 1210 1245 frequens
1239 1179 1458 1226 rumor
1487 1159 1874 1243 insonuerat,
1921 1165 2259 1226 venturum
2287 1161 2422 1228 fore
2452 1162 2733 1247 legatum
2761 1170 3064 1249 vestrum,

718 1276 827 1362 qui
854 1275 906 1342 F
907 1276 1168 1343 uldense
1205 1276 1662 1342 monasterium
1701 1296 1817 1363 per
1847 1282 2048 1342 semet
2076 1277 2286 1363 ipsum
2318 1279 2672 1362 ordinaret3
2720 1280 3065 1348 direximus

714 1397 929 1458 tamen
976 1392 1067 1458 eis
1111 1412 1227 1478 per
1271 1392 1429 1458 duos
1474 1392 1703 1459 fratres
1748 1392 1994 1459 litteras
2051 1399 2332 1478 nostras,
2393 1415 2661 1480 quarum
2705 1397 3069 1484 exemplum

715 1514 963 1575 vestrae
1008 1527 1310 1575 censurae
1355 1527 1500 1574 cum
1545 1509 1946 1595 presentibus
1991 1509 2244 1577 mittere
2291 1512 2669 1578 curavimus.
2829 1513 3069 1580 Verum

715 1645 912 1711 parvo
958 1630 1243 1711 tempore
1284 1625 1633 1709 interiecto,
1681 1627 1855 1693 venit
1884 1627 1967 1692 ad
1995 1645 2110 1692 nos
2144 1627 2528 1694 camerarius
2555 1627 2607 1694 F
2609 1628 2892 1696 uldensis
2923 1650 3069 1696 cum

717 1741 915 1807 altero
964 1740 1237 1826 quodam
1279 1740 1478 1808 fratre
1524 1747 1588 1808 et
1632 1762 1777 1808 cum
1819 1742 2051 1809 litteris
2108 1748 2452 1810 conventus
2498 1745 2599 1810 sui
2642 1750 2777 1811 tam
2825 1734 2905 1812 ad
2951 1768 3069 1814 nos

718 1877 910 1944 quam
955 1857 1034 1922 ad
1079 1861 1367 1923 nostrum
1412 1864 1791 1924 conventum
1804 1854 1849 1942 ²,
1899 1859 2194 1945 quatinus
2230 1859 2310 1925 ob
2339 1861 2761 1928 reverentiam
2790 1863 3071 1930 nominis

717 1974 912 2039 vestri
947 1972 999 2039 F
1002 1971 1217 2038 uldam
1264 1972 1498 2058 absque
1544 1973 1865 2041 dilationis
1912 1976 2363 2062 impedimento
2409 1978 2788 2062 veniremus,
2835 1979 3070 2047 futuris

717 2089 808 2156 ibi
871 2089 1075 2155 tribus
1137 2089 1592 2175 prenominatis
1664 2090 1994 2158 abbatibus
2065 2096 2130 2158 et
2196 2091 2500 2160 electione
2559 2094 2640 2160 ad
2694 2095 3075 2163 mandatum

714 2211 997 2272 vestrum
1042 2205 1435 2291 celebranda,
1484 2207 1539 2272 si
1584 2227 1700 2293 per
1744 2207 2096 2274 absentiam
2139 2213 2425 2276 nostram
2467 2230 2595 2277 non
2630 2211 3070 2299 impediretur.

715 2321 1097 2406 Allegabant
1146 2327 1440 2409 preterea
1485 2322 1799 2390 defectum
1844 2326 2212 2392 monasterii
2256 2327 2356 2392 sui
2400 2326 2469 2393 in
2511 2328 2699 2395 rebus
2744 2328 2919 2396 vitae
2966 2351 3076 2397 ne-

716 2439 1028 2531 cessariis,
1076 2439 1374 2524 quoniam
1421 2439 1676 2525 quidem
1723 2442 1936 2507 omnia
1972 2442 2374 2529 diripiebant,
2423 2444 2532 2529 qui
2560 2446 3077 2531 pretergrediun-

716 2562 823 2623 tur
866 2555 1056 2641 viam.
1127 2554 1255 2621 Diu
1300 2556 1698 2641 multumque
1743 2557 2100 2626 dubitantes
2148 2560 2475 2627 timuimus
2489 2610 2507 2645 ,
2553 2581 2634 2628 ne
2678 2560 2781 2628 vel
2829 2563 3077 2647 agendo

717 2672 819 2739 vel
873 2673 1175 2739 cessando
1231 2677 1510 2739 vestram
1564 2675 2017 2759 paternitatem
2075 2675 2549 2745 offenderemus.
2622 2676 2735 2745 Set
2786 2681 3077 2764 tandem,

719 2788 798 2855 de
863 2788 1124 2855 consilio
1188 2788 1629 2873 religiosorum
1694 2811 1849 2875 quos
1904 2798 2202 2888 venturos
2260 2794 2659 2861 audieramus
2717 2802 3079 2882 sperantes,

519 2919 635 2966 Nov.
656 2919 686 2966 5
717 2904 988 2971 Fuldam
1033 2925 1177 2971 cum
1205 2905 1703 2974 Heresveldense
1749 2908 1974 2976 abbate
2003 2891 2203 2977 Nonis
2232 2910 2605 2977 Novembris
2642 2913 3078 2997 pervenimus.

603 3083 606 3088 ,
723 3020 834 3088 Set
878 3040 1022 3087 cum
1065 3021 1482 3089 Eberacensis
1528 3028 1593 3090 et
1636 3022 2093 3092 Everbacensis
2139 3025 2396 3093 abbates
2451 3047 2579 3093 non
2624 3028 2959 3095 venissent
2994 3066 3079 3076 —

722 3137 901 3221 alter,
956 3139 1105 3223 quia
1146 3140 1515 3206 mandatum
1560 3147 1846 3208 vestrum
1892 3162 2081 3228 super
2125 3142 2263 3226 hoc,
2310 3147 2383 3209 ut
2423 3142 2563 3229 ipse
2610 3163 2723 3229 per
2768 3147 3083 3212 nuncium

720 3254 1066 3338 fatebatur,
1111 3275 1241 3321 non
1288 3261 1646 3343 acceperat,
1692 3256 2107 3325 Eberacensis
2150 3279 2322 3343 vero,
2370 3259 2521 3344 quia
2564 3280 2702 3326 sese
2750 3262 2927 3347 apud
2974 3283 3083 3329 ve-

721 3376 919 3436 stram
976 3370 1408 3456 clementiam,
1465 3378 1539 3439 ut
1591 3374 1995 3459 postmodum
2047 3395 2164 3461 per
2215 3374 2550 3461 epistolam
2595 3378 2729 3443 eius
2775 3379 3084 3461 cognovi-

717 3503 890 3570 mus,
950 3487 1028 3553 de
1081 3507 1211 3553 non
1267 3488 1575 3555 veniendo
1633 3496 2044 3557 excusaverat
2085 3527 2168 3537 -—
2210 3491 2449 3558 turbati
2507 3492 2694 3560 corde
2741 3498 2805 3560 et
2851 3494 3084 3582 inopes

721 3602 968 3669 consilii
1011 3602 1274 3688 fuimus,
1333 3604 1676 3692 plurimum
1723 3611 2041 3691 verentes,
2101 3628 2183 3674 ne
2227 3607 2657 3695 imprudentia
2699 3615 2927 3677 nostra
2974 3633 3086 3679 ve-

721 3724 921 3784 stram
979 3716 1281 3786 offensam
1334 3742 1738 3788 mereremur.
1820 3722 1893 3788 In
1946 3722 2066 3790 hoc
2118 3725 2333 3811 itaque
2392 3727 2596 3792 nostri
2651 3747 2794 3793 cum
2841 3727 3085 3796 Heres-

720 3833 999 3901 feldense
1045 3835 1290 3902 consilii
1336 3858 1585 3905 summa
1640 3839 1969 3926 proposita
2022 3846 2086 3907 et
2127 3839 2381 3908 firmata
2422 3843 2571 3909 fuit:
2620 3849 2721 3928 ut,
2770 3847 3085 3928 quoniam

721 3950 788 4015 hi
835 3950 957 4015 duo
1003 3951 1283 4035 aberant,
1331 3953 1438 4038 qui
1482 3954 1663 4021 nobis
1711 3955 2021 4024 doctiores
2069 3963 2132 4024 et
2174 3958 2466 4026 meliores
2496 3958 2683 4044 longe
2715 3961 3086 4046 exstabant,

720 4065 965 4132 nullum
1010 4067 1079 4132 in
1122 4066 1442 4136 electionis
1491 4072 1738 4139 actione
1783 4093 2157 4140 consensum
2201 4075 2628 4162 preberemus,
2675 4081 2773 4143 set
2804 4097 3087 4165 suspen-

723 4183 810 4249 sis
858 4189 1045 4269 atque
1088 4184 1344 4252 incertis
1390 4189 1701 4274 omnibus,
1748 4194 1962 4256 vestra
2004 4191 2235 4257 iterum
2279 4192 2476 4259 iussio
2519 4192 2625 4259 vel
2651 4192 2847 4277 legati
2875 4198 3089 4262 vestri

724 4301 1064 4367 auctoritas
1125 4309 1581 4389 expectaretur.
1665 4303 1910 4373 Deinde
1954 4307 2163 4374 vocati
2218 4329 2258 4374 a
2308 4309 2643 4393 fratribus,
2701 4309 3087 4395 capitolium

723 4417 1007 4504 ipsorum
1061 4425 1324 4505 uterque
1378 4420 1752 4487 intravimus
1766 4472 1785 4506 ,
1840 4422 2123 4510 iussique
2175 4425 2439 4492 verbum
2484 4425 2950 4494 exhortationis
3001 4428 3087 4495 ad

865 4550 913 4604 1.
951 4550 1021 4605 V.
1058 4566 1146 4622 ep.
1174 4551 1277 4606 123
1313 4566 1479 4622 supra
1512 4568 1569 4623 p.
1596 4553 1720 4609 196.
1861 4556 1915 4610 2.
1952 4555 2019 4611 V.
2058 4570 2184 4627 epp.
2211 4557 2316 4613 128
2350 4560 2410 4612 et
2448 4557 2550 4613 129
2585 4571 2756 4628 supra
2787 4572 2846 4628 p.
2869 4558 3008 4615 206.
