3319 5242
900 411 1200 460 wmALm
1239 410 1614 461 nrrsrom
1657 410 1764 457 18⁷.
1800 410 1906 457 138.
2442 393 2580 460 215

263 554 387 621 huic
425 554 726 622 interesse
769 573 997 621 causae
1043 554 1573 638 desideraverant,
1618 551 2115 620 familiaritatem
2155 572 2363 619 meam
2411 553 2578 639 apud
2618 556 2758 613 1148

261 690 355 736 vos
396 670 628 756 aliquid
683 691 870 758 posse
926 676 1326 754 cognoscant.
1401 669 1522 736 Est
1566 676 1777 737 autem
1823 669 2037 735 domni
2082 668 2415 751 H(einrici)
2463 668 2577 735 ali-

260 786 484 871 quando
513 786 911 854 Corbeiensis
944 786 1187 853 abbatis
1218 786 1391 869 dicti,
1439 806 1631 872 super
1659 805 1846 871 quem
1876 806 1988 851 vos
2021 784 2231 851 oculos
2275 790 2578 870 paternae

257 902 487 988 pietatis
529 922 765 989 ponere
812 903 1009 986 decet,
1054 908 1129 968 ut
1170 902 1308 989 ipse
1353 902 1610 989 pietatis
1656 899 1934 985 effectus,
1980 921 2124 967 eum
2169 920 2297 967 non
2341 901 2578 968 frustra

256 1017 322 1085 de
360 1019 530 1086 vobis
577 1018 817 1105 aliquid
861 1017 1072 1085 solatii
1117 1039 1425 1105 sperasse,
1472 1018 1777 1087 laudabili
1820 1018 2087 1084 veritate
2133 1018 2516 1103 comprobet.

635 1134 863 1202 Cetera
904 1133 1238 1201 verborum
1284 1134 1572 1215 narrabit
1614 1135 1885 1221 portitor
1928 1133 2173 1200 horum.

255 1246 566 1335 Utriusque
619 1251 894 1317 hominis
950 1250 1147 1317 vestri
1200 1250 1470 1320 salutem
1525 1250 1727 1317 bonus
1785 1248 1893 1316 ille
1939 1247 2374 1316 Samaritanus
2387 1297 2407 1332 ‚
2466 1249 2574 1334 qui

255 1363 621 1432 vulneratum
677 1366 960 1453 collegit,
1018 1367 1352 1453 providere
1408 1373 1474 1435 et
1529 1365 1846 1434 custodire
1892 1364 2214 1449 dignetur,
2277 1364 2571 1431 abbatum

254 1480 574 1549 karissime.

262 1691 409 1764 138.
446 1695 785 1761 ·Wibaldus
838 1695 1125 1783 Euqem'o
1174 1696 1288 1762 HI
1321 1719 1536 1783 papae
1590 1694 1816 1783 refert,
1884 1695 1962 1759 de
2018 1694 2296 1780 eliqendo
2357 1697 2577 1762 abbate

449 1811 750 1877 Fuldense·
792 1813 947 1901 quid
990 1824 1194 1877 actum
1236 1814 1330 1877 sit.
2248 1807 2356 1889 (Μ.
2384 1809 2572 1891 114.)

405 1943 733 2011 Reddituri
776 1946 1089 2027 rationem
1130 1944 1534 2011 villicationis
1580 1946 1855 2027 nostrae,
1902 1963 2093 2028 quam
2136 1948 2350 2010 vestra
2393 1943 2576 2010 celsi·
2612 1949 2752 2004 1148

247 2060 381 2126 tudo
409 2066 659 2128 nostrae
688 2062 993 2148 parvitati
1023 2061 1359 2144 commisit,
1393 2080 1551 2147 opus
1579 2058 1884 2125 habemus
1914 2059 2245 2143 brevitate,
2287 2080 2367 2126 ne
2399 2080 2575 2126 men·
2630 2023 2747 2070 Νη

246 2180 362 2242 tem
401 2182 695 2262 vestram,
741 2197 938 2264 quam
985 2178 1267 2243 omnium
1296 2176 1517 2242 mundi
1553 2174 2003 2241 aecclesiarum
2047 2194 2201 2241 cura
2256 2176 2574 2262 sollicitat,

242 2291 474 2377 prolixa
525 2293 751 2360 relatio
820 2294 1056 2360 diutius
1124 2292 1419 2358 detineat.
1611 2289 1958 2378 Postquam
2013 2292 2308 2359 discretio
2362 2298 2575 2360 vestra

243 2407 391 2475 iusto
445 2407 721 2496 Spiritus
790 2409 996 2476 sancti
1049 2408 1282 2474 iudicio
1336 2407 1750 2492 Roggerium,
1818 2406 1870 2473 F
1873 2407 2151 2474 uldensis
2207 2410 2572 2475 monasterii

240 2522 521 2610 electum,
582 2525 661 2591 ab
720 2524 1003 2591 eiusdem
1060 2523 1398 2591 aecclesiae
1451 2524 1761 2607 regimine
1807 2523 1887 2590 ob
1944 2525 2311 2591 canonicam
2356 2529 2573 2592 notam

236 2643 510 2727 removit,
555 2641 859 2709 fratribus
903 2641 1135 2728 prefati
1165 2640 1450 2707 coenobii
1479 2661 1593 2727 per
1635 2641 2018 2725 dignationis
2048 2629 2297 2708 vestrae
2328 2643 2538 2729 apices
2558 2638 2573 2668 ¹
2605 2661 2716 2723 Apr.
2734 2663 2764 2709 s

235 2759 626 2846 precipiendo
671 2758 1043 2842 mandastis,
1090 2777 1171 2823 ne
1215 2776 1554 2843 personam
1599 2756 1678 2830 de
1719 2777 1836 2823 sua
1864 2759 2349 2842 congregatione
2381 2758 2573 2842 elige-

235 2878 387 2958 rent,
415 2880 512 2941 set
533 2874 616 2941 ad
637 2874 1021 2941 visitandam
1044 2872 1414 2939 aecclesiam
1435 2892 1617 2938 suam
1637 2873 2017 2939 reverendos
2039 2874 2268 2941 fratres
2299 2880 2570 2960 nostros,

231 2987 699 3075 Eboracensem,
721 2989 1247 3074 Everbacensem,
1271 2987 1818 3055 Heresfeldensem
1841 2988 2121 3076 abbates,
2150 2995 2215 3057 et
2236 2991 2567 3078 nosipsos,

232 3107 503 3174 omnium
549 3106 877 3190 minimos,
925 3105 1008 3171 ad
1052 3125 1189 3171 sese
1235 3109 1683 3186 convocarent3
1742 3125 2011 3189 quorum
2057 3106 2374 3172 mediante
2421 3126 2568 3173 con-

231 3221 363 3289 silio
410 3223 601 3290 talem
646 3222 782 3290 Deo
830 3227 1084 3289 auctore
1144 3240 1480 3308 personam
1537 3220 1616 3285 de
1674 3220 1879 3287 alieno
1925 3221 2198 3288 claustro
2245 3222 2572 3289 studerent

230 3336 479 3424 eligere,
537 3360 654 3426 per
709 3359 902 3424 quam
954 3338 1141 3405 ruina
1184 3336 1515 3403 Fuldensis
1561 3337 1929 3403 monasterii
1974 3342 2108 3403 tam
2152 3338 2220 3403 in
2263 3337 2568 3421 religione

229 3475 412 3540 quam
455 3457 524 3522 in
553 3454 1057 3542 possessionibus
1087 3458 1302 3540 posset
1329 3451 1604 3519 Domino
1640 3451 1979 3519 adiuvante
2004 3453 2232 3520 fulciri.
2302 3453 2571 3520 Misistis

228 3571 412 3639 etiam
457 3572 761 3659 predictis
808 3576 1077 3657 quatuor
1122 3569 1408 3656 personis
1455 3568 1752 3634 iussionis
1783 3574 2031 3636 vestrae
2064 3568 2310 3636 litteras
2323 3565 2365 3652 ²,
2413 3591 2567 3656 qua-

127 3703 136 3726 *
228 3688 387 3755 tinus
435 3688 809 3755 auctoritate
855 3691 1071 3753 vestra
1114 3686 1194 3751 ad
1237 3683 1289 3750 F
1293 3683 1551 3751 uldense
1595 3685 2048 3750 monasterium
2093 3686 2461 3753 accederent
2505 3691 2569 3752 et

227 3804 397 3872 iuxta
440 3804 730 3892 precepti
772 3803 968 3870 vestri
1009 3801 1281 3868 formam
1311 3802 1380 3867 in
1409 3801 1713 3869 electione
1743 3801 2032 3868 facienda
2061 3802 2395 3868 consilium
2423 3823 2566 3890 pre-

227 3924 480 3989 starent.
666 3919 835 3999 Quas
880 3919 1127 3986 litteras
1174 3938 1289 3984 nos
1335 3917 1533 3984 tercia
1577 3917 1681 3984 die
1738 3922 1884 4003 post
1934 3918 2169 3983 festum
2213 3918 2565 3990 nativitatis
2599 3940 2727 4001 Sept.
2745 3941 2804 3988 ιο

224 4034 435 4106 beatae
481 4036 725 4104 Mariae
769 4036 976 4123 primo
1023 4034 1400 4121 accepimus.
1482 4031 1809 4118 Siquidem
1854 4031 2197 4101 Fuldenses
2242 4054 2357 4120 pro
2403 4034 2565 4100 obti-

223 4155 419 4222 nendo
465 4153 669 4221 electo
725 4173 871 4235 sue,
932 4171 1120 4237 quem
1174 4149 1416 4216 duobus
1472 4148 1743 4216 decretis
1787 4150 2089 4216 canonica
2128 4150 2374 4216 ratione
2417 4150 2564 4216 sub-

224 4270 379 4338 nixis
423 4268 817 4337 notaveratis
831 4316 851 4351 ‚
910 4266 990 4334 ad
1035 4271 1313 4333 vestram
1358 4264 1758 4332 clementiam
1801 4266 2210 4348 remiserunt,
2268 4270 2364 4332 set
2419 4285 2563 4331 cum

226 4383 398 4454 Petro
441 4391 703 4474 petram
745 4384 1141 4456 invenerunt.
1210 4381 1564 4449 Redeuntes
1593 4380 1792 4464 igitur
1825 4380 2019 4465 legati
2064 4401 2280 4449 eorum
2327 4381 2561 4468 absque

354 4520 401 4574 1.
439 4518 514 4576 V.
553 4531 645 4587 ep.
671 4516 743 4570 85
778 4529 947 4584 supra
980 4530 1034 4585 p.
1064 4513 1186 4569 158.
1329 4514 1383 4568 2.
1419 4511 1490 4568 V.
1526 4526 1615 4582 ep.
1639 4511 1712 4567 86
1747 4526 1916 4582 supra
1948 4528 2004 4583 p.
2030 4511 2152 4568 159.
