3319 5242
479 541 619 597 1150

407 613 503 663 Oct.
524 616 696 663 —Dec.

473 1378 613 1433 1150

399 1450 498 1498 Oct.
516 1475 564 1484 -
579 1451 688 1499 Dec.

728 379 862 445 434
1403 399 1700 445 wmALm
1742 396 2114 445 anismam
2155 397 2262 442 ³04.
2294 395 2400 443 sos.

727 539 1157 606 testimonium
1199 538 1571 624 habeamus,
1618 545 1701 625 et,
1748 541 1804 606 si
1847 539 2168 626 predictus
2211 539 2409 606 frater
2453 538 2911 620 E(verhardns)
2952 557 3046 602 no-

726 659 922 721 stram
978 655 1251 740 quietem
1309 656 1562 723 turbare
1608 661 1673 722 et
1715 657 1890 743 pacis
1934 656 2454 742 compositionem
2498 655 2739 722 violare
2782 674 3047 741 presum-

724 771 942 857 pserit,
986 792 1099 837 vos
1142 772 1322 839 nobis
1365 773 1434 839 in
1481 772 1862 839 adiutorium
1908 772 2070 856 sitis,
2115 771 2268 856 quia
2294 771 2580 838 veritatis
2608 770 2780 838 filius
2813 778 2884 838 et
2910 769 3047 837 mul-

721 892 930 953 torum
971 888 1318 973 presidium
1362 889 1442 956 ab
1487 888 1846 956 huiusmodi
1889 888 2363 975 impugnatione
2407 887 2705 955 liberabit
2715 898 2757 954 ⁸.

725 1115 899 1187 305.
937 1119 1254 1187 wibaldus
1292 1121 1586 1208 mayistro
1623 1121 1982 1187 Godeboldo
2020 1123 2350 1213 siffitificat,
2397 1145 2521 1211 quo
2541 1134 2736 1210 pacto
2768 1124 2907 1187 eius
2934 1144 3055 1186 eum

943 1235 1312 1302 Everltardo
1359 1237 1524 1301 litem
1569 1237 2018 1301 diiudicaverit.
2741 1235 2857 1318 (M.
2891 1236 3053 1316 285.)

894 1366 1117 1434 Frater
1146 1367 1524 1451 W(ibaldus)
1554 1367 1677 1435 Dei
1723 1368 1928 1451 gratia
1970 1366 2058 1451 id,
2107 1369 2274 1453 quod
2304 1376 2402 1437 est
2433 1371 2501 1436 in
2530 1369 2848 1437 catholica
2878 1369 3059 1437 eccle-

718 1482 832 1567 sia,
878 1484 1106 1550 dilecto
1152 1485 1337 1551 fratri
1381 1491 1446 1551 et
1490 1484 1691 1551 amico
1738 1504 1852 1550 suo
1882 1484 2184 1568 magistro
2220 1483 2633 1567 G(odeboldo)
2679 1487 3061 1554 benedictio-

716 1619 862 1666 nem
909 1605 973 1667 et
1015 1602 1214 1667 vitam
1257 1621 1456 1686 usque
1499 1601 1568 1666 in
1613 1600 1912 1667 seculum.

894 1715 1185 1784 Meminit
1239 1717 1490 1784 dilectio
1550 1724 1691 1801 tua,
1753 1716 1921 1802 quod
1979 1717 2217 1802 scripta
2271 1717 2486 1784 domni
2536 1738 2743 1803 papae
2760 1714 2776 1745 ¹
2826 1718 2912 1784 ad
2956 1738 3061 1784 nos

717 1831 1103 1918 accepimus,
1160 1838 1232 1899 ut
1284 1838 1350 1900 te
1405 1832 1684 1900 studiose
1729 1852 2294 1916 commoneremus,
2354 1834 2648 1919 quatinus
2693 1833 3060 1901 Everhardo

716 1947 1063 2034 presbitero
1110 1947 1437 2016 ecclesiam
1482 1949 1559 2016 de
1591 1948 1970 2032 Hemeringe
2016 1954 2078 2015 et
2122 1949 2334 2015 omnia
2379 1949 2438 2015 ei
2485 1949 2696 2016 ablata
2737 1971 2858 2037 per
2904 1957 2971 2017 te
3005 1954 3063 2015 et

716 2084 830 2150 per
874 2063 1030 2130 alios
1074 2065 1142 2131 in
1187 2057 1504 2150 integrum
1547 2066 1717 2131 infra
1748 2065 1975 2149 viginti
2021 2064 2154 2132 dies
2194 2070 2536 2151 *postquam
2580 2086 2621 2132 a
2663 2066 2850 2133 nobis
2896 2087 3063 2133 com·

714 2181 989 2248 monitus
1036 2202 1203 2248 esses
1250 2182 1506 2249 omnino
1551 2180 1937 2264 restitueres,
1986 2185 2050 2246 et
2092 2179 2169 2247 de
2213 2187 2421 2248 cetero
2450 2180 2710 2267 pacifice
2740 2202 2889 2249 eum
2920 2203 3063 2271 pos·

713 2296 917 2363 sidere
945 2299 1363 2384 permitteres.
1411 2295 1700 2363 Fecimus
1730 2297 1943 2382 itaque
1957 2290 2001 2379 ²,
2033 2297 2200 2381 quod
2223 2298 2404 2365 nobis
2430 2298 2813 2384 imperatum
2833 2299 3063 2366 fuerat.

711 2412 798 2478 Et
841 2417 973 2479 tam
1016 2414 1361 2481 iussionem
1403 2413 1621 2480 domni
1664 2433 1870 2499 papae
1915 2432 2103 2498 quam
2151 2418 2434 2480 nostram
2470 2413 2968 2482 admonitionem
3002 2416 3066 2479 in

713 2533 959 2595 tantum
1002 2529 1276 2598 valuisse
1321 2530 1489 2618 apud
1534 2535 1597 2596 te
1643 2529 2019 2613 gaudemus,
2075 2534 2149 2595 ut
2192 2549 2271 2595 ex
2314 2529 2575 2596 consilio
2620 2530 3065 2614 religiosorum

712 2653 777 2713 et
818 2647 1200 2734 sapientium
1244 2649 1524 2715 virorum
1568 2667 1715 2713 cum
1756 2646 2040 2732 predicto
2085 2645 2501 2729 E(verhardo)
2547 2648 2614 2713 in
2660 2649 3066 2715 concordiam

709 2763 992 2830 redieris.
1061 2763 1285 2831 Modus
1333 2768 1540 2831 autem
1587 2762 1956 2829 concordiae
2000 2768 2063 2829 et
2105 2762 2630 2830 reconciliationis
2672 2765 2744 2830 in
2777 2764 3069 2831 futurum

711 2878 1018 2947 valiturae
1061 2879 1167 2946 hic
1210 2884 1325 2947 est.
1401 2880 1709 2947 Dedimus
1757 2879 1959 2945 eidem
2006 2877 2425 2964 E(verhardo)
2473 2900 2512 2945 a
2552 2885 2735 2966 parte
2780 2885 2899 2947 tua
2941 2882 3069 2947 tria

709 2996 950 3063 talenta
1001 2996 1403 3064 denariorum
1417 3044 1436 3080 ‚
1495 3016 1571 3062 ea
1627 2995 2016 3078 conditione,
2076 2999 2147 3059 ut
2199 3000 2264 3060 te
2323 2996 2400 3062 ab
2448 2997 2619 3062 omni
2666 2998 3071 3082 querimonia

710 3133 826 3178 sua
877 3117 1012 3179 tam
1070 3112 1148 3180 de
1199 3112 1447 3178 iniuriis
1493 3131 1685 3196 quam
1729 3111 1808 3178 de
1852 3110 2144 3197 dampnis
2191 3110 2313 3177 sibi
2360 3117 2506 3178 aute
2547 3110 2743 3178 illatis
2788 3112 3067 3179 liberum

712 3234 775 3295 et
827 3228 1182 3295 absolutum
1227 3228 1605 3311 dimitteret,
1666 3231 1731 3293 et
1772 3228 1911 3313 ipse
1956 3227 2034 3294 de
2081 3233 2288 3295 cetero
2334 3228 2686 3314 predictam
2730 3227 3068 3294 ecclesiam

709 3364 892 3410 suam
950 3345 1017 3410 in
1073 3364 1230 3430 pace
1285 3344 1616 3431 optineret.
1709 3342 2020 3430 Deposuit
2071 3345 2285 3430 itaque
2328 3345 2397 3410 in
2442 3363 2633 3410 manu
2677 3349 2903 3410 nostra
2945 3343 3071 3409 sub

708 3460 932 3526 idoneo
989 3459 1437 3527 monachorum
1489 3458 1862 3528 clericorum
1918 3465 1983 3526 et
2035 3459 2339 3527 laicorum
2393 3460 2755 3526 testimonio
2810 3479 3067 3526 omnem

711 3574 1050 3662 querelam,
1097 3596 1288 3662 quam
1334 3576 1670 3643 adversum
1713 3581 1777 3642 te
1819 3596 2019 3662 usque
2047 3577 2115 3643 in
2144 3582 2503 3664 presentem
2532 3576 2701 3642 diem
2730 3575 3068 3656 habuerat,

710 3698 1039 3778 tecumque
1082 3694 1148 3759 in
1196 3693 1468 3777 gratiam
1513 3698 1578 3759 et
1603 3711 1823 3758 veram
1866 3712 2090 3780 pacem
2133 3693 2345 3777 rediit,
2391 3713 2630 3778 nosque
2675 3692 2755 3759 ab
2804 3711 3069 3759 exsecu-

708 3808 881 3875 tione
936 3810 1219 3876 mandati
1276 3809 1492 3875 domni
1547 3828 1753 3895 papae
1805 3807 2038 3876 liberos
2094 3816 2319 3896 sponte
2373 3809 2645 3891 dimisit3
2710 3812 2776 3874 et
2832 3808 3069 3874 domno

712 3945 914 4012 papae
956 3946 1074 4013 pro
1121 3926 1354 4012 adepta
1395 3925 1648 3991 iusticia
1690 3925 1927 4009 gratias
1974 3927 2123 4010 egit,
2169 3927 2473 4010 nobisque
2517 3943 2633 4011 pro
2680 3925 2893 3990 studio
2934 3922 3072 3988 sol·

709 4041 1054 4109 licitudinis
1123 4048 1337 4109 nostre
1405 4041 1667 4108 devotus
1727 4040 2069 4108 benedixit.
2174 4042 2347 4108 Tuae
2401 4040 2615 4125 itaque
2670 4039 3067 4107 fraternitati

711 4163 843 4225 tam
899 4159 1299 4246 presentibus
1353 4156 1556 4224 literis
1622 4178 1813 4242 quam
1881 4156 2054 4243 aliis,
2126 4158 2353 4243 quibus
2410 4161 2791 4242 oportunum
2848 4155 3067 4236 fuerit,

709 4275 912 4342 modis
956 4274 1390 4343 testimonium
1432 4272 1858 4360 perhibemus,
1911 4273 2079 4359 quod
2124 4272 2439 4340 mandatis
2483 4271 2700 4337 domni
2745 4290 2945 4359 papae
2994 4275 3069 4336 et

854 4431 897 4464 ι.
937 4421 1006 4466 εἰσ
1038 4419 1141 4464 cod.

852 4504 903 4556 1.
940 4519 1026 4570 ep.
1053 4504 1159 4558 268
1194 4518 1361 4573 supra
1396 4518 1449 4570 p.
1477 4502 1602 4557 396.
1746 4503 1796 4557 2.
1835 4516 1922 4572 ep.
1950 4502 2056 4559 275
2089 4517 2259 4572 supra
2291 4517 2348 4572 p.
2374 4501 2496 4558 402.
