3319 5242
708 411 840 478 382
1375 433 1673 480 wmALm
1716 432 2088 481 amsi-onan:
2130 431 2238 479 sas.
2273 433 2379 479 257.

532 575 672 633 1150
705 576 910 657 pater,
954 572 1141 639 modo
1185 593 1431 659 quoque
1473 573 1752 659 obsecro,
1797 581 1871 641 ut
1911 575 2294 643 benedicatis
2339 576 2534 642 etiam
2575 594 2763 659 nunc,
2806 580 2870 641 et
2898 594 3034 661 pro-

706 688 1028 774 pinquiori
1083 694 1347 773 cognato
1404 711 1544 758 meo
1597 692 1872 759 novenni
1927 692 2309 778 prebendam
2360 697 2425 758 et
2466 691 2676 758 locum
2720 691 2889 779 apud
2927 711 3035 757 nos

708 804 1081 871 concedatis.
1150 805 1314 872 Nam
1359 808 1481 874 etsi
1523 828 1651 875 non
1693 827 1974 894 possum,
2020 808 2143 874 Dei
2188 808 2310 875 erit
2352 808 2719 893 retribuere,
2766 809 2823 874 si
2856 809 2917 874 ei
2940 808 3041 873 via

709 923 773 986 et
815 920 1005 986 ianua
1045 921 1292 988 fueritis
1322 923 1611 990 veniendi
1658 924 1741 989 ad
1780 924 1919 1008 hoc,
1965 930 2038 990 ut
2067 925 2463 1010 passionibus
2494 925 2732 991 Christi
2759 926 2829 990 in
2872 944 3041 990 mon-

710 1038 939 1105 asterio
985 1038 1101 1105 sub
1146 1038 1367 1106 habitu
1409 1039 1773 1106 monachico
1816 1061 1934 1127 per
1976 1041 2358 1127 pacientiam
2400 1041 2757 1129 participet.
2827 1040 3043 1107 Frater

708 1159 916 1251 vester
967 1154 1044 1222 de
1089 1175 1278 1222 causa
1321 1155 1439 1222 hac
1481 1155 1793 1239 legatione
1836 1156 2122 1241 fungitur
2164 1177 2280 1244 pro
2313 1178 2444 1239 me3
2491 1162 2771 1224 vestrum
2818 1164 2937 1241 est,
2980 1162 3047 1222 ut

706 1272 1059 1359 respiciatis
1118 1277 1477 1359 sperantem
1532 1273 1599 1338 in
1653 1272 1834 1339 vobis
1889 1279 1954 1341 et
1996 1294 2253 1340 manum
2299 1273 2668 1341 clementiae
2710 1274 3046 1361 porrigatis

708 1407 849 1453 cum
893 1386 1124 1455 fiducia
1167 1388 1567 1477 supplicanti.
1655 1388 1896 1457 Valete.
2029 1472 2033 1477 ἱ

713 1607 888 1678 257.
933 1611 1324 1678 Stabulenses
1366 1609 1717 1676 Wibaldum
1762 1613 1850 1677 ad
1889 1636 1955 1677 se
1996 1613 2206 1677 venire
2249 1621 2480 1698 optant.
2572 1612 2823 1693 Petunt,
2878 1624 2954 1677 ut
2990 1636 3053 1677 se

932 1721 1109 1806 apud
1162 1741 1369 1805 reyem
1424 1719 1673 1784 adiuvet
1725 1730 1939 1785 contra
1999 1719 2353 1785 Gozuinwm
2410 1730 2467 1783 et
2522 1719 2920 1784 Everardwm
2981 1721 3054 1784 de

931 1825 1319 1911 Henyebach.
2731 1821 2841 1908 (Μ.
2874 1826 3053 1904 237.)

534 1959 673 2016 1150
887 1939 1248 2005 Reverendo
1293 1940 1363 2005 in
1393 1938 1642 2006 Christo
1687 1940 1857 2026 patri
1901 1960 2014 2005 suo
2060 1945 2125 2007 et
2169 1939 2422 2005 domino
2454 1937 2793 2021 W(ibaldo)
2827 1940 3055 2006 Stabu-

708 2055 869 2122 lensi
897 2054 1241 2122 venerabili
1287 2055 1502 2122 abbati
1544 2055 1801 2122 humilis
1837 2055 1953 2122 sub
1986 2076 2059 2122 eo
2090 2055 2309 2122 eodem
2336 2055 2405 2120 in
2433 2054 2572 2121 loco
2616 2074 2771 2138 grex
2802 2055 3056 2122 Christo

709 2170 988 2238 militans
1034 2171 1282 2238 debitae
1327 2171 1731 2237 subiectionis
1778 2176 1843 2238 et
1886 2170 2239 2262 dilectionis
2282 2172 2722 2238 reverentiam.

885 2286 1083 2371 Licet,
1128 2293 1330 2374 pater,
1367 2286 1486 2352 hoc
1512 2293 1797 2374 tempore
1827 2287 2011 2353 solito
2040 2288 2248 2353 rarius
2276 2287 2454 2354 vobis
2485 2294 2705 2354 nostra
2732 2288 3060 2373 scripserit

709 2404 1117 2487 universitas,
1172 2408 1387 2469 tamen
1440 2423 1569 2470 non
1624 2423 1698 2469 eo
1752 2404 1985 2470 minori
2041 2404 2334 2470 karitatis
2380 2404 2602 2470 ardore
2647 2404 2818 2469 circa
2861 2405 3056 2481 vestri

712 2541 988 2587 amorem
1034 2520 1452 2603 accendimur,
1499 2539 1643 2585 cum
1686 2520 1925 2586 tociens
1957 2540 2067 2586 vos
2111 2520 2294 2587 nobis
2340 2540 2478 2586 esse
2518 2525 2879 2607 presentem
2909 2522 3058 2587 oeti-

710 2658 987 2721 memus,
1033 2638 1319 2722 quotiens
1364 2637 1621 2723 pietatis
1667 2641 1914 2702 vestrae
1958 2637 2171 2702 studia
2212 2638 2382 2702 circa
2422 2656 2539 2702 nos
2586 2642 2651 2703 et
2690 2636 2902 2703 locum
2948 2658 3059 2703 no-

710 2759 912 2820 strum
955 2754 1442 2820 consideramus.
1533 2752 1687 2819 Inde
1731 2757 1847 2835 est,
1901 2753 2066 2837 quod
2111 2753 2333 2818 salutis
2376 2757 2626 2819 vestrae
2669 2754 3058 2840 prosperitas-

708 2876 840 2937 tem
884 2890 1132 2956 semper
1174 2875 1491 2956 optamus,
1548 2868 1822 2954 optando
1870 2869 2329 2952 desideramus,
2376 2868 2786 2935 desiderando
2835 2889 3057 2935 exora-

710 3007 870 3054 mus.
910 2984 1267 3052 Salutantes
1290 2985 1504 3069 itaque
1526 2985 1974 3070 paternitatem
1995 2991 2290 3068 vestram,
2315 2985 2717 3051 devotissime
2737 3005 3056 3068 rogamus,

708 3106 811 3187 ut,
869 3103 925 3168 si
978 3103 1156 3168 salva
1198 3102 1405 3185 gratia
1447 3101 1688 3167 domini
1741 3102 1943 3168 nostri
1988 3102 2154 3185 regis
2202 3083 2471 3187 optineri
2515 3106 2754 3187 potest,
2813 3101 2898 3167 ad
2942 3122 3056 3168 nos

709 3219 916 3286 redire
944 3238 1068 3285 non
1103 3217 1414 3301 abnuatis,
1463 3217 1611 3302 quia
1650 3223 1782 3283 tam
1829 3217 1897 3283 in
1939 3216 2312 3284 interiorum
2357 3236 2509 3282 cura
2552 3222 2617 3284 et
2661 3217 3059 3283 ordinatione

711 3356 899 3422 quam
944 3336 1012 3401 in
1057 3336 1439 3401 exteriorum
1471 3332 1872 3420 providentia
1903 3332 2240 3399 aecclesiae
2270 3339 2519 3400 vestrae
2549 3353 2623 3400 ac
2649 3332 2798 3399 filiis
2828 3334 3058 3400 vestris

711 3451 1066 3518 necessaria
1110 3456 1176 3517 et
1217 3449 1390 3515 utilis
1421 3455 1634 3517 vestra
1679 3455 1846 3515 esset
1886 3450 2226 3537 presentia.
2372 3449 2631 3515 Interim
2665 3454 2878 3515 autem
2908 3470 3056 3536 sup-

711 3567 1050 3654 plicamus,
1097 3573 1170 3632 ut
1214 3566 1672 3652 querimoniam
1715 3571 2030 3648 nostram,
2080 3584 2268 3651 quam
2313 3562 2541 3631 donino
2576 3566 2724 3650 regi
2766 3586 2885 3654 pro
2927 3566 3056 3632 illis

711 3685 792 3750 de
836 3682 1215 3768 Hengebach
1234 3679 1252 3709 ¹
1294 3682 1762 3748 transmisimus
1773 3678 1816 3765 ²,
1869 3701 2240 3767 promovere
2284 3682 2657 3765 dignemini3
2717 3683 2886 3767 quia,
2933 3682 3057 3748 nisi

714 3800 997 3866 districte
1043 3820 1232 3887 super
1276 3819 1371 3882 ea,
1419 3818 1579 3883 quae
1619 3799 1751 3863 iam
1788 3796 2058 3863 secundo
2090 3797 2423 3864 adversum
2453 3817 2565 3864 vos
2597 3803 2660 3864 et
2689 3798 3055 3865 aecclesiam

712 3920 988 3983 vestram
1017 3919 1562 4003 perpetraverunt,
1607 3913 2074 3997 coherceantur,
2111 3914 2314 3981 adhuc
2344 3914 2635 3999 graviora
2663 3915 3055 3980 committere

712 4052 840 4098 non
884 4032 1213 4099 timebunt.
1365 4029 1698 4096 Caeterum
1742 4050 1824 4096 ne
1870 4031 2147 4095 animum
2192 4036 2493 4115 vesm,
2538 4030 2884 4096 maioribus
2928 4031 3053 4096 for-

714 4149 883 4215 sitan
934 4148 1211 4232 negociis
1266 4146 1611 4230 intentum,
1671 4145 1927 4213 scedula
1970 4145 2218 4230 longior
2263 4153 2372 4214 aut
2425 4146 2734 4233 prolixior
2788 4146 3056 4233 epistola

713 4264 1076 4349 honeraret,
1123 4261 1308 4331 fratri
1351 4268 1591 4347 vestro,
1638 4263 1884 4329 custodi
1929 4263 2170 4329 scilicet
2212 4262 2580 4346 aecclesiae,
2624 4263 2871 4349 reliqua
2910 4284 3054 4330 nar·

715 4382 915 4448 randa
973 4380 1401 4447 commisimus
1413 4390 1456 4464 ⁶,
1515 4400 1555 4446 a
1611 4400 1733 4465 quo
1788 4380 1868 4445 de
1923 4385 2093 4446 statu
2146 4399 2359 4445 rerum
2414 4384 2773 4445 nostrarum
2820 4385 2884 4447 et
2923 4385 3053 4446 tam

857 4510 900 4542 ι.
942 4497 1061 4543 οόῐιιί
1093 4515 1138 4543 c.

856 4576 906 4635 1.
945 4573 1195 4632 Gozuino
1231 4578 1290 4629 et
1324 4571 1625 4630 Everardo.
1771 4574 1825 4628 2:
1862 4572 1929 4630 V.
1957 4587 2047 4643 ep.
2071 4573 2195 4628 258.
