3319 5242
1053 457 1351 506 wmAnm
1393 460 1724 509 nmerom
1768 461 1876 509 449.
2504 451 2630 518 581

286 596 539 662 sublata
579 597 702 663 fuit
717 593 752 664 ¹.
818 597 1158 684 (ἔθνει-(1116,
1202 600 1400 668 frater
1428 601 1774 689 Wasmodi.,
1820 602 2370 689 Hartgotoyillico
2403 611 2638 679 aeccle-
2678 620 2815 675 1156

286 712 421 779 siae
465 712 596 779 iam
638 734 756 800 per
802 734 998 782 annos
1046 722 1184 783 octo
1226 717 1375 783 tulit
1403 717 1557 785 duos
1586 740 1864 805 mansoS,
1913 742 2068 807 quos
2104 722 2326 791 habuit
2353 726 2419 791 in
2449 727 2638 795 bene-
2676 693 2812 748 1157

284 828 451 913 ficio,
498 830 653 897 sitos
698 831 766 897 in
811 830 964 898 villa
1005 830 1540 922 Bennedestorph.
1632 835 1942 904 Robertus
1987 835 2194 906 Mule’
2241 842 2280 907 8
2321 844 2640 930 mancipia

285 945 629 1014 aecclesiae
672 946 858 1013 tollit.
952 947 1050 1016 De
1095 954 1322 1035 cetero,
1370 950 1641 1036 domine,
1690 952 1746 1019 si
1790 953 2239 1022 detrimentum
2281 957 2453 1024 istud
2499 980 2637 1027 aec-

284 1062 518 1132 clesiae
547 1069 795 1130 vestrae
841 1063 1089 1131 illatum
1133 1086 1261 1132 non
1306 1068 1838 1152 contradixeritiS,
1883 1089 2206 1157 nunquam
2248 1073 2466 1140 eadem
2498 1096 2637 1142 aec-

284 1180 482 1247 clesia
526 1180 943 1267 recuperabit.
1018 1180 1202 1267 Eppe
1248 1181 1326 1247 de
1368 1181 1746 1252 Bilverstide
1790 1206 1983 1252 unum
2031 1208 2319 1259 mansum
2370 1190 2525 1257 dicit
2570 1213 2637 1259 se

282 1296 518 1363 habere
562 1298 630 1362 in
677 1295 1008 1379 benefici03
1056 1296 1389 1364 Heinricus
1435 1297 1602 1367 filius
1633 1300 1993 1386 Manegoldi
2021 1324 2217 1371 unum
2247 1326 2539 1373 mansum
2568 1310 2636 1375 in

282 1412 593 1499 Hepstide
625 1418 689 1480 et
722 1413 914 1479 alium
949 1414 1018 1478 in
1038 1411 1401 1500 Brettorpe3
1436 1415 1636 1483 Adice
1669 1438 1960 1484 mansum
1991 1440 2189 1486 unum
2217 1421 2285 1487 in
2307 1421 2633 1507 Kadingis.

384 1530 389 1533 ’
466 1529 540 1596 In
567 1527 923 1597 Bertesfieit
947 1527 1278 1597 Ricbertus
1324 1531 1669 1599 advocatus
1713 1532 1790 1599 de
1823 1530 2092 1601 Staden⁸
2128 1538 2170 1602 5
2199 1557 2454 1605 mansos
2484 1539 2638 1607 dicit

284 1667 355 1713 se
401 1645 632 1713 habere
677 1647 746 1713 in
784 1644 1088 1713 beneficio
1120 1646 1197 1713 de
1226 1646 1611 1714 villicatione
1638 1668 1801 1733 mea,
1847 1655 1978 1716 tres
2009 1670 2254 1738 quoque
2282 1655 2350 1720 in
2382 1655 2636 1723 Tuilen-

281 1761 436 1846 fleit,
484 1766 548 1829 et
592 1767 721 1830 tres
765 1762 1072 1846 homines,
1120 1763 1227 1849 qui
1271 1783 1501 1831 novam
1547 1770 1785 1832 terram
1830 1764 2187 1834 habuerunt
2232 1774 2297 1835 et
2339 1770 2419 1836 ad
2460 1771 2635 1838 edifi-

282 1880 597 1947 cationem
644 1879 865 1946 domus
910 1884 1159 1946 vestrae
1203 1881 1625 1966 pertinebant,
1678 1884 2114 1969 carpentarius
2161 1906 2407 1972 quoque
2450 1909 2633 1973 unua,

279 1996 544 2084 plurimi
589 1996 780 2063 etiam
825 1995 933 2080 qui
974 1995 1307 2063 annualem
1347 1997 1618 2064 solidum
1647 1998 2009 2085 persolvere
2040 2000 2402 2069 debuerant.
2466 2003 2668 2083 Quos·

282 2133 503 2180 omnes
547 2112 716 2179 idem
745 2112 1076 2178 Ricbertus
1122 2113 1244 2180 sibi
1288 2112 1690 2181 beneficiatos
1733 2114 1902 2181 dicit.
1980 2115 2054 2182 In
2093 2116 2415 2185 Betesfleit
2455 2140 2633 2187 man-

282 2251 427 2297 sum
468 2249 663 2295 unum
690 2228 1000 2295 Robertus
1030 2227 1220 2314 Mule,
1266 2248 1580 2314 mansum,
1626 2229 1879 2296 domum
1898 2241 1919 2267 ⁸
1965 2251 2107 2298 cum
2155 2235 2444 2302 omnibus
2489 2257 2634 2322 per-

280 2346 567 2413 tinentiis
600 2345 730 2412 suis
760 2344 1063 2428 vendidit,
1096 2345 1204 2431 qui
1234 2350 1371 2412 erat
1399 2344 1804 2413 beneficiatus
1827 2345 2134 2431 Hartgoto
2165 2349 2375 2417 villico
2398 2356 2631 2436 vestro,

283 2464 362 2530 de
392 2462 773 2528 villicatione
814 2482 973 2528 mea.
1038 2459 1450 2528 Hartwardus
1494 2462 1570 2528 de
1598 2461 1887 2529 Windele
1926 2484 2218 2531 mansum
2258 2487 2475 2552 unum,
2526 2468 2634 2553 qui

280 2581 450 2647 iacet
494 2576 909 2662 Halstenfleit,
954 2577 1164 2662 habet,
1213 2598 1399 2664 quem
1446 2577 1664 2645 debuit
1705 2578 1951 2647 villicus
1998 2580 2135 2649 iure
2179 2581 2431 2650 habere.
2518 2583 2631 2651 Di-

278 2696 552 2764 midium
582 2716 873 2762 mansum
903 2695 1069 2761 idem
1103 2694 1516 2762 Hartwardus
1544 2693 1755 2778 habet,
1803 2697 1911 2781 qui
1941 2697 2105 2763 iacet
2133 2697 2420 2783 Mulesla,
2465 2701 2632 2768 unde

279 2834 430 2880 cera
474 2811 691 2879 debuit
729 2811 1067 2898 provideri.
1129 2810 1340 2877 Adiko
1383 2830 1678 2877 mansum
1719 2832 1916 2878 unum
1959 2813 2147 2881 habet
2175 2815 2244 2880 in
2276 2815 2633 2884 Tuilenfleit

281 2935 347 2996 et
393 2929 589 2996 alium
632 2929 702 2994 in
730 2927 1053 3012 Kadingis.
1118 2925 1556 2994 Heremannus
1603 2926 1681 2994 de
1710 2926 2307 3015 Poppenburstade⁴
2339 2953 2628 3000 mansum

278 3065 481 3112 unum
509 3046 578 3110 in
598 3043 1018 3112 Waldersede.
1079 3043 1398 3110 Arnoldus
1430 3048 1560 3110 tres
1589 3063 1845 3111 mansos
1876 3046 2067 3113 habet
2097 3045 2430 3133 Gozstade‚
2463 3050 2630 3117 unde

281 3165 363 3229 31
402 3162 579 3248 porci
623 3160 1034 3244 exigebantur
1064 3165 1130 3226 et
1157 3160 1370 3225 omnia
1396 3159 1713 3243 lignorum
1743 3159 2007 3229 edificia.
2070 3162 2302 3230 Thiezo
2334 3164 2412 3231 de
2439 3163 2628 3232 Lien-

279 3273 523 3345 denha⁶
568 3296 859 3343 mansum
903 3297 1101 3342 unum
1130 3274 1321 3343 habet
1346 3275 1417 3341 in
1447 3273 1687 3360 Gleten,
1735 3278 1844 3362 qui
1875 3282 1972 3344 est
2000 3278 2404 3346 beneficiatus
2435 3280 2628 3348 Hein-

277 3395 401 3461 rici
446 3392 754 3480 capellani
798 3394 1012 3459 vestri.
1170 3391 1456 3458 Domnus
1471 3390 1494 3427 '³
1540 3391 1947 3475 H(artwicus)
1995 3396 2502 3483 archiepiscopus
2548 3398 2627 3465 ab

280 3508 575 3578 omnibus
631 3508 988 3575 hominibus
1052 3508 1389 3576 aecclesiae
1445 3512 1701 3574 sanctae
1754 3507 2149 3593 Margaretae
2210 3515 2337 3579 100
2380 3534 2625 3581 marcas

279 3625 686 3694 denariorum
731 3625 976 3711 accepit
1017 3645 1093 3691 ea
1135 3625 1521 3708 conditione,
1578 3629 1653 3690 ut
1696 3625 1795 3691 sui
1840 3627 2234 3695 centuriones
2280 3633 2345 3695 et
2386 3629 2626 3697 villica-

278 3744 487 3809 tiones
561 3742 959 3828 provisorum
1025 3746 1228 3808 terras
1293 3740 1762 3828 possessionum
1831 3743 2173 3811 secundum
2238 3744 2620 3814 voluntatem

279 3880 503 3928 eorum
561 3864 948 3945 exponerent
1001 3863 1066 3924 et
1118 3862 1497 3943 potestatem
1552 3857 1928 3945 disponendi
1972 3865 2037 3926 et
2083 3861 2391 3927 vendendi
2433 3862 2624 3931 habe-

429 4052 471 4084 a.
511 4041 580 4085 εἰσ
612 4037 714 4083 cod.
836 4036 881 4082 b.
918 4034 1121 4082 Domnus
1161 4060 1208 4067 -
1246 4037 1517 4095 sequestrati
1549 4039 1656 4083 sunt
1686 4039 1777 4082 inm
1808 4053 1947 4096 supra
1979 4037 2200 4100 leguntur.

426 4125 475 4179 1.
512 4124 704 4192 Itaque
739 4138 862 4178 cum
891 4122 1197 4177 Hartwicus
1225 4137 1368 4176 anno
1397 4122 1537 4176 1148
1573 4123 1836 4178 ecclesiae
1871 4123 2154 4178 Bremensi
2188 4119 2497 4193 praefectus
2533 4120 2620 4190 sit,

276 4214 476 4270 relatio
520 4212 658 4267 haec
702 4228 812 4268 non
859 4217 985 4267 ante
1031 4227 1232 4267 annum
1272 4211 1410 4266 1156
1456 4212 1662 4282 scripta
1695 4218 1796 4267 eat.
1940 4214 1990 4268 2.
2040 4211 2110 4267 de
2156 4227 2266 4280 quo
2300 4228 2354 4266 v.
2379 4209 2622 4267 Annales

278 4302 581 4359 Stadenses
620 4302 783 4366 (Mon.
810 4300 991 4357 Germ.
1018 4299 1115 4356 SS.
1140 4299 1291 4357 XVI.
1317 4299 1459 4368 320).
1604 4301 1655 4355 3.
1695 4300 1766 4356 (16
1789 4299 2043 4356 Ricberto
2073 4299 2341 4356 advocato
2367 4298 2622 4355 Stadensi

277 4390 411 4447 vide
448 4406 589 4460 quae
635 4391 817 4445 attulit
851 4388 1215 4460 Lappenberg
1250 4389 1307 4443 in
1341 4388 1484 4444 Mon.
1513 4387 1695 4445 Germ.
1722 4387 1818 4444 SS.
1847 4388 1995 4445 XVI.
2026 4390 2147 4444 376.
2303 4389 2356 4443 4.
2405 4388 2475 4443 de
2512 4405 2619 4458 quo

274 4479 353 4537 cf.
390 4478 637 4535 Annales
683 4477 979 4535 Stadenses
1025 4478 1061 4534 l.
1087 4479 1122 4533 l.
1169 4479 1291 4534 320.
1470 4477 1521 4533 5.
1569 4477 1640 4533 (16
1676 4477 1895 4533 Tezone
1942 4477 2012 4534 de
2047 4476 2294 4534 Lindena
2329 4494 2383 4533 v.
2420 4476 2617 4534 Annal.

275 4568 437 4626 stad.
472 4568 509 4623 l.
533 4568 569 4624 1.
