3319 5242
934 463 1230 510 wmALm
1270 461 1644 510 nrrsrom
1684 462 1761 508 2⁷.
1793 461 1869 508 28.
2439 444 2563 512 105

230 604 335 670 vix
392 602 508 670 ulli
564 604 946 688 negotiatori
998 605 1206 671 fuerat
1262 605 1581 691 exposita,
1638 604 1817 670 vobis
1865 604 2115 671 tandem
2162 604 2422 689 fulgoris
2468 607 2565 671 sui
2603 608 2742 664 1146
2760 625 2829 694 3³²
2846 634 2896 645 -

229 720 421 786 radiis
465 720 928 806 pretiosissima
970 721 1338 808 comparuit.
1427 720 1549 799 Qui
1591 721 1763 786 nitor
1803 720 1974 787 illius
1990 772 2009 805 ‚
2056 722 2231 788 cuius
2277 728 2565 809 aspectus
2604 681 2739 736 1147
2758 698 2821 731 m.

231 841 320 903 est
365 836 644 903 salubris
691 842 755 903 et
796 837 1303 920 iucundissimuS,
1350 837 1577 903 vestris
1625 837 1819 902 etiam
1863 837 2169 920 condigne
2201 839 2476 904 innotuit
2505 843 2567 905 et

230 952 612 1038 complacuit
656 952 1004 1036 obtutibus;
1053 954 1198 1021 sed·
1245 953 1394 1038 quia
1435 952 1572 1019 Deo
1619 953 1949 1019 ordinante
1995 953 2072 1019 de
2109 955 2371 1041 propria
2397 974 2567 1021 com-

228 1067 456 1151 munis,
507 1068 584 1134 de
627 1074 846 1135 nostra
886 1071 1015 1135 iam
1060 1075 1271 1136 vestra
1316 1075 1380 1135 et
1421 1073 1641 1135 nostra
1682 1069 1851 1134 facta
1895 1073 2010 1152 est,
2058 1089 2244 1154 quam
2277 1059 2568 1136 ¹studiose

229 1183 425 1251 foveri
439 1234 459 1268 ‚
522 1184 711 1269 quam
766 1185 1094 1269 diligenter
1148 1185 1365 1252 haberi
1425 1189 1489 1251 et
1532 1185 1734 1251 teneri
1779 1184 2031 1268 debeat,
2090 1190 2299 1251 vestra
2342 1185 2565 1252 melius

230 1299 402 1367 novit
462 1299 755 1366 eruditio.
843 1300 931 1367 Et
982 1300 1133 1368 licet
1188 1301 1266 1367 de
1323 1299 1728 1392 benignitatis
1787 1305 2032 1367 vestrae
2087 1302 2566 1368 mansuetudine

232 1435 297 1482 ac
351 1416 691 1482 suavitatis
747 1417 1072 1484 dulcedine
1116 1437 1243 1483 non
1286 1417 1603 1482 modicum
1648 1415 2064 1500 confidamus,
2121 1422 2362 1500 tamen,
2420 1418 2566 1502 quia

231 1530 502 1598 multum
548 1531 610 1598 ei
651 1532 968 1617 debemuS,
1017 1554 1204 1619 quem
1248 1533 1490 1599 sincere
1536 1538 1601 1598 et
1643 1553 1801 1618 pure
1832 1533 2171 1617 diligimus,
2217 1553 2330 1619 per
2358 1532 2563 1599 Deum

232 1668 347 1733 quo
404 1647 571 1714 nihil
628 1647 956 1715 sublimius
972 1698 991 1732 ,
1048 1669 1162 1735 per
1207 1650 1535 1715 caritatem
1577 1649 1922 1715 fraternam
1970 1669 2093 1734 qua
2135 1647 2294 1714 nihil
2336 1649 2455 1714 hoc
2497 1649 2563 1715 in

230 1765 461 1831 mundo
517 1770 616 1831 est
657 1764 845 1831 altius
892 1765 1349 1851 supplicamuS,
1408 1770 1480 1830 ut
1525 1785 1699 1848 eum,
1759 1765 1866 1849 qui
1910 1765 2143 1831 nostris
2187 1764 2563 1831 utilitatibus

231 1884 488 1966 propter
534 1900 646 1947 vos
694 1880 775 1946 ad
819 1880 1038 1946 horam
1084 1881 1441 1948 subtractus
1488 1886 1586 1946 est
1629 1885 1696 1947 et
1722 1885 1969 1947 vestrae
1998 1880 2143 1947 fidei
2174 1882 2562 1966 commissus,

230 1996 537 2080 condigno
593 1996 875 2063 habeatis
933 1997 1198 2081 honore,
1257 2000 1563 2082 quatenus
1619 2016 1772 2080 erga
1821 2015 2037 2063 curam
2082 1998 2358 2084 suscepti
2401 1998 2565 2080 regi-

229 2114 416 2180 minis
458 2134 533 2180 eo
573 2113 868 2180 libentius
899 2112 1180 2197 desudet,
1229 2133 1349 2198 quo
1379 2132 1492 2178 vos
1523 2111 1604 2178 ad
1634 2112 2076 2179 sustentandas
2105 2133 2330 2178 manus
2361 2112 2565 2200 Moysi

229 2229 520 2297 humeros
582 2230 1037 2316 supposueritis
1090 2229 1369 2296 liberius.
1461 2229 1536 2294 In
1589 2229 1709 2294 hoc
1752 2215 1893 2294 cum
1946 2228 2341 2295 Amalechite
2382 2228 2566 2296 facile

231 2346 517 2434 superari
570 2351 868 2433 poterunt
909 2345 1121 2412 hostes
1167 2345 1493 2430 utriusque
1542 2344 1870 2428 ecclesiae,
1929 2350 2176 2412 vestrae
2221 2345 2462 2412 scilicet
2504 2351 2568 2412 et

229 2467 501 2530 m

236 2673 353 2747 28.
404 2676 809 2763 Reinhardm
864 2677 1055 2743 abbas
1109 2677 1546 2743 Reinlmsensis
1599 2677 1880 2743 Wibaldo
1924 2675 2105 2765 sacto
2161 2677 2370 2742 abbati
2416 2675 2566 2740 Cor-

401 2796 633 2860 beiensi
670 2794 1039 2880 yratulatur.
2288 2788 2395 2872 (M.
2437 2790 2564 2871 12.)

405 2975 628 2993 .....
671 2925 929 2992 tationis
987 2930 1175 3011 atque
1228 2925 1516 2993 lectionis
1572 2944 1692 2992 nec
1744 2925 1953 2989 minus
2010 2923 2217 3009 operis
2262 2923 2567 2989 instantia
2603 2931 2740 2988 1146
2759 2951 2828 3020 px.
2846 2960 2896 2970 -

231 3042 766 3129 perseverantiam
828 3062 1005 3108 suam
1059 3042 1292 3124 iugiter
1347 3041 1645 3107 exercuit.
1736 3038 1896 3123 Quia
1947 3044 2162 3105 tamen
2204 3039 2394 3104 nimis
2439 3039 2564 3105 fre-
2601 3005 2738 3060 1147
2758 3022 2821 3054 ¹¹²·

234 3165 488 3243 quentes
544 3162 953 3244 tempestates
1007 3157 1239 3224 mentis
1294 3177 1472 3223 meae
1516 3155 1874 3223 naviculam
1917 3155 2195 3221 crebrius
2237 3155 2405 3221 inter
2448 3175 2564 3220 un-

235 3274 411 3341 dosas
461 3279 526 3341 et
570 3273 950 3360 procellosas
996 3272 1315 3339 molestias
1358 3271 1730 3339 iactitabant
1774 3277 1839 3338 et
1882 3270 2360 3338 desiderabilem
2388 3276 2563 3337 tran-

236 3390 608 3474 quillitatem
669 3390 869 3477 ipsius
914 3389 1315 3456 vehementer
1360 3388 1847 3472 conturbabant,
1904 3408 2053 3454 usus
2099 3386 2356 3453 consilio
2403 3388 2567 3454 sicut

235 3506 417 3572 michi
463 3504 767 3587 v(ide)tur
811 3524 939 3570 non
982 3505 1221 3589 inutili,
1279 3505 1495 3571 remisi
1537 3504 1839 3570 fratribus
1882 3504 2040 3570 meis
2087 3524 2302 3570 omnes
2346 3524 2564 3570 mona-

234 3623 403 3687 sterii
447 3622 711 3705 reditus,
757 3626 830 3687 ut
871 3621 998 3707 ipsi
1042 3641 1159 3707 per
1202 3619 1498 3687 officiales
1543 3640 1689 3686 suos
1724 3619 1936 3685 omnia
1962 3621 2289 3706 recipiant,
2334 3640 2452 3686 nec
2482 3619 2563 3685 ad

236 3755 449 3803 manus
508 3757 682 3805 meas
730 3785 953 3802 .....
987 3756 1024 3801 o
1068 3736 1294 3802 talium
1347 3736 1706 3822 respiciant.
1796 3736 1904 3802 Ad
1958 3757 2114 3822 opus
2159 3757 2307 3802 vero
2352 3756 2565 3802 meum

236 3857 472 3919 tantum
518 3853 735 3920 decem
765 3850 998 3918 solidos
1030 3871 1106 3917 ex
1137 3852 1236 3918 his
1266 3851 1573 3919 reditibus
1605 3853 1844 3939 excepi,
1892 3852 2313 3939 superadditis
2341 3851 2561 3938 paucis

234 3966 297 4033 in
343 3969 610 4053 quadam
656 3967 992 4034 solitudine
1038 3969 1206 4051 agris
1221 4017 1240 4051 ,
1288 3988 1440 4054 quos
1488 3972 1736 4051 egomet
1780 3967 2101 4035 elaborare
2146 3968 2302 4054 cepi.
2394 3966 2560 4034 Malo

238 4083 397 4151 enim
435 4086 645 4151 minus
693 4083 922 4151 habere
968 4085 1296 4169 potestatis
1341 4084 1443 4150 vel
1488 4104 1648 4169 quae
1677 4084 1924 4149 videtur
1968 4083 2281 4167 utilitatis,
2327 4089 2399 4148 ut
2429 4103 2562 4149 am—

237 4197 396 4283 plius
436 4200 759 4287 possidere
803 4201 1042 4287 possim
1086 4200 1581 4284 tranquillitatis.
1722 4199 1831 4266 Set
1875 4200 2002 4266 iam
2045 4204 2437 4266 revertamur
2481 4199 2563 4265 ad

238 4318 329 4398 te,
386 4316 843 4382 considerantes
888 4315 1205 4382 mirabilia
1249 4315 1537 4399 Domini,
1586 4336 1744 4400 quae
1787 4315 2221 4401 multipliciter
2265 4319 2561 4401 operatus

242 4434 333 4495 est
386 4431 543 4498 circa
596 4438 679 4498 te.
771 4431 1109 4499 Enimvero
1168 4432 1345 4498 cumb
1392 4453 1541 4519 sepe
1597 4433 1825 4498 tacitus
1880 4452 1955 4498 ea
1997 4452 2242 4498 mecum
2286 4429 2560 4515 revolvo,

378 4583 416 4617 ι.
453 4573 532 4619 βοὰ
561 4576 728 4635 εσῷεἰ
748 4591 834 4635 pro
865 4575 962 4622 sive
992 4574 1064 4621 ed.
1184 4574 1230 4621 b.
1271 4588 1373 4621 cum
1403 4575 1470 4622 bis
1502 4576 1668 4637 legitur
1698 4577 1746 4621 in
1777 4573 1881 4621 eod.
