3319 5242
742 414 872 480 272
1398 432 1698 478 wmALm
1740 431 2115 479 anamma
2157 431 2435 478 ies-165.

569 578 706 634 1149
742 573 956 639 venire
999 572 1205 658 parati
1240 592 1474 642 sumus.
1645 572 1941 640 Vestram
1985 594 2133 639 vero
2179 573 2623 640 discretionem
2651 574 2873 639 intime
2900 591 3059 654 roga-

743 709 905 772 mus,
950 694 1040 771 ut,
1086 689 1250 754 sicut
1292 689 1556 755 domnus
1603 709 1774 775 papa
1818 694 2027 755 vestro
2074 689 2499 775 predecessori
2547 691 2807 775 scripsit
2824 685 2859 771 ¹,
2901 687 3062 753 nobis

744 805 821 871 de
851 804 1281 891 parrochianis
1328 811 1392 872 et
1425 805 1944 872 ministerialibus
1990 806 2239 888 vestriS,
2287 806 2397 890 qui
2424 806 2590 871 bona
2619 803 3062 872 Kaminatensis

745 920 1080 987 aecclesiae
1136 921 1532 1004 invaserunt,
1591 923 1907 988 iusticiam
1965 922 2240 1005 faciatis,
2300 922 2527 1006 quibus
2581 922 2778 988 nichil
2828 940 3063 1007 prorsus

745 1037 1029 1104 dedimus
1085 1036 1185 1103 vel
1236 1039 1654 1104 concessimus
1711 1038 1811 1104 vel
1868 1039 2083 1104 datum
2140 1038 2661 1121 recognoscimus.
2756 1037 3065 1104 Commen-

745 1153 966 1221 damus
1011 1159 1259 1222 vestrae
1305 1156 1529 1242 pietati
1573 1153 1842 1221 latorem
1885 1154 2292 1241 presentium.

756 1395 925 1466 164.
965 1399 1281 1464 Wt’baldus
1308 1396 1667 1461 Heinricmn
1697 1399 1978 1461 abbatem
2001 1396 2367 1461 Fuldensem
2401 1408 2458 1460 et
2487 1394 2977 1483 Hersseldemem
3006 1415 3070 1457 ac

969 1515 1305 1580 Fuldenses
1328 1513 1624 1594 hortatur,
1649 1524 1719 1576 ut
1748 1513 2034 1599 expulsos
2053 1512 2384 1577 monachos
2405 1524 2733 1576 reumont.
2783 1509 2893 1590 (M.
2918 1509 3069 1586 144.)

573 1655 708 1708 1149
923 1646 1452 1713 Reverentissimo
1498 1646 1667 1732 patri
1714 1650 1777 1711 et
1810 1646 2009 1711 amico
2042 1666 2155 1710 suo
2186 1644 2534 1725 H(einrico)
2565 1644 2913 1710 venerabili
2942 1641 3073 1709 Ful-

748 1763 925 1828 densi
956 1767 1020 1829 et
1049 1760 1491 1828 Hersveldensi
1524 1761 1736 1827 abbati
1769 1766 1831 1827 et
1861 1761 2149 1826 omnibus
2182 1760 2511 1827 Fuldensis
2555 1761 2895 1827 aecclesiae
2922 1759 3073 1840 filiis,

749 1885 880 1944 tam
922 1877 1247 1943 monachis
1294 1898 1484 1962 quam
1527 1877 1725 1960 laicis,
1773 1878 1971 1943 frater
2000 1876 2378 1959 W(ibaldus)
2410 1878 2531 1943 Dei
2568 1879 2775 1961 gratia
2802 1878 2892 1960 id,
2929 1874 3076 1962 quod

750 1999 846 2060 est
889 1994 957 2059 in
993 1993 1293 2060 aecclesia
1323 1994 1649 2076 catholica,
1685 1995 1943 2077 exiguas
1976 1995 2288 2060 orationes
2321 1999 2384 2060 et
2414 1995 2709 2060 devotum
2740 1995 3075 2060 servitium.

927 2109 1074 2175 Filii
1129 2115 1193 2175 et
1247 2111 1475 2176 fratres
1520 2111 1717 2176 vestri
1768 2108 2143 2196 Lampertus
2200 2117 2263 2177 et
2307 2111 2491 2176 Dudo
2549 2117 2613 2176 et
2666 2110 2776 2176 alii
2834 2110 3075 2195 quidam

747 2232 1028 2292 nostram
1072 2227 1450 2312 parvitatem
1483 2225 1582 2292 vel
1627 2247 1742 2312 per
1787 2247 1855 2292 se
1884 2225 1985 2292 vel
2029 2246 2143 2312 per
2190 2229 2442 2294 nuntios
2489 2247 2633 2293 suos
2677 2244 3078 2313 sepenumero

749 2344 1057 2426 adierunt,
1105 2349 1355 2408 orantes
1403 2343 1723 2424 attentiuS,
1770 2347 1839 2406 ut
1885 2343 1965 2407 ad
2010 2362 2229 2428 pacem
2277 2350 2340 2409 et
2382 2344 2958 2411 reconciliationem
2986 2363 3078 2407 ve-

748 2465 945 2524 stram
990 2463 1054 2524 et
1100 2459 1178 2524 ad
1222 2467 1590 2541 regressum
1624 2458 1991 2523 monasterii
2037 2459 2156 2542 sui,
2204 2459 2280 2524 de
2328 2480 2450 2543 quo
2497 2481 2563 2525 se
2609 2460 2841 2525 iniuste
2879 2458 3079 2546 pulsos

749 2580 1232 2660 conqueruntur,
1275 2575 1448 2641 viam
1494 2594 1609 2660 per
1654 2579 1905 2639 nostrae
1952 2574 2281 2660 peticionis
2326 2576 2839 2642 intercessionem
2887 2575 3079 2663 aperi·

748 2713 978 2758 remus.
1034 2692 1212 2770 Quod
1236 2713 1348 2757 nos
1383 2691 1678 2755 karitatis
1708 2691 1963 2773 intuitu,
1986 2690 2136 2756 licet
2164 2692 2366 2777 inviti,
2392 2693 2644 2758 tandem
2678 2700 3078 2773 assumentcS,

748 2810 1029 2874 omnium
1085 2812 1150 2874 et
1194 2806 1583 2889 singulorum
1629 2806 1894 2892 pedibus
1944 2808 2152 2872 animo
2201 2808 2509 2892 advoluti,
2566 2810 2942 2896 suppliciter
2986 2810 3081 2875 de-

746 2944 1108 3011 precamur,
1166 2930 1237 2989 ut
1281 2923 1708 2989 misereamini
1752 2923 2022 2988 fratrum
2069 2928 2419 2990 vestrorum
2465 2931 2556 3009 et,
2607 2927 2755 3009 quia
2797 2926 3082 3012 propriae

748 3041 1011 3107 actionis
1069 3041 1230 3106 vicio
1299 3039 1377 3105 de
1432 3038 1736 3105 aecclesia
1793 3060 1908 3106 nec
1968 3041 2203 3124 egressi
2260 3062 2377 3107 nec
2432 3042 2694 3127 proiecti
2750 3047 2926 3125 sunt,
2998 3046 3083 3108 set

748 3158 1057 3241 quaedam
1087 3156 1436 3223 communis
1468 3156 1803 3240 discordia,
1840 3176 2027 3241 quam
2060 3177 2196 3223 esse
2225 3156 2491 3223 firmiter
2520 3158 2793 3244 sopitam
2825 3163 3081 3245 oportet,

749 3273 827 3338 de
856 3279 1066 3339 vestro
1115 3295 1219 3339 eos
1264 3273 1524 3357 collegio
1571 3272 1987 3359 proturbavit,
2034 3273 2205 3358 ipsos
2253 3293 2398 3339 cum
2444 3274 2608 3341 bona
2636 3276 2822 3341 venia
2850 3277 2916 3340 in
2945 3295 3082 3339 eon-

749 3390 1116 3473 gregatione
1169 3390 1487 3477 recipiatis
1559 3396 1624 3455 et
1681 3390 1842 3455 sicut
1897 3387 2059 3454 filios
2129 3394 2192 3455 et
2243 3390 2470 3455 fratres
2530 3397 2770 3457 vestros
2825 3392 3083 3474 benigna

751 3505 1024 3571 karitate
1067 3505 1348 3571 foveatis.
1428 3506 1727 3571 Omnium
1772 3506 2039 3569 fratrum
2085 3511 2443 3571 nostrorum
2488 3508 2656 3572 circa
2696 3527 2813 3572 nos
2860 3506 3080 3594 posito-

751 3640 894 3685 rum
940 3622 1259 3686 sentencia
1304 3626 1367 3687 et
1411 3622 1641 3707 peticio
1689 3621 1906 3687 eadem
1954 3626 2080 3706 est,
2139 3622 2527 3707 timentium,
2584 3643 2662 3688 ne
2706 3623 2871 3689 forte
2916 3642 3078 3688 scan-

753 3735 967 3802 dalum
1022 3737 1273 3820 aliquod
1329 3738 1583 3821 gravius
1636 3738 1783 3804 inde
1829 3737 2037 3803 valeat
2081 3738 2349 3823 oboriri,
2407 3740 2461 3805 si
2507 3759 2633 3805 non
2678 3740 2981 3806 fuerimus
3021 3739 3075 3802 in

751 3852 871 3918 hoc
917 3854 956 3920 a
997 3852 1175 3919 vobis
1222 3854 1517 3920 exauditi.

761 4081 1080 4171 165.1De
1129 4085 1499 4152 Theoderico
1547 4090 1762 4152 comice
1808 4086 2165 4152 Huxarensi
2209 4112 2347 4153 cum
2394 4088 2670 4154 Wibaldo
2715 4092 2784 4154 in
2825 4092 3075 4177 ⁸qratiam

972 4225 1235 4266 reverso.
2775 4203 2885 4285 (M.
2926 4199 3072 4280 145.)

573 4350 711 4404 1149
933 4333 1118 4400 Anno
1165 4334 1421 4400 Domini
1472 4336 1674 4420 1149,
1726 4333 2095 4420 prelationis
2153 4342 2361 4402 autem
2417 4336 2631 4401 domni
2674 4335 2942 4405 Wiboldi
2985 4335 3103 4423 ab<

541 4422 672 4470 ab*
694 4424 722 4470 ⁸
757 4449 921 4516 batis
978 4450 1046 4515 in
1092 4449 1454 4518 Corbeiensi
1508 4451 1811 4518 aecclesia
1865 4453 2085 4536 tertio,
2147 4452 2564 4518 Theodericus
2619 4473 2828 4521 comes
2875 4444 3072 4521 villae'

902 4582 951 4636 1.
988 4580 1056 4637 V.
1095 4595 1181 4650 ep.
1209 4583 1280 4636 83
1317 4596 1485 4651 supra
1517 4597 1572 4651 p.
1601 4581 1725 4637 157.
1903 4585 1954 4638 2.
1993 4583 2350 4640 Huxarensis.
