3319 5242
671 318 759 384 96
1372 336 1671 384 wmALm
1712 334 2087 382 amsi-omn
2131 334 2205 381 14.
2239 333 2314 381 15.

427 482 562 536 1137
672 484 736 544 et
777 480 1140 564 pervertere
1183 478 1745 564 praesumpserint,
1794 484 1858 544 et
1902 476 2130 561 aliquis
2160 474 2275 542 tali
2302 475 2577 542 factione
2607 495 2744 542 sese
2773 473 3015 542 intrudi

350 555 639 663 paguegost
670 593 1061 679 permiserit,
1113 594 1348 678 sciatis,
1394 614 1508 660 nos
1554 593 1810 679 plenam
1855 593 1933 659 de
1979 592 2158 659 vobis
2204 592 2645 672 auctoritatem
2688 597 2755 658 et
2796 611 3015 658 curam

670 715 1025 777 retenturos
1085 715 1149 777 et
1201 710 1269 776 in
1325 709 1549 794 talem,
1607 716 1913 795 tanquam
1939 709 2034 774 ‘in
2079 710 2394 776 intrusum
2438 713 2503 775 et
2545 708 2906 775 invasorem
2953 711 3015 774 et

670 825 1232 913 supplantatorem,
1278 846 1393 893 nos
1438 826 1507 893 in
1552 825 1844 893 omnibus
1889 824 2170 892 conciliis
2217 831 2282 893 et
2326 825 2538 909 curiis,
2587 830 2651 891 et
2688 824 2837 892 viva
2864 843 3016 890 voce

671 947 736 1030 et
779 943 1053 1030 scriptis,
1099 963 1346 1030 semper
1393 947 1663 1009 acturos.
1799 941 1897 1008 De
1942 942 2130 1008 rebus
2177 946 2390 1008 autem
2434 940 2807 1007 monasterii
2837 939 3015 1007 vobis

637 1057 997 1144 .dicimus‚-
1025 1080 1104 1127 ne
1158 1061 1321 1127 forte
1369 1058 1596 1145 aliquis
1643 1078 1722 1125 ex
1764 1058 1947 1125 nobis
1995 1063 2105 1124 aut
2148 1065 2410 1145 propter
2454 1078 2570 1124 nos
2617 1057 3016 1124 occasionem

669 1174 821 1242 mali
868 1176 1171 1263 accipiat,
1230 1175 1397 1262 quod
1444 1175 1801 1260 quindecim
1846 1180 2094 1242 tantum
2138 1194 2386 1241 marcas
2433 1175 2680 1259 argenti
2725 1174 2809 1244 ad
2851 1173 3014 1240 tanti

670 1312 978 1379 expensas
1021 1292 1270 1359 itineris
1314 1291 1496 1358 nobis
1540 1291 1809 1358 domnus
1856 1287 2162 1357 decanus¹
2209 1296 2272 1358 et
2314 1292 2543 1360 fratres
2587 1291 2792 1358 nostri
2827 1309 3013 1378 prae-

667 1407 957 1478 buerunt.
1029 1408 1295 1475 Caetera
1335 1428 1483 1474 vero
1530 1409 1744 1478 omnia
1788 1412 1852 1474 et
1895 1408 2021 1494 ipsi
2066 1408 2143 1474 de
2188 1407 2484 1474 thesauro
2531 1413 2910 1495 acceperunt
2951 1412 3017 1474 et

668 1545 783 1611 per
853 1546 922 1593 se
987 1525 1056 1591 in
1121 1531 1255 1591 tam
1323 1524 1539 1591 multis
1597 1531 1663 1592 et
1716 1523 1964 1608 magnis
2021 1524 2499 1591 necessitatibus
2557 1523 3012 1613 expenderunt.

671 1627 943 1708 Servate
975 1645 1280 1726 nostram,
1324 1642 1393 1708 id
1438 1646 1534 1708 est
1577 1645 1857 1707 vestram
1904 1647 1968 1708 et
2011 1661 2240 1725 meam,
2286 1642 2355 1708 in
2394 1640 2873 1709 remunerandis
2899 1639 3014 1707 ho-

668 1758 966 1842 minibus,
1013 1758 1122 1843 qui
1150 1757 1331 1824 nobis
1361 1758 1734 1842 servierunt,
1778 1757 2034 1824 famam.
2108 1756 2368 1825 Servate
2397 1757 2592 1824 michi
2620 1755 3016 1825 Gualterium

669 1894 902 1958 meum,
951 1874 1060 1959 qui
1106 1874 1274 1961 apud
1317 1894 1429 1940 vos
1475 1872 1763 1940 infirmus
1808 1875 2130 1941 remansit.
2304 1873 2402 1941 De
2446 1868 2789 1941 Rainaldo'
2833 1871 3016 1940 inva-

670 2010 810 2057 sore
876 1995 943 2084 et
1008 1991 1260 2078 periuro
1329 1990 1633 2057 monacho
1690 2011 1806 2059 nec
1860 1992 2097 2058 mentio
2155 2011 2432 2077 unquam
2467 1989 2658 2082 ,apud
2712 2009 2826 2058 vos
2879 1987 3013 2072 fiat.

669 2105 843 2174 Deus
888 2107 1065 2195 pacis
1111 2112 1177 2175 et
1218 2105 1572 2175 dilectionis
1616 2107 1703 2174 sit
1747 2126 1997 2195 semper
2028 2127 2173 2175 cum
2203 2105 2491 2175 omnibus
2523 2106 2722 2173 vobis.
2769 2104 3011 2173 Valete.

679 2399 796 2469 15.
844 2402 1160 2468 Wibaldus
1189 2402 1521 2492 Raynaldo
1554 2396 2044 2486 (Colementano)
2088 2424 2245 2465 novo
2282 2404 2492 2467 abbati
2523 2402 2839 2467 Casinensi
2861 2425 3015 2488 qra-

847 2519 1095 2584 tulatur.
1191 2517 1470 2584 Ouonem
1538 2519 1839 2583 decanum
1906 2528 1964 2581 et
2020 2520 2299 2582 nuntium
2365 2541 2545 2583 mum
2611 2518 3014 2582 commendat.

845 2636 1119 2700 Anulum
1166 2647 1223 2701 et
1262 2636 1531 2722 siqillum
1574 2636 1878 2699 remittiv.
2777 2631 2886 2714 (Μ.
2918 2634 3015 2715 4.)

421 2776 559 2830 1137
845 2766 1208 2835 Reverendo
1254 2770 1423 2856 patri
1466 2760 1880 2855 R(aynaldo)⁸
1925 2767 2127 2832 sancti
2172 2765 2532 2832 Casinensis
2579 2766 2856 2833 coenobii
2905 2788 3016 2833 ve-

330 2850 651 2909 postNov.14
668 2883 936 2950 nerabili
982 2880 1227 2952 abbati⁴
1274 2885 1471 2951 frater
1503 2882 1852 2951 Guibaldus
1883 2881 2004 2947 Dei
2049 2882 2254 2966 gratia
2285 2881 2677 2949 Stabulensis
2714 2882 3017 2967 ecclesiae

668 3021 885 3067 servus
931 3001 1430 3068 benedictionem
1477 3005 1541 3068 et
1585 3001 1784 3066 vitam
1829 3020 2028 3084 usque
2072 3000 2141 3064 in
2185 2998 2484 3065 seculum.

844 3116 1132 3184 Electum
1189 3117 1339 3184 vos⁵
1397 3118 1716 3183 communi
1770 3116 2039 3181 fratrum
2096 3114 2448 3181 coniventia
2507 3121 2571 3182 et
2623 3114 2692 3180 in
2749 3113 3018 3181 ecclesia

669 3231 996 3299 Casinensi
1041 3231 1416 3316 regulariter
1461 3232 1820 3298 ordinatum
1869 3231 2214 3315 audientes,
2261 3231 2488 3316 gaudio
2529 3231 2731 3316 gavisi
2761 3251 3015 3313 sumus;

671 3348 905 3435 quippe
954 3349 1081 3433 qui,
1126 3348 1277 3415 licet
1321 3345 1525 3414 officio
1574 3347 1778 3413 eidem
1813 3347 2111 3414 ecclesiae
2144 3347 2587 3414 administrare
2619 3346 3018 3432 desierimus,

672 3463 895 3531 affectu
951 3468 1165 3531 tamen
1226 3470 1292 3530 et
1348 3462 1769 3529 sollicitudine
1826 3484 1954 3530 non
2008 3463 2342 3529 alteratum
2390 3464 2670 3531 animum
2713 3463 3016 3547 gerimus.

668 3580 1025 3668 Eapropter
1068 3600 1179 3647 vos
1225 3580 1294 3646 in
1338 3580 1590 3645 nomine
1620 3579 1880 3646 Domini
1927 3600 2041 3666 per
2086 3580 2447 3666 praesentia
2491 3579 2727 3666 scripta
2758 3580 2836 3646 ab
2867 3579 3020 3647 obe-

670 3696 926 3781 dientia,
976 3717 1163 3782 quam
1203 3696 1383 3763 nobis
1415 3696 1819 3782 promisistiS,
1867 3696 2120 3762 omnino
2154 3694 2555 3779 absolvimus,
2603 3701 2668 3762 et
2696 3696 2803 3782 qui
2833 3696 3019 3764 vobis

671 3812 1006 3898 aliquando
1054 3813 1307 3897 indigne
1352 3813 1762 3899 praefuimus,
1817 3813 2011 3879 vestri
2058 3811 2293 3878 subditi
2340 3817 2402 3877 et
2447 3812 2614 3878 servi
2660 3817 2723 3878 et
2768 3833 2905 3879 esse
2953 3818 3022 3880 et

669 3928 795 3995 dici
839 3949 967 3995 non
1012 3930 1453 3997 erubescimus.
1638 3928 2172 3995 Commendamus·
2215 3934 2425 3995 autem
2471 3934 2718 3995 vestrae
2761 3930 3023 3997 caritati

813 4093 854 4126 ι.
892 4081 944 4129 V.
977 4098 1116 4139 supra
1144 4099 1191 4142 p.
1210 4081 1271 4128 95
1304 4100 1346 4127 n.
1365 4100 1409 4127 σ.
1532 4081 1577 4127 b.
1609 4095 1695 4127 nos
1727 4080 1797 4127 ed.
1829 4082 2030 4143 Angelus
2063 4081 2120 4127 de
2155 4082 2291 4126 Nuce.

814 4175 862 4229 1.
899 4174 1047 4231 Otto.
1190 4178 1242 4231 2.
1281 4175 1653 4245 Hetruriensi‚
1702 4175 1919 4231 deiecto
1953 4174 2154 4230 abbate
2191 4173 2497 4230 casinensi.
2639 4175 2693 4230 3.
2731 4174 3022 4232 colemen-

669 4268 819 4321 tano.
959 4263 1013 4319 4.
1050 4265 1181 4320 circ.
1222 4265 1290 4319 14
1324 4265 1466 4320 Nov.
1507 4265 1643 4319 1137
1681 4263 1870 4320 abbati
1907 4263 2192 4320 Casinensi
2228 4263 2424 4333 electo,
2462 4279 2587 4320 cum
2624 4262 2769 4335 „iam
2807 4264 3020 4322 duode-

670 4354 776 4409 cim
825 4352 946 4409 dies
979 4369 1014 4408 a
1048 4353 1309 4410 Guibaldi
1353 4369 1576 4411 recessu
1610 4353 2007 4410 transiissent.“
2065 4354 2213 4409 Petr.
2250 4352 2393 4409 diac.
2426 4352 2629 4410 Chr-on.
2662 4352 2789 4409 Cas.
2824 4352 2888 4409 L.
2918 4354 3020 4411 IV.

669 4458 719 4498 c.
751 4442 851 4498 128
885 4442 923 4497 1.
948 4442 986 4497 l.
