3319 5242
732 428 862 495 206
1401 446 1700 493 wmALm
1742 442 2117 493 semrom
2160 444 2267 491 128.
2302 443 2408 490 12⁹.

739 587 775 656 1
789 585 912 658 28.
953 588 1291 654 Fuldenses
1334 588 1685 656 Wibaldum
1732 601 2105 676 precantur,
2165 599 2236 653 ut
2292 590 2531 655 abbatis
2576 587 2846 674 eliyendi
2887 609 3060 652 omne

952 706 1054 771 die
1096 705 1142 769 4
1186 705 1554 771 Novembris
1599 706 1689 771 ad
1727 729 1793 771 se
1835 708 2057 772 veniat.
2282 740 2287 747 ·
2753 701 2861 786 (Μ.
2902 704 3058 784 107.)

554 841 694 897 1148
905 835 1240 919 W(ibaldo)
1308 841 1564 906 sanctae
1623 837 2020 906 Corbeiensis
2090 835 2429 903 aecclesiae
2494 835 2791 920 religioso
2862 836 3065 904 abbati

580 913 678 962 ω’
731 953 959 1038 exigua
1000 952 1331 1020 Fuldensis
1388 955 1821 1039 congregatiO,
1883 953 1958 1021 G.
2002 954 2342 1020 advocatus
2404 973 2549 1019 cum
2606 955 2779 1019 omni
2832 952 3069 1020 familia

730 1070 930 1137 sancti
971 1068 1283 1136 Bonifacii
1327 1071 1770 1137 devotissimae
1816 1071 2138 1137 servitutis
2185 1074 2250 1136 et
2292 1070 2597 1136 orationis
2642 1070 2959 1156 obsequia.

907 1185 1216 1265 Quoniam
1268 1188 1339 1253 in
1391 1186 1902 1255 tribulationibus
1963 1192 2028 1254 et
2087 1187 2392 1271 angustiis
2405 1236 2425 1270 ,
2487 1207 2647 1272 quae
2698 1188 3071 1253 invenerunt

728 1323 844 1370 nos
886 1304 1077 1371 nimis
1123 1304 1222 1370 his
1268 1303 1508 1387 diebus,
1555 1309 1890 1390 paternum
1937 1302 2230 1371 affectum
2274 1310 2564 1370 vestrum
2584 1303 2852 1371 diversis
2885 1304 3070 1370 bene-

727 1418 886 1487 ficiis
932 1441 1148 1488 sumus
1202 1420 1481 1506 experti,
1541 1420 1619 1486 de
1673 1420 2103 1487 habundantia
2146 1425 2394 1487 vestrae
2438 1420 2694 1506 pietatis
2748 1440 2876 1487 non
2927 1440 3073 1506 pos-

728 1556 944 1603 sumus
992 1557 1128 1603 esse
1171 1537 1415 1603 incerti.
1481 1535 1879 1622 Quapropter
1923 1535 2112 1602 solita
2157 1557 2307 1620 erga
2350 1556 2465 1602 nos
2509 1556 2663 1602 usus
2709 1537 2936 1620 gratia,
2982 1536 3075 1623 pii

726 1654 928 1740 patris
974 1652 1285 1720 ostendite
1325 1652 1665 1719 karitatem
1712 1657 1775 1719 et
1811 1653 2011 1737 nobis,
2062 1674 2142 1720 ex
2180 1654 2406 1719 merito
2438 1652 2791 1739 iniquitatis
2820 1659 3074 1719 nostrae

728 1769 1077 1852 tribulatis»,
1133 1769 1340 1856 pridie
1383 1769 1598 1835 Nonas
1643 1769 2018 1837 Novembris
2071 1769 2152 1835 ad
2196 1789 2311 1835 nos
2356 1769 2664 1836 veniendo
2711 1789 3076 1836 succurrere

725 1905 855 1952 non
900 1883 1223 1953 differatis.
1295 1885 1524 1952 Sumus
1571 1886 1743 1952 enim
1787 1887 1997 1972 parati
2033 1887 2350 1972 preceptis
2381 1886 2597 1952 domni
2626 1906 2833 1972 papae
2862 1886 2933 1951 in
2963 1885 3075 1952 eli-

727 2001 930 2085 gendo
977 2001 1267 2069 abbatem
1313 2002 1585 2069 obedire.
1651 2002 1890 2068 Idcirco
1937 2022 2048 2068 vos
2095 2002 2376 2088 aliosque
2421 2002 2749 2087 religiosos
2794 2002 3073 2084 abbates,

727 2137 767 2183 a
813 2118 1040 2184 domno
1088 2139 1259 2206 papa
1303 2120 1383 2186 ad
1428 2120 1693 2187 eandem
1741 2118 2112 2185 electionem
2155 2118 2640 2204 predestinatos,
2685 2120 2918 2187 litteris
2962 2141 3076 2186 no-

727 2234 876 2300 stris
932 2253 1158 2303 vocare
1213 2242 1427 2304 ratum
1484 2237 1799 2302 duximus,
1873 2233 1983 2301 Set
2040 2234 2190 2319 quia
2242 2240 2389 2321 post
2431 2234 2641 2302 Deum
2684 2238 2964 2302 maxime
3009 2238 3074 2302 in

724 2350 903 2417 vobis
949 2350 1340 2436 confidimuS,
1386 2353 1837 2440 paternitatem
1880 2356 2160 2418 vestram
2202 2352 2437 2418 iterum
2479 2358 2667 2438 atque
2695 2353 2934 2419 iterum
2960 2353 3074 2419 hu-

725 2450 962 2534 militer
1013 2468 1461 2555 imploramus,
1516 2474 1590 2535 ut
1641 2468 1724 2534 ad
1769 2488 1964 2554 supra
2007 2468 2248 2535 dictum
2289 2467 2633 2535 terminum
2680 2470 2762 2535 ad
2806 2490 2924 2536 nos
2969 2490 3074 2536 ve·

724 2584 862 2651 nire
906 2603 1034 2659 non
1079 2585 1468 2672 pigritemini
1513 2591 1578 2652 et
1619 2584 1803 2653 nobis
1836 2583 2213 2652 consulendo
2245 2590 2312 2652 et
2341 2584 2703 2653 auxiliando
2737 2586 3072 2654 subvenire

724 2719 855 2767 nou
899 2701 1342 2785 dedignemini.

733 2902 906 2974 129.
947 2907 1285 2973 Ρυῖάεπεεε
1316 2930 1356 2971 α
1390 2907 1852 2974 Corbeiensibus
1876 2919 2111 2995 petunt,
2160 2919 2380 2993 royent
2414 2907 2785 2990 Wibaldum,
2825 2921 2896 2974 ut
2921 2909 3072 2974 Fal-

947 3025 1096 3094 dam
1138 3025 1359 3088 vemat.
2194 3069 2199 3076 -
2749 3022 2860 3103 (Μ.
2903 3025 3075 3105 108.)

551 3158 690 3214 1148
902 3146 1378 3214 venerabilibus
1438 3146 1710 3212 dominis
1757 3150 1822 3212 et
1873 3146 2293 3214 confratribus
2337 3147 2572 3213 nostris
2618 3152 2878 3215 sanctae
2924 3147 3076 3214 Cor-

577 3230 674 3278 0‘*
726 3264 995 3331 beiensis
1041 3262 1381 3330 aecclesiae
1425 3262 1757 3344 Fuldensis
1815 3263 2215 3347 congregatio
2273 3263 2702 3341 sinceritatem
2758 3265 3076 3333 fraternae

724 3378 1076 3446 dilectionis
1124 3380 1191 3447 in
1236 3378 1509 3446 Christo.

901 3494 1224 3562 Fraternis
1282 3494 1815 3562 consolationibus
1860 3495 2088 3561 vestris
2102 3544 2121 3579 ,
2181 3516 2301 3581 que
2346 3495 2534 3582 plene
2577 3495 3077 3566 laetificaverunt

726 3611 969 3677 animas
1012 3616 1285 3695 nostras,
1334 3609 1676 3694 condignas
1721 3616 1932 3695 grates
1967 3612 2202 3684 referre
2230 3612 2586 3698 nequimus„
2632 3614 2784 3699 quia
2817 3616 3076 3682 miseria

725 3732 791 3795 et
845 3726 1181 3793 afflictione
1235 3727 1532 3794 inebriati
1587 3728 1718 3794 iam
1771 3728 2203 3814 experimento
2251 3727 2617 3812 didicimus,
2676 3730 2848 3816 quod
2893 3732 3073 3816 longe

726 3847 823 3909 est
867 3864 906 3909 a
947 3844 1380 3930 peccatoribus
1427 3843 1615 3910 salus.
1698 3844 2004 3910 Attamen
2059 3845 2113 3910 si
2156 3843 2346 3910 Pater
2389 3845 2973 3916 misericordiarum
3016 3853 3076 3914 et

723 3959 896 4026 Deus
941 3960 1136 4026 totius
1183 3960 1628 4027 consolationis
1675 3981 1790 4047 per
1836 3961 2090 4027 divitias
2135 3960 2373 4044 gloriae
2409 3982 2559 4029 suae
2588 3983 2704 4028 nos
2736 3962 3073 4049 aliquando

725 4076 1022 4160 dignatur
1079 4076 1418 4162 consolari,
1478 4099 1596 4165 pro
1654 4078 1855 4146 nimia
1910 4077 1979 4143 in
2033 4097 2150 4143 nos
2199 4075 2322 4143 fide
2366 4083 2581 4144 vestra
2625 4098 2699 4145 ac
2744 4079 3073 4148 devotione

722 4192 1088 4260 memoriale
1142 4199 1422 4260 vestrum
1479 4194 1648 4280 apud
1702 4214 1819 4261 nos
1877 4192 2269 4282 peramplius
2328 4198 2392 4260 et
2445 4195 2787 4281 perfectius
2842 4198 2970 4264 erit
3012 4198 3075 4263 111

727 4308 1173 4377 benedictione.
1247 4311 1515 4377 Oramus
1575 4331 1723 4394 ergo
1781 4311 2239 4378 beatitudinem
2290 4315 2596 4395 vestram,
2657 4316 2729 4377 ut
2774 4312 3073 4380 domnum

724 4423 1016 4492 abbatem
1073 4431 1355 4514 tempore
1411 4426 1539 4493 sibi
1596 4447 1636 4492 a
1687 4426 1868 4494 nobis
1914 4427 2241 4512 designato
2288 4427 2371 4494 ad
2414 4448 2530 4494 nos
2576 4428 2793 4496 venire
2841 4429 3073 4515 absque

722 4541 854 4607 ulla
908 4543 1232 4610 occasione
1286 4563 1511 4627 rogare
1568 4542 1801 4610 curetis
1815 4592 1834 4627 ‚
1894 4545 2189 4630 quatinus
2237 4545 2371 4612 eius
2418 4544 2681 4612 consilio
2729 4550 2794 4612 et
2837 4545 3071 4612 auxilio
