3319 5242
727 401 860 469 386
1489 418 1788 466 wnnnm
1828 417 2159 467 aaaron
2202 417 2312 465 seo.

553 565 693 621 1150
905 558 1251 645 Postquam
1306 578 1348 625 a
1401 558 1710 646 colloquio
1754 563 1962 627 vestro
2018 559 2100 626 ad
2151 558 2602 627 monasterium
2643 563 2932 625 nostrum
2967 577 3056 624 re-

729 675 931 761 gressi
984 695 1201 742 sumus
1257 679 1322 742 et
1362 679 1497 742 tam
1539 675 1842 747 fratribus
1886 676 2121 743 nostris
2166 695 2358 762 quam
2401 674 2544 741 aliis
2587 672 2878 742 fidelibus
2921 674 3057 740 Gor-

728 791 1000 860 beiensis
1045 790 1411 877 aecclesiae,
1457 812 1619 878 quae
1664 791 1834 880 apud
1875 791 2140 860 Hamele
2182 795 2363 876 gesta
2405 797 2575 874 sunt,
2618 791 3057 875 intimavima

728 907 912 977 valde
954 909 1168 976 mirati
1212 914 1360 976 sunt
1405 915 1472 976 et
1512 907 1867 992 doluerunt,
1915 908 2083 995 quod
2111 908 2508 976 Corbeiensis
2544 907 2872 991 aecclesia,
2916 926 3063 994 quae

728 1044 840 1093 vos
886 1024 1206 1112 aliquanto
1252 1031 1538 1113 tempore
1583 1030 1648 1093 et
1691 1026 1982 1093 educavit
2025 1031 2091 1093 et
2122 1024 2414 1107 erudivit,
2460 1024 2529 1090 in
2557 1030 2780 1091 nostra
2806 1043 3065 1112 persona

727 1146 975 1209 tantum
1033 1143 1119 1209 sit
1164 1163 1204 1209 a
1245 1142 1425 1209 vobis
1470 1146 1535 1209 et
1579 1161 1621 1208 a
1663 1141 1891 1208 vestris
1937 1141 2233 1227 despecta
2277 1146 2344 1208 et
2385 1144 2520 1207 tam
2560 1140 2907 1208 indiscrete
2946 1146 3065 1207 tra-

728 1262 914 1324 ctata.
1022 1257 1347 1344 Siquidem
1414 1256 1879 1324 mandaveratis
1944 1258 2126 1325 nobis
2192 1258 2398 1345 primo
2464 1277 2582 1344 per
2646 1258 3039 1345 prepositum
3052 1252 3068 1283 ¹

730 1373 1066 1442 aecclesiae
1119 1380 1406 1459 nostrae,
1461 1373 1689 1441 deinde
1744 1373 2017 1440 secundo
2071 1394 2186 1465 per
2237 1372 2606 1441 Heinricum
2662 1374 3068 1456 sacerdotem,

730 1490 899 1578 quod
941 1490 1025 1557 ad
1067 1489 1404 1578 pacificum
1432 1489 1813 1576 colloquium
1842 1510 1958 1558 nos
1987 1490 2317 1574 vocaretis,
2363 1495 2429 1557 et
2469 1509 2728 1557 causam
2763 1496 3070 1572 nostram,

728 1627 890 1695 quae
931 1607 1100 1674 inter
1134 1627 1247 1674 vos
1293 1612 1358 1674 et
1400 1626 1516 1674 nos
1558 1607 1694 1673 iam
1735 1606 1930 1673 etiam
1974 1626 2139 1673 anno
2181 1608 2315 1674 fere
2359 1601 2619 1692 quarto¹
2663 1626 2796 1673 non
2843 1606 3071 1692 absque

727 1723 1098 1808 fatigatione
1163 1743 1396 1808 magna
1457 1728 1799 1807 tractatur,
1866 1722 2137 1807 benigno
2202 1721 2329 1790 fine
2391 1722 2842 1790 terminaretis,
2944 1721 3075 1789 Hoc

727 1840 935 1927 ipsum
951 1889 972 1925 ,
1018 1858 1164 1906 cum
1209 1839 1292 1906 ad
1331 1859 1444 1907 vos
1488 1840 1877 1907 venissemus
1889 1834 1932 1924 ⁸,
1979 1840 2047 1905 in
2091 1843 2432 1926 conspectu
2474 1839 2678 1906 tocius
2723 1838 3076 1906 multitudi-

728 1955 851 2040 nis,
904 1956 1070 2022 sicut
1113 1955 1485 2040 dignitatem
1530 1960 1810 2024 vestram
1853 1956 2082 2040 decuit,
2127 1955 2449 2023 confessus
2491 1955 2733 2038 fuistis3
2791 1960 2893 2023 set
2934 1954 3076 2021 finis

730 2072 1035 2157 ostendit,
1092 2072 1260 2158 quod
1317 2093 1446 2140 non
1496 2073 1594 2140 ita
1644 2073 1717 2138 in
1772 2092 1960 2158 opere
2014 2072 2179 2140 sicut
2231 2072 2300 2138 in
2345 2091 2633 2139 sermone
2679 2071 3074 2139 exhibuistis.

727 2187 894 2257 Nam
948 2208 1093 2255 cnm
1135 2188 1314 2256 vobis
1358 2194 1493 2256 tam
1536 2188 1846 2256 veraciter
1891 2208 2082 2274 quam
2124 2187 2449 2256 humiliter
2491 2188 2925 2256 innocentiam
2966 2208 3076 2254 no-

728 2310 930 2373 stram
972 2305 1504 2393 probavissemus,
1550 2309 1615 2372 et
1658 2304 1739 2371 de
1782 2302 2021 2371 offensa
2048 2309 2281 2389 vestra,
2327 2304 2462 2372 sive
2503 2304 2644 2371 iure
2678 2305 2815 2372 sive
2844 2305 3080 2371 iniuria

729 2423 1044 2490 concitata
1087 2426 1273 2507 esset,
1318 2421 1497 2489 vobis
1544 2421 2039 2489 satisfactionem
2080 2421 2508 2509 preberemus,
2551 2441 2679 2488 non
2714 2420 2925 2488 solum
2952 2440 3079 2488 non

729 2538 1082 2627 recepistis,
1138 2543 1237 2606 set
1277 2542 1483 2605 totum
1527 2537 1863 2605 consilium
1907 2543 1973 2606 et
1998 2538 2263 2607 verbum
2293 2542 2576 2605 vestrum
2616 2537 2688 2604 in
2731 2558 2843 2605 ore
2885 2538 3078 2606 laico-

730 2676 894 2741 rum,
940 2676 1086 2724 cum
1128 2656 1208 2723 de
1252 2675 1443 2723 causa
1486 2656 1789 2723 canonica
1832 2661 2143 2741 ageretur,
2188 2654 2519 2742 posuistis;
2565 2675 2786 2722 eorum
2814 2655 3079 2739 scilicet,

732 2772 843 2858 qui
896 2788 1235 2860 personam
1286 2776 1571 2839 nostram
1623 2772 1921 2857 gravibus
1977 2771 2374 2840 contumeliis
2419 2770 2760 2838 affecerunt
2804 2777 2870 2838 et
2913 2771 3080 2838 bona

732 2887 1071 2955 aecclesiae
1114 2892 1370 2955 nostrae
1397 2887 1706 2957 violenter
1751 2894 1817 2957 et
1859 2909 1974 2977 per
2018 2887 2417 2972 sacrilegium
2449 2887 2876 2976 diripuerunt3
2926 2909 3081 2975 quo-

731 3025 875 3072 rum
917 3024 1030 3072 vos
1085 3006 1588 3073 communionem
1638 3005 1834 3073 immo
1889 3004 2202 3073 familiare
2254 3004 2735 3072 contubernium
2778 3010 2845 3072 et
2887 3005 3082 3072 collo-

734 3121 953 3208 quium
996 3126 1183 3208 atque
1227 3121 1578 3207 consilium,
1624 3123 1790 3189 sicut
1833 3120 2294 3190 aecclesiastica
2335 3121 2519 3189 docet
2545 3120 2905 3208 disciplina,
2952 3141 3079 3189 non

733 3237 1081 3306 devitastis.
1172 3238 1335 3323 Noe,
1388 3238 1499 3325 qui
1542 3238 1996 3325 scripseramus
2041 3237 2218 3306 vobis
2231 3287 2251 3322 ,
2298 3237 2465 3323 quod
2510 3237 2592 3305 ad
2635 3256 2858 3325 pacem
2902 3238 3080 3305 veni·

733 3374 974 3439 remus,
1034 3354 1153 3421 hoc
1203 3353 1506 3421 habentes
1561 3354 1633 3420 in
1684 3354 1872 3420 corde
1938 3353 2106 3440 quod
2157 3354 2489 3421 habuimus
2543 3354 2614 3420 in
2657 3373 2797 3438 ore,
2854 3374 3081 3441 pacem

734 3469 912 3538 vobis
957 3469 1296 3537 obtulimus
1342 3475 1406 3538 et
1449 3490 1640 3557 opere
1685 3474 1750 3536 et
1791 3470 2075 3537 veritate.
2171 3469 2282 3537 Set
2325 3470 2474 3556 quia
2513 3489 2642 3556 pax
2686 3474 2909 3537 nostra
2951 3491 3080 3538 non

734 3586 1062 3673 respondit
1090 3585 1292 3670 vobis,
1337 3590 1699 3674 poteramus
1742 3585 1881 3653 iure
1925 3591 2140 3655 nostro
2183 3606 2300 3673 pro
2344 3586 2560 3653 multis
2604 3586 3078 3669 gravaminibus

734 3703 970 3769 nostris
1015 3702 1388 3789 appellasse,
1433 3700 1594 3768 nihil
1619 3707 1930 3786 verentes,
1977 3702 2143 3789 quod
2175 3703 2294 3769 hoc
2320 3703 2503 3783 nobis
2528 3708 2746 3789 posset
2772 3703 3075 3786 accidere,

738 3818 905 3904 quod
932 3824 1139 3885 vestro
1186 3818 1400 3887 abbati
1432 3819 1510 3887 de
1539 3814 1791 3886 Insula‘
1816 3819 1888 3885 in
1916 3838 2034 3885 sua
2062 3817 2484 3906 appellatione
2512 3818 2795 3902 contigit.
2860 3818 3080 3886 Solent

738 3934 907 4002 enim
960 3933 1107 4001 laici
1149 3935 1345 4003 vestri
1399 3935 1705 4003 districtis
1760 3933 1988 4018 gladiis
2045 3934 2125 4001 de
2177 3933 2699 4021 appellationibus
2713 3984 2734 4020 ,
2790 3955 2951 4021 quae
2993 3934 3077 4001 ad

737 4048 1039 4119 domnum
1090 4070 1326 4139 papam
1366 4049 1556 4136 fiunt,
1610 4050 1910 4120 iudicare.
1983 4049 2106 4130 Qui
2157 4070 2327 4118 nunc
2377 4051 2446 4117 in
2500 4050 2810 4138 colloquio
2865 4055 3076 4119 vestro

882 4263 933 4317 1.
978 4259 1363 4318 Adelbertum‘.
1512 4263 1567 4318 2.
1612 4261 1759 4318 Hinc
1803 4262 2006 4333 liquet,
2053 4260 2343 4331 epistolam
2387 4259 2530 4316 hanc
2574 4275 2719 4317 anno
2772 4261 2910 4316 1150
2952 4273 3072 4315 eme

739 4349 1020 4421 scriptam.
1085 4348 1527 4408 Controversiam
1573 4349 1726 4406 illam
1774 4352 1922 4408 enim
1969 4349 2176 4407 scimus
2220 4349 2331 4404 iam
2373 4364 2445 4405 ex
2489 4365 2560 4404 m.
2596 4348 2897 4405 Februario
2940 4347 3072 4402 anni

741 4439 879 4496 1147
916 4438 1158 4496 fluxisse.
1192 4439 1262 4497 V.
1291 4455 1376 4510 ep.
1405 4439 1512 4494 180
1538 4454 1708 4509 supra
1732 4455 1786 4509 p.
1814 4441 1917 4496 301
1953 4457 2009 4495 ιι.
2034 4440 2090 4495 2.
2194 4440 2248 4495 8.
2271 4437 2575 4494 Hamelam.
2679 4438 2734 4493 4.
2759 4434 3068 4496 monasterii

742 4527 801 4584 S.
823 4528 1065 4584 Mauritii
1098 4527 1170 4585 de
1203 4528 1394 4585 Insula
1428 4526 1554 4597 (auf
1580 4526 1708 4585 dem
1733 4528 1988 4596 Werder)
2023 4543 2196 4599 prope
2229 4527 2490 4583 lindam.
