<?xml version="1.0" encoding="UTF-8"?>
<!DOCTYPE html PUBLIC "-//W3C//DTD XHTML 1.0 Transitional//EN"
    "http://www.w3.org/TR/xhtml1/DTD/xhtml1-transitional.dtd">
<html xmlns="http://www.w3.org/1999/xhtml" xml:lang="en" lang="en">
 <head>
  <title>
</title>
<meta http-equiv="Content-Type" content="text/html;charset=utf-8" />
  <meta name='ocr-system' content='tesseract 3.04.00' />
  <meta name='ocr-capabilities' content='ocr_page ocr_carea ocr_par ocr_line ocrx_word'/>
</head>
<body>
  <div class='ocr_page' id='page_1' title='image "./monumentacorbei00corvgoog_0120.png"; bbox 0 0 3319 5242; ppageno 0'>
   <div class='ocr_carea' id='block_1_1' title="bbox 746 424 2299 490">
    <p class='ocr_par' dir='ltr' id='par_1_1' title="bbox 746 424 2299 490">
     <span class='ocr_line' id='line_1_1' title="bbox 746 424 2299 490; baseline -0.001 -2"><span class='ocrx_word' id='word_1_1' title='bbox 746 424 871 490; x_wconf 87' lang='grc'><strong>106</strong></span> <span class='ocrx_word' id='word_1_2' title='bbox 1515 443 1812 488; x_wconf 74' lang='lat' dir='ltr'><strong>wmALm</strong></span> <span class='ocrx_word' id='word_1_3' title='bbox 1853 441 2181 489; x_wconf 75' lang='lat' dir='ltr'>EPISTOLA</span> <span class='ocrx_word' id='word_1_4' title='bbox 2224 441 2299 487; x_wconf 74' lang='lat' dir='ltr'><strong>as.</strong></span> 
     </span>
    </p>
   </div>
   <div class='ocr_carea' id='block_1_2' title="bbox 405 581 3068 669">
    <p class='ocr_par' dir='ltr' id='par_1_2' title="bbox 405 581 3068 669">
     <span class='ocr_line' id='line_1_2' title="bbox 405 581 3068 669; baseline -0 -21"><span class='ocrx_word' id='word_1_5' title='bbox 405 586 544 640; x_wconf 75' lang='lat'>1146</span> <span class='ocrx_word' id='word_1_6' title='bbox 577 604 644 635; x_wconf 79' lang='lat' dir='ltr'><strong>ex·</strong></span> <span class='ocrx_word' id='word_1_7' title='bbox 670 613 715 621; x_wconf 87' lang='lat'>-</span> <span class='ocrx_word' id='word_1_8' title='bbox 740 589 999 669; x_wconf 77' lang='lat' dir='ltr'><strong>stupens</strong></span> <span class='ocrx_word' id='word_1_9' title='bbox 1057 583 1296 667; x_wconf 80' lang='lat' dir='ltr'>gaudeo</span> <span class='ocrx_word' id='word_1_10' title='bbox 1354 589 1418 649; x_wconf 89' lang='lat' dir='ltr'><strong>et</strong></span> <span class='ocrx_word' id='word_1_11' title='bbox 1473 583 1750 666; x_wconf 83' lang='lat' dir='ltr'><strong>gaudens</strong></span> <span class='ocrx_word' id='word_1_12' title='bbox 1809 588 2061 669; x_wconf 91' lang='lat' dir='ltr'><strong>stupeo,</strong></span> <span class='ocrx_word' id='word_1_13' title='bbox 2118 602 2235 648; x_wconf 91' lang='lat' dir='ltr'><strong>nec</strong></span> <span class='ocrx_word' id='word_1_14' title='bbox 2294 587 2506 649; x_wconf 90' lang='lat' dir='ltr'><strong>tamen</strong></span> <span class='ocrx_word' id='word_1_15' title='bbox 2549 581 2617 646; x_wconf 93' lang='lat' dir='ltr'><strong>in</strong></span> <span class='ocrx_word' id='word_1_16' title='bbox 2659 581 2802 667; x_wconf 91' lang='lat' dir='ltr'><strong>ipso</strong></span> <span class='ocrx_word' id='word_1_17' title='bbox 2844 581 3068 664; x_wconf 82' lang='lat' dir='ltr'><strong>gaudio</strong></span> 
     </span>
    </p>
   </div>
   <div class='ocr_carea' id='block_1_3' title="bbox 405 658 635 711">
    <p class='ocr_par' dir='ltr' id='par_1_3' title="bbox 405 658 635 711">
     <span class='ocr_line' id='line_1_3' title="bbox 405 658 635 711; baseline -0.022 0"><span class='ocrx_word' id='word_1_18' title='bbox 405 658 541 711; x_wconf 82' lang='lat'><strong>1147</strong></span> <span class='ocrx_word' id='word_1_19' title='bbox 574 661 635 707; x_wconf 85' lang='lat' dir='ltr'><strong>in.</strong></span> 
     </span>
    </p>
   </div>
   <div class='ocr_carea' id='block_1_4' title="bbox 728 696 3071 1943">
    <p class='ocr_par' dir='ltr' id='par_1_4' title="bbox 728 696 3071 1943">
     <span class='ocr_line' id='line_1_4' title="bbox 738 696 3071 784; baseline -0.001 -19"><span class='ocrx_word' id='word_1_20' title='bbox 738 700 965 765; x_wconf 88' lang='lat' dir='ltr'><strong>timore</strong></span> <span class='ocrx_word' id='word_1_21' title='bbox 1009 718 1222 765; x_wconf 89' lang='lat' dir='ltr'><strong>careo:</strong></span> <span class='ocrx_word' id='word_1_22' title='bbox 1270 699 1591 782; x_wconf 85' lang='lat' dir='ltr'><strong>gratulans</strong></span> <span class='ocrx_word' id='word_1_23' title='bbox 1637 699 1928 784; x_wconf 82' lang='lat' dir='ltr'><strong>equidem</strong></span> <span class='ocrx_word' id='word_1_24' title='bbox 1969 718 2086 784; x_wconf 91' lang='lat' dir='ltr'><strong>pro</strong></span> <span class='ocrx_word' id='word_1_25' title='bbox 2118 698 2438 764; x_wconf 77' lang='lat' dir='ltr'>amiciciae</span> <span class='ocrx_word' id='word_1_26' title='bbox 2468 696 2677 764; x_wconf 87' lang='lat' dir='ltr'><strong>debito</strong></span> <span class='ocrx_word' id='word_1_27' title='bbox 2709 716 2899 783; x_wconf 89' lang='lat' dir='ltr'><strong>super</strong></span> <span class='ocrx_word' id='word_1_28' title='bbox 2928 703 3071 763; x_wconf 86' lang='lat' dir='ltr'><strong>tuae</strong></span> 
     </span>
     <span class='ocr_line' id='line_1_5' title="bbox 737 812 3070 902; baseline -0.001 -21"><span class='ocrx_word' id='word_1_29' title='bbox 737 834 1043 901; x_wconf 80' lang='lat' dir='ltr'><strong>personae</strong></span> <span class='ocrx_word' id='word_1_30' title='bbox 1088 820 1219 880; x_wconf 89' lang='lat' dir='ltr'><strong>tam</strong></span> <span class='ocrx_word' id='word_1_31' title='bbox 1262 813 1597 902; x_wconf 78' lang='lat' dir='ltr'>multiplici</span> <span class='ocrx_word' id='word_1_32' title='bbox 1644 821 1708 882; x_wconf 93' lang='lat' dir='ltr'><strong>et</strong></span> <span class='ocrx_word' id='word_1_33' title='bbox 1752 851 1836 861; x_wconf 92' lang='lat'>—</span> <span class='ocrx_word' id='word_1_34' title='bbox 1883 818 1954 880; x_wconf 90' lang='lat' dir='ltr'><strong>ut</strong></span> <span class='ocrx_word' id='word_1_35' title='bbox 1997 835 2215 881; x_wconf 89' lang='lat' dir='ltr'><strong>verum</strong></span> <span class='ocrx_word' id='word_1_36' title='bbox 2261 815 2480 896; x_wconf 85' lang='lat' dir='ltr'><strong>fatear,</strong></span> <span class='ocrx_word' id='word_1_37' title='bbox 2528 813 2677 898; x_wconf 91' lang='lat' dir='ltr'><strong>quia</strong></span> <span class='ocrx_word' id='word_1_38' title='bbox 2714 812 2905 880; x_wconf 92' lang='lat' dir='ltr'><strong>modo</strong></span> <span class='ocrx_word' id='word_1_39' title='bbox 2946 833 3070 879; x_wconf 91' lang='lat' dir='ltr'><strong>non</strong></span> 
     </span>
     <span class='ocr_line' id='line_1_6' title="bbox 738 928 3067 1017; baseline -0.001 -20"><span class='ocrx_word' id='word_1_40' title='bbox 738 931 950 997; x_wconf 86' lang='lat' dir='ltr'><strong>abbati</strong></span> <span class='ocrx_word' id='word_1_41' title='bbox 1007 936 1102 996; x_wconf 90' lang='lat' dir='ltr'><strong>set</strong></span> <span class='ocrx_word' id='word_1_42' title='bbox 1143 929 1430 997; x_wconf 91' lang='lat' dir='ltr'><strong>Wiboldo</strong></span> <span class='ocrx_word' id='word_1_43' title='bbox 1486 951 1625 997; x_wconf 91' lang='lat' dir='ltr'><strong>meo</strong></span> <span class='ocrx_word' id='word_1_44' title='bbox 1682 931 1903 1017; x_wconf 90' lang='lat' dir='ltr'><strong>loquor</strong></span> <span class='ocrx_word' id='word_1_45' title='bbox 1959 967 2041 976; x_wconf 92' lang='lat'>—</span> <span class='ocrx_word' id='word_1_46' title='bbox 2101 930 2291 996; x_wconf 91' lang='lat' dir='ltr'><strong>nimis</strong></span> <span class='ocrx_word' id='word_1_47' title='bbox 2348 929 2675 1016; x_wconf 85' lang='lat' dir='ltr'><strong>inopinata</strong></span> <span class='ocrx_word' id='word_1_48' title='bbox 2732 928 3067 1014; x_wconf 82' lang='lat' dir='ltr'><strong>aliquando</strong></span> 
     </span>
     <span class='ocr_line' id='line_1_7' title="bbox 736 1046 3068 1132; baseline 0 -19"><span class='ocrx_word' id='word_1_49' title='bbox 736 1046 1206 1128; x_wconf 83' lang='lat' dir='ltr'><strong>sublimatione3</strong></span> <span class='ocrx_word' id='word_1_50' title='bbox 1267 1052 1365 1112; x_wconf 91' lang='lat' dir='ltr'><strong>set</strong></span> <span class='ocrx_word' id='word_1_51' title='bbox 1417 1053 1628 1113; x_wconf 91' lang='lat' dir='ltr'><strong>metuo</strong></span> <span class='ocrx_word' id='word_1_52' title='bbox 1682 1068 1793 1130; x_wconf 93' lang='lat' dir='ltr'><strong>ne,</strong></span> <span class='ocrx_word' id='word_1_53' title='bbox 1851 1047 2016 1132; x_wconf 91' lang='lat' dir='ltr'><strong>quod</strong></span> <span class='ocrx_word' id='word_1_54' title='bbox 2060 1046 2403 1112; x_wconf 89' lang='lat' dir='ltr'><strong>humanum</strong></span> <span class='ocrx_word' id='word_1_55' title='bbox 2448 1051 2573 1129; x_wconf 89' lang='lat' dir='ltr'><strong>est,</strong></span> <span class='ocrx_word' id='word_1_56' title='bbox 2628 1050 2773 1111; x_wconf 89' lang='lat' dir='ltr'><strong>tuus</strong></span> <span class='ocrx_word' id='word_1_57' title='bbox 2821 1046 3068 1113; x_wconf 87' lang='lat' dir='ltr'><strong>animus</strong></span> 
     </span>
     <span class='ocr_line' id='line_1_8' title="bbox 732 1161 3066 1249; baseline 0 -21"><span class='ocrx_word' id='word_1_58' title='bbox 732 1183 858 1228; x_wconf 91' lang='lat' dir='ltr'><strong>non</strong></span> <span class='ocrx_word' id='word_1_59' title='bbox 917 1162 1092 1229; x_wconf 85' lang='lat' dir='ltr'><strong>nulla</strong></span> <span class='ocrx_word' id='word_1_60' title='bbox 1147 1162 1508 1229; x_wconf 77' lang='lat' dir='ltr'><strong>sublevetur</strong></span> <span class='ocrx_word' id='word_1_61' title='bbox 1565 1162 1850 1229; x_wconf 88' lang='lat' dir='ltr'><strong>elatione.</strong></span> <span class='ocrx_word' id='word_1_62' title='bbox 1947 1161 2056 1228; x_wconf 89' lang='lat' dir='ltr'><strong>Set</strong></span> <span class='ocrx_word' id='word_1_63' title='bbox 2098 1168 2197 1245; x_wconf 92' lang='lat' dir='ltr'><strong>tu,</strong></span> <span class='ocrx_word' id='word_1_64' title='bbox 2254 1162 2343 1227; x_wconf 93' lang='lat' dir='ltr'><strong>mi</strong></span> <span class='ocrx_word' id='word_1_65' title='bbox 2389 1161 2607 1227; x_wconf 91' lang='lat' dir='ltr'><strong>doctus</strong></span> <span class='ocrx_word' id='word_1_66' title='bbox 2654 1181 2693 1227; x_wconf 89' lang='lat' dir='ltr'><strong>a</strong></span> <span class='ocrx_word' id='word_1_67' title='bbox 2736 1161 3066 1249; x_wconf 89' lang='lat' dir='ltr'><strong>propheta,</strong></span> 
     </span>
     <span class='ocr_line' id='line_1_9' title="bbox 733 1273 3067 1364; baseline 0 -21"><span class='ocrx_word' id='word_1_68' title='bbox 733 1278 885 1364; x_wconf 90' lang='lat' dir='ltr'><strong>quid</strong></span> <span class='ocrx_word' id='word_1_69' title='bbox 928 1278 1239 1345; x_wconf 79' lang='lat' dir='ltr'><strong>retribuas</strong></span> <span class='ocrx_word' id='word_1_70' title='bbox 1286 1277 1557 1345; x_wconf 89' lang='lat' dir='ltr'>Domino</span> <span class='ocrx_word' id='word_1_71' title='bbox 1604 1298 1720 1364; x_wconf 88' lang='lat' dir='ltr'><strong>pro</strong></span> <span class='ocrx_word' id='word_1_72' title='bbox 1766 1277 2054 1343; x_wconf 92' lang='lat' dir='ltr'><strong>omnibus</strong></span> <span class='ocrx_word' id='word_1_73' title='bbox 2100 1297 2261 1362; x_wconf 91' lang='lat' dir='ltr'><strong>quae</strong></span> <span class='ocrx_word' id='word_1_74' title='bbox 2304 1277 2598 1344; x_wconf 80' lang='lat' dir='ltr'><strong>retribuit</strong></span> <span class='ocrx_word' id='word_1_75' title='bbox 2639 1277 2757 1343; x_wconf 91' lang='lat' dir='ltr'><strong>tibi</strong></span> <span class='ocrx_word' id='word_1_76' title='bbox 2774 1273 2832 1342; x_wconf 80' lang='lat'><strong>¹?</strong></span> <span class='ocrx_word' id='word_1_77' title='bbox 2902 1275 3067 1344; x_wconf 86' lang='lat' dir='ltr'><strong>Cali-</strong></span> 
     </span>
     <span class='ocr_line' id='line_1_10' title="bbox 733 1388 3066 1480; baseline 0 -20"><span class='ocrx_word' id='word_1_78' title='bbox 733 1415 870 1462; x_wconf 90' lang='lat' dir='ltr'><strong>cem</strong></span> <span class='ocrx_word' id='word_1_79' title='bbox 924 1395 1217 1460; x_wconf 87' lang='lat' dir='ltr'><strong>salutaris</strong></span> <span class='ocrx_word' id='word_1_80' title='bbox 1276 1395 1519 1479; x_wconf 84' lang='lat' dir='ltr'>accipe,</span> <span class='ocrx_word' id='word_1_81' title='bbox 1583 1399 1647 1461; x_wconf 88' lang='lat' dir='ltr'><strong>et</strong></span> <span class='ocrx_word' id='word_1_82' title='bbox 1688 1414 1917 1460; x_wconf 91' lang='lat' dir='ltr'><strong>nomen</strong></span> <span class='ocrx_word' id='word_1_83' title='bbox 1961 1393 2219 1459; x_wconf 87' lang='lat' dir='ltr'>Domini</span> <span class='ocrx_word' id='word_1_84' title='bbox 2261 1394 2549 1460; x_wconf 90' lang='lat' dir='ltr'><strong>invocato</strong></span> <span class='ocrx_word' id='word_1_85' title='bbox 2560 1388 2601 1458; x_wconf 85' lang='lat'><strong>².</strong></span> <span class='ocrx_word' id='word_1_86' title='bbox 2696 1392 3066 1480; x_wconf 82' lang='lat' dir='ltr'><strong>Quantoque</strong></span> 
     </span>
     <span class='ocr_line' id='line_1_11' title="bbox 730 1504 3065 1597; baseline 0 -20"><span class='ocrx_word' id='word_1_87' title='bbox 730 1531 996 1593; x_wconf 88' lang='lat' dir='ltr'><strong>magnus</strong></span> <span class='ocrx_word' id='word_1_88' title='bbox 1045 1532 1133 1594; x_wconf 90' lang='lat' dir='ltr'><strong>es,</strong></span> <span class='ocrx_word' id='word_1_89' title='bbox 1182 1515 1483 1595; x_wconf 90' lang='lat' dir='ltr'><strong>quantum</strong></span> <span class='ocrx_word' id='word_1_90' title='bbox 1529 1531 1631 1576; x_wconf 91' lang='lat' dir='ltr'><strong>res</strong></span> <span class='ocrx_word' id='word_1_91' title='bbox 1677 1511 1937 1597; x_wconf 87' lang='lat' dir='ltr'><strong>patitur,</strong></span> <span class='ocrx_word' id='word_1_92' title='bbox 1982 1509 2247 1576; x_wconf 88' lang='lat' dir='ltr'><strong>humilia</strong></span> <span class='ocrx_word' id='word_1_93' title='bbox 2289 1515 2352 1576; x_wconf 92' lang='lat' dir='ltr'><strong>te</strong></span> <span class='ocrx_word' id='word_1_94' title='bbox 2396 1509 2464 1574; x_wconf 93' lang='lat' dir='ltr'><strong>in</strong></span> <span class='ocrx_word' id='word_1_95' title='bbox 2509 1509 2797 1576; x_wconf 88' lang='lat' dir='ltr'><strong>omnibus</strong></span> <span class='ocrx_word' id='word_1_96' title='bbox 2810 1504 2851 1574; x_wconf 81' lang='lat'><strong>⁸.</strong></span> <span class='ocrx_word' id='word_1_97' title='bbox 2940 1510 3065 1577; x_wconf 89' lang='lat' dir='ltr'><strong>No-</strong></span> 
     </span>
     <span class='ocr_line' id='line_1_12' title="bbox 729 1624 3066 1712; baseline 0 -20"><span class='ocrx_word' id='word_1_98' title='bbox 729 1647 897 1710; x_wconf 86' lang='lat' dir='ltr'>men,</span> <span class='ocrx_word' id='word_1_99' title='bbox 942 1628 1222 1712; x_wconf 90' lang='lat' dir='ltr'><strong>inquam,</strong></span> <span class='ocrx_word' id='word_1_100' title='bbox 1269 1626 1525 1692; x_wconf 87' lang='lat' dir='ltr'>Domini</span> <span class='ocrx_word' id='word_1_101' title='bbox 1570 1627 1811 1709; x_wconf 90' lang='lat' dir='ltr'><strong>invoca,</strong></span> <span class='ocrx_word' id='word_1_102' title='bbox 1856 1626 2136 1707; x_wconf 85' lang='lat' dir='ltr'><strong>rogitans</strong></span> <span class='ocrx_word' id='word_1_103' title='bbox 2183 1629 2247 1690; x_wconf 92' lang='lat' dir='ltr'><strong>et</strong></span> <span class='ocrx_word' id='word_1_104' title='bbox 2286 1624 2668 1711; x_wconf 83' lang='lat' dir='ltr'><strong>supplicans,</strong></span> <span class='ocrx_word' id='word_1_105' title='bbox 2715 1631 2784 1691; x_wconf 90' lang='lat' dir='ltr'><strong>ut</strong></span> <span class='ocrx_word' id='word_1_106' title='bbox 2810 1625 3066 1692; x_wconf 88' lang='lat' dir='ltr'><strong>illorum</strong></span> 
     </span>
     <span class='ocr_line' id='line_1_13' title="bbox 728 1739 3063 1827; baseline 0 -19"><span class='ocrx_word' id='word_1_107' title='bbox 728 1763 989 1808; x_wconf 90' lang='lat' dir='ltr'><strong>numero</strong></span> <span class='ocrx_word' id='word_1_108' title='bbox 1055 1762 1186 1808; x_wconf 88' lang='lat' dir='ltr'><strong>non</strong></span> <span class='ocrx_word' id='word_1_109' title='bbox 1254 1742 1651 1826; x_wconf 77' lang='lat' dir='ltr'><strong>asscribariS,</strong></span> <span class='ocrx_word' id='word_1_110' title='bbox 1725 1741 1802 1807; x_wconf 91' lang='lat' dir='ltr'><strong>de</strong></span> <span class='ocrx_word' id='word_1_111' title='bbox 1868 1739 2094 1826; x_wconf 90' lang='lat' dir='ltr'><strong>quibus</strong></span> <span class='ocrx_word' id='word_1_112' title='bbox 2150 1739 2519 1808; x_wconf 85' lang='lat' dir='ltr'><strong>terribiliter</strong></span> <span class='ocrx_word' id='word_1_113' title='bbox 2572 1742 2881 1827; x_wconf 90' lang='lat' dir='ltr'><strong>scriptum</strong></span> <span class='ocrx_word' id='word_1_114' title='bbox 2939 1749 3063 1810; x_wconf 89' lang='lat' dir='ltr'><strong>est:</strong></span> 
     </span>
     <span class='ocr_line' id='line_1_14' title="bbox 730 1853 3064 1943; baseline 0 -19"><span class='ocrx_word' id='word_1_115' title='bbox 730 1860 1027 1925; x_wconf 77' lang='lat' dir='ltr'><strong>Deiecisti</strong></span> <span class='ocrx_word' id='word_1_116' title='bbox 1081 1883 1210 1940; x_wconf 67' lang='lat' dir='ltr'><strong>eos’,</strong></span> <span class='ocrx_word' id='word_1_117' title='bbox 1268 1861 1416 1924; x_wconf 78' lang='lat' dir='ltr'><strong>dum</strong></span> <span class='ocrx_word' id='word_1_118' title='bbox 1461 1861 1872 1924; x_wconf 75' lang='lat' dir='ltr'><strong>allevarentur</strong></span> <span class='ocrx_word' id='word_1_119' title='bbox 1884 1853 1922 1922; x_wconf 82' lang='lat'><strong>⁴.</strong></span> <span class='ocrx_word' id='word_1_120' title='bbox 2016 1856 2386 1922; x_wconf 80' lang='lat' dir='ltr'><strong>Timendum</strong></span> <span class='ocrx_word' id='word_1_121' title='bbox 2431 1857 2579 1941; x_wconf 78' lang='lat' dir='ltr'><strong>tibi,</strong></span> <span class='ocrx_word' id='word_1_122' title='bbox 2636 1857 3064 1943; x_wconf 78' lang='lat' dir='ltr'><strong>dilectissime,</strong></span> 
     </span>
    </p>
   </div>
   <div class='ocr_carea' id='block_1_5' title="bbox 596 1973 3066 2059">
    <p class='ocr_par' dir='ltr' id='par_1_5' title="bbox 596 1973 3066 2059">
     <span class='ocr_line' id='line_1_15' title="bbox 596 1973 3066 2059; baseline 0.001 -20"><span class='ocrx_word' id='word_1_123' title='bbox 596 1991 625 2012; x_wconf 75' lang='lat'>⁸</span> <span class='ocrx_word' id='word_1_124' title='bbox 729 1973 977 2040; x_wconf 87' lang='lat' dir='ltr'><strong>videtur</strong></span> <span class='ocrx_word' id='word_1_125' title='bbox 1020 1995 1131 2058; x_wconf 94' lang='lat' dir='ltr'><strong>ne,</strong></span> <span class='ocrx_word' id='word_1_126' title='bbox 1187 1973 1352 2059; x_wconf 93' lang='lat' dir='ltr'><strong>quod</strong></span> <span class='ocrx_word' id='word_1_127' title='bbox 1398 1973 1581 2056; x_wconf 90' lang='lat' dir='ltr'><strong>absit,</strong></span> <span class='ocrx_word' id='word_1_128' title='bbox 1627 1974 1794 2040; x_wconf 88' lang='lat' dir='ltr'><strong>bona</strong></span> <span class='ocrx_word' id='word_1_129' title='bbox 1837 1973 2104 2059; x_wconf 87' lang='lat' dir='ltr'>recipias</span> <span class='ocrx_word' id='word_1_130' title='bbox 2148 1973 2217 2038; x_wconf 92' lang='lat' dir='ltr'><strong>in</strong></span> <span class='ocrx_word' id='word_1_131' title='bbox 2262 1973 2395 2039; x_wconf 88' lang='lat' dir='ltr'><strong>vita</strong></span> <span class='ocrx_word' id='word_1_132' title='bbox 2437 1978 2548 2039; x_wconf 89' lang='lat' dir='ltr'><strong>tua</strong></span> <span class='ocrx_word' id='word_1_133' title='bbox 2589 1973 2924 2059; x_wconf 88' lang='lat' dir='ltr'><strong>minusque</strong></span> <span class='ocrx_word' id='word_1_134' title='bbox 2966 1996 3066 2041; x_wconf 89' lang='lat' dir='ltr'><strong>re-</strong></span> 
     </span>
    </p>
   </div>
   <div class='ocr_carea' id='block_1_6' title="bbox 715 2088 3067 4029">
    <p class='ocr_par' dir='ltr' id='par_1_6' title="bbox 715 2088 3067 4029">
     <span class='ocr_line' id='line_1_16' title="bbox 729 2088 3064 2176; baseline 0.001 -21"><span class='ocrx_word' id='word_1_135' title='bbox 729 2095 1013 2156; x_wconf 85' lang='lat' dir='ltr'><strong>servetur</strong></span> <span class='ocrx_word' id='word_1_136' title='bbox 1055 2092 1123 2157; x_wconf 91' lang='lat' dir='ltr'><strong>in</strong></span> <span class='ocrx_word' id='word_1_137' title='bbox 1167 2091 1300 2157; x_wconf 90' lang='lat' dir='ltr'><strong>vita</strong></span> <span class='ocrx_word' id='word_1_138' title='bbox 1342 2090 1570 2156; x_wconf 85' lang='lat' dir='ltr'><strong>futura.</strong></span> <span class='ocrx_word' id='word_1_139' title='bbox 1642 2089 1858 2174; x_wconf 85' lang='lat' dir='ltr'><strong>Itaque</strong></span> <span class='ocrx_word' id='word_1_140' title='bbox 1901 2089 2249 2156; x_wconf 88' lang='lat' dir='ltr'><strong>terribilem</strong></span> <span class='ocrx_word' id='word_1_141' title='bbox 2275 2089 2342 2155; x_wconf 95' lang='lat' dir='ltr'><strong>in</strong></span> <span class='ocrx_word' id='word_1_142' title='bbox 2374 2088 2650 2155; x_wconf 89' lang='lat' dir='ltr'><strong>consiliis</strong></span> <span class='ocrx_word' id='word_1_143' title='bbox 2682 2110 2872 2176; x_wconf 89' lang='lat' dir='ltr'><strong>super</strong></span> <span class='ocrx_word' id='word_1_144' title='bbox 2900 2089 3064 2158; x_wconf 91' lang='lat' dir='ltr'><strong>filios</strong></span> 
     </span>
     <span class='ocr_line' id='line_1_17' title="bbox 727 2203 3067 2292; baseline 0.001 -22"><span class='ocrx_word' id='word_1_145' title='bbox 727 2203 1083 2272; x_wconf 86' lang='lat' dir='ltr'><strong>hominum‘</strong></span> <span class='ocrx_word' id='word_1_146' title='bbox 1128 2206 1335 2272; x_wconf 93' lang='lat' dir='ltr'><strong>Deum</strong></span> <span class='ocrx_word' id='word_1_147' title='bbox 1381 2226 1629 2292; x_wconf 91' lang='lat' dir='ltr'><strong>semper</strong></span> <span class='ocrx_word' id='word_1_148' title='bbox 1675 2205 1926 2272; x_wconf 89' lang='lat' dir='ltr'><strong>attende</strong></span> <span class='ocrx_word' id='word_1_149' title='bbox 1971 2211 2065 2288; x_wconf 88' lang='lat' dir='ltr'><strong>et,</strong></span> <span class='ocrx_word' id='word_1_150' title='bbox 2122 2212 2192 2272; x_wconf 91' lang='lat' dir='ltr'><strong>ut</strong></span> <span class='ocrx_word' id='word_1_151' title='bbox 2235 2205 2367 2272; x_wconf 91' lang='lat' dir='ltr'><strong>eius</strong></span> <span class='ocrx_word' id='word_1_152' title='bbox 2413 2205 2743 2272; x_wconf 90' lang='lat' dir='ltr'><strong>consilium</strong></span> <span class='ocrx_word' id='word_1_153' title='bbox 2787 2206 2910 2272; x_wconf 92' lang='lat' dir='ltr'><strong>tibi</strong></span> <span class='ocrx_word' id='word_1_154' title='bbox 2954 2205 3067 2274; x_wconf 87' lang='lat' dir='ltr'><strong>fiat</strong></span> 
     </span>
     <span class='ocr_line' id='line_1_18' title="bbox 725 2319 3064 2407; baseline 0.001 -19"><span class='ocrx_word' id='word_1_155' title='bbox 725 2320 1138 2405; x_wconf 84' lang='lat' dir='ltr'><strong>salutiferum,</strong></span> <span class='ocrx_word' id='word_1_156' title='bbox 1187 2323 1657 2407; x_wconf 90' lang='lat' dir='ltr'><strong>quibuscunque</strong></span> <span class='ocrx_word' id='word_1_157' title='bbox 1704 2321 1926 2387; x_wconf 91' lang='lat' dir='ltr'><strong>studiis</strong></span> <span class='ocrx_word' id='word_1_158' title='bbox 1958 2319 2189 2405; x_wconf 84' lang='lat' dir='ltr'><strong>valeas,</strong></span> <span class='ocrx_word' id='word_1_159' title='bbox 2236 2322 2436 2407; x_wconf 87' lang='lat' dir='ltr'><strong>ipsius</strong></span> <span class='ocrx_word' id='word_1_160' title='bbox 2464 2323 2733 2405; x_wconf 81' lang='lat' dir='ltr'><strong>gratiam</strong></span> <span class='ocrx_word' id='word_1_161' title='bbox 2766 2322 2884 2390; x_wconf 91' lang='lat' dir='ltr'><strong>tibi</strong></span> <span class='ocrx_word' id='word_1_162' title='bbox 2915 2344 3064 2390; x_wconf 90' lang='lat' dir='ltr'><strong>con-</strong></span> 
     </span>
     <span class='ocr_line' id='line_1_19' title="bbox 724 2437 3064 2523; baseline 0.001 -20"><span class='ocrx_word' id='word_1_163' title='bbox 724 2437 938 2505; x_wconf 88' lang='lat' dir='ltr'><strong>ciliare</strong></span> <span class='ocrx_word' id='word_1_164' title='bbox 973 2439 1205 2522; x_wconf 86' lang='lat' dir='ltr'><strong>iugiter</strong></span> <span class='ocrx_word' id='word_1_165' title='bbox 1233 2437 1507 2505; x_wconf 89' lang='lat' dir='ltr'><strong>intende.</strong></span> <span class='ocrx_word' id='word_1_166' title='bbox 1648 2437 1759 2503; x_wconf 89' lang='lat' dir='ltr'><strong>Set</strong></span> <span class='ocrx_word' id='word_1_167' title='bbox 1790 2437 1939 2521; x_wconf 93' lang='lat' dir='ltr'><strong>quid</strong></span> <span class='ocrx_word' id='word_1_168' title='bbox 1968 2437 2233 2521; x_wconf 85' lang='lat' dir='ltr'>agimus,</span> <span class='ocrx_word' id='word_1_169' title='bbox 2281 2438 2531 2503; x_wconf 85' lang='lat' dir='ltr'><strong>anima?</strong></span> <span class='ocrx_word' id='word_1_170' title='bbox 2578 2439 2678 2504; x_wconf 91' lang='lat' dir='ltr'><strong>cui</strong></span> <span class='ocrx_word' id='word_1_171' title='bbox 2705 2437 3064 2523; x_wconf 79' lang='lat' dir='ltr'><strong>loquimur?</strong></span> 
     </span>
     <span class='ocr_line' id='line_1_20' title="bbox 725 2552 3064 2651; baseline 0.001 -31"><span class='ocrx_word' id='word_1_172' title='bbox 725 2554 905 2620; x_wconf 92' lang='lat' dir='ltr'><strong>docto</strong></span> <span class='ocrx_word' id='word_1_173' title='bbox 953 2574 1032 2619; x_wconf 92' lang='lat' dir='ltr'>an</span> <span class='ocrx_word' id='word_1_174' title='bbox 1080 2554 1371 2651; x_wconf 85' lang='lat' dir='ltr'><strong>indocto?</strong></span> <span class='ocrx_word' id='word_1_175' title='bbox 1438 2553 1538 2620; x_wconf 92' lang='lat' dir='ltr'><strong>Illi</strong></span> <span class='ocrx_word' id='word_1_176' title='bbox 1585 2553 1838 2640; x_wconf 93' lang='lat' dir='ltr'><strong>quidem</strong></span> <span class='ocrx_word' id='word_1_177' title='bbox 1882 2552 2217 2639; x_wconf 90' lang='lat' dir='ltr'><strong>loquimur,</strong></span> <span class='ocrx_word' id='word_1_178' title='bbox 2265 2574 2448 2639; x_wconf 92' lang='lat' dir='ltr'><strong>quem</strong></span> <span class='ocrx_word' id='word_1_179' title='bbox 2483 2553 2815 2640; x_wconf 90' lang='lat' dir='ltr'><strong>aliquando</strong></span> <span class='ocrx_word' id='word_1_180' title='bbox 2848 2555 3064 2623; x_wconf 92' lang='lat' dir='ltr'><strong>docui-</strong></span> 
     </span>
     <span class='ocr_line' id='line_1_21' title="bbox 721 2669 3064 2759; baseline 0.001 -23"><span class='ocrx_word' id='word_1_181' title='bbox 721 2691 892 2752; x_wconf 84' lang='lat' dir='ltr'><strong>mus3</strong></span> <span class='ocrx_word' id='word_1_182' title='bbox 952 2676 1048 2736; x_wconf 90' lang='lat' dir='ltr'><strong>set</strong></span> <span class='ocrx_word' id='word_1_183' title='bbox 1091 2671 1257 2736; x_wconf 92' lang='lat' dir='ltr'><strong>unde</strong></span> <span class='ocrx_word' id='word_1_184' title='bbox 1304 2670 1484 2737; x_wconf 86' lang='lat' dir='ltr'><strong>valde</strong></span> <span class='ocrx_word' id='word_1_185' title='bbox 1528 2669 1951 2754; x_wconf 80' lang='lat' dir='ltr'><strong>gratulamur,</strong></span> <span class='ocrx_word' id='word_1_186' title='bbox 1996 2671 2065 2736; x_wconf 92' lang='lat' dir='ltr'><strong>in</strong></span> <span class='ocrx_word' id='word_1_187' title='bbox 2108 2669 2426 2736; x_wconf 90' lang='lat' dir='ltr'><strong>nonnullis</strong></span> <span class='ocrx_word' id='word_1_188' title='bbox 2472 2690 2617 2737; x_wconf 89' lang='lat' dir='ltr'><strong>eum</strong></span> <span class='ocrx_word' id='word_1_189' title='bbox 2660 2692 2775 2737; x_wconf 93' lang='lat' dir='ltr'><strong>nos</strong></span> <span class='ocrx_word' id='word_1_190' title='bbox 2810 2693 3064 2759; x_wconf 89' lang='lat' dir='ltr'><strong>preces-</strong></span> 
     </span>
     <span class='ocr_line' id='line_1_22' title="bbox 721 2785 3064 2872; baseline 0.001 -19"><span class='ocrx_word' id='word_1_191' title='bbox 721 2787 880 2853; x_wconf 86' lang='lat' dir='ltr'><strong>sisse</strong></span> <span class='ocrx_word' id='word_1_192' title='bbox 925 2787 1349 2870; x_wconf 87' lang='lat' dir='ltr'><strong>cognovimus,</strong></span> <span class='ocrx_word' id='word_1_193' title='bbox 1396 2805 1581 2872; x_wconf 92' lang='lat' dir='ltr'><strong>quem</strong></span> <span class='ocrx_word' id='word_1_194' title='bbox 1629 2785 2004 2871; x_wconf 87' lang='lat' dir='ltr'><strong>discipulum</strong></span> <span class='ocrx_word' id='word_1_195' title='bbox 2051 2786 2384 2872; x_wconf 88' lang='lat' dir='ltr'><strong>aliquando</strong></span> <span class='ocrx_word' id='word_1_196' title='bbox 2429 2785 2779 2853; x_wconf 89' lang='lat' dir='ltr'><strong>habuimus.</strong></span> <span class='ocrx_word' id='word_1_197' title='bbox 2861 2787 3064 2856; x_wconf 85' lang='lat' dir='ltr'><strong>Vehe-</strong></span> 
     </span>
     <span class='ocr_line' id='line_1_23' title="bbox 720 2901 3063 2990; baseline 0.002 -22"><span class='ocrx_word' id='word_1_198' title='bbox 720 2903 959 2969; x_wconf 90' lang='lat' dir='ltr'><strong>mentia</strong></span> <span class='ocrx_word' id='word_1_199' title='bbox 1000 2908 1212 2968; x_wconf 86' lang='lat' dir='ltr'><strong>tamen</strong></span> <span class='ocrx_word' id='word_1_200' title='bbox 1262 2901 1519 2969; x_wconf 86' lang='lat' dir='ltr'><strong>affectus</strong></span> <span class='ocrx_word' id='word_1_201' title='bbox 1564 2923 1679 2969; x_wconf 91' lang='lat' dir='ltr'><strong>nos</strong></span> <span class='ocrx_word' id='word_1_202' title='bbox 1727 2902 2118 2987; x_wconf 87' lang='lat' dir='ltr'><strong>aliquatenus</strong></span> <span class='ocrx_word' id='word_1_203' title='bbox 2156 2903 2528 2990; x_wconf 88' lang='lat' dir='ltr'><strong>insipientes</strong></span> <span class='ocrx_word' id='word_1_204' title='bbox 2557 2903 2853 2987; x_wconf 81' lang='lat' dir='ltr'><strong>reddidit,</strong></span> <span class='ocrx_word' id='word_1_205' title='bbox 2901 2925 3063 2990; x_wconf 89' lang='lat' dir='ltr'><strong>quae</strong></span> 
     </span>
     <span class='ocr_line' id='line_1_24' title="bbox 719 3018 3063 3105; baseline 0.002 -21"><span class='ocrx_word' id='word_1_206' title='bbox 719 3019 878 3084; x_wconf 87' lang='lat' dir='ltr'><strong>tales</strong></span> <span class='ocrx_word' id='word_1_207' title='bbox 927 3018 1492 3086; x_wconf 87' lang='lat' dir='ltr'><strong>admonitiunculas</strong></span> <span class='ocrx_word' id='word_1_208' title='bbox 1538 3019 1711 3085; x_wconf 91' lang='lat' dir='ltr'><strong>velut</strong></span> <span class='ocrx_word' id='word_1_209' title='bbox 1756 3019 1837 3085; x_wconf 93' lang='lat' dir='ltr'><strong>ad</strong></span> <span class='ocrx_word' id='word_1_210' title='bbox 1879 3019 2089 3085; x_wconf 92' lang='lat' dir='ltr'><strong>minus</strong></span> <span class='ocrx_word' id='word_1_211' title='bbox 2134 3019 2502 3105; x_wconf 87' lang='lat' dir='ltr'><strong>sapientem,</strong></span> <span class='ocrx_word' id='word_1_212' title='bbox 2550 3020 2728 3104; x_wconf 84' lang='lat' dir='ltr'><strong>quasi</strong></span> <span class='ocrx_word' id='word_1_213' title='bbox 2773 3018 2917 3105; x_wconf 88' lang='lat' dir='ltr'><strong>plus</strong></span> <span class='ocrx_word' id='word_1_214' title='bbox 2960 3042 3063 3087; x_wconf 87' lang='lat' dir='ltr'><strong>sa-</strong></span> 
     </span>
     <span class='ocr_line' id='line_1_25' title="bbox 718 3134 3064 3220; baseline 0.001 -19"><span class='ocrx_word' id='word_1_215' title='bbox 718 3154 1029 3220; x_wconf 78' lang='lat' dir='ltr'><strong>peremuS,</strong></span> <span class='ocrx_word' id='word_1_216' title='bbox 1080 3135 1294 3202; x_wconf 86' lang='lat' dir='ltr'><strong>edidit.</strong></span> <span class='ocrx_word' id='word_1_217' title='bbox 1364 3136 1505 3201; x_wconf 88' lang='lat' dir='ltr'><strong>Non</strong></span> <span class='ocrx_word' id='word_1_218' title='bbox 1550 3136 1641 3201; x_wconf 87' lang='lat' dir='ltr'><strong>sic</strong></span> <span class='ocrx_word' id='word_1_219' title='bbox 1686 3136 1903 3219; x_wconf 91' lang='lat' dir='ltr'><strong>utique</strong></span> <span class='ocrx_word' id='word_1_220' title='bbox 1933 3135 2073 3220; x_wconf 90' lang='lat' dir='ltr'><strong>quis</strong></span> <span class='ocrx_word' id='word_1_221' title='bbox 2105 3135 2373 3218; x_wconf 87' lang='lat' dir='ltr'><strong>estimet,</strong></span> <span class='ocrx_word' id='word_1_222' title='bbox 2421 3134 2590 3219; x_wconf 92' lang='lat' dir='ltr'><strong>quod</strong></span> <span class='ocrx_word' id='word_1_223' title='bbox 2618 3134 2840 3202; x_wconf 89' lang='lat' dir='ltr'><strong>docere</strong></span> <span class='ocrx_word' id='word_1_224' title='bbox 2871 3136 3064 3204; x_wconf 78' lang='lat' dir='ltr'><strong>velim</strong></span> 
     </span>
     <span class='ocr_line' id='line_1_26' title="bbox 720 3250 3064 3337; baseline 0.001 -20"><span class='ocrx_word' id='word_1_225' title='bbox 720 3251 1061 3318; x_wconf 88' lang='lat' dir='ltr'><strong>doctiorem</strong></span> <span class='ocrx_word' id='word_1_226' title='bbox 1119 3252 1299 3337; x_wconf 90' lang='lat' dir='ltr'><strong>quasi</strong></span> <span class='ocrx_word' id='word_1_227' title='bbox 1352 3252 1561 3317; x_wconf 91' lang='lat' dir='ltr'><strong>minus</strong></span> <span class='ocrx_word' id='word_1_228' title='bbox 1618 3250 1905 3331; x_wconf 84' lang='lat' dir='ltr'><strong>doctum3</strong></span> <span class='ocrx_word' id='word_1_229' title='bbox 1967 3256 2063 3317; x_wconf 90' lang='lat' dir='ltr'><strong>set</strong></span> <span class='ocrx_word' id='word_1_230' title='bbox 2117 3250 2321 3316; x_wconf 87' lang='lat' dir='ltr'><strong>celare</strong></span> <span class='ocrx_word' id='word_1_231' title='bbox 2379 3270 2503 3316; x_wconf 92' lang='lat' dir='ltr'><strong>non</strong></span> <span class='ocrx_word' id='word_1_232' title='bbox 2549 3271 2808 3337; x_wconf 91' lang='lat' dir='ltr'><strong>possum</strong></span> <span class='ocrx_word' id='word_1_233' title='bbox 2853 3253 3064 3320; x_wconf 86' lang='lat' dir='ltr'><strong>cordis</strong></span> 
     </span>
     <span class='ocr_line' id='line_1_27' title="bbox 720 3365 3065 3454; baseline 0.002 -22"><span class='ocrx_word' id='word_1_234' title='bbox 720 3365 1032 3434; x_wconf 82' lang='lat' dir='ltr'><strong>affectum.</strong></span> <span class='ocrx_word' id='word_1_235' title='bbox 1214 3367 1346 3433; x_wconf 89' lang='lat' dir='ltr'><strong>Iam</strong></span> <span class='ocrx_word' id='word_1_236' title='bbox 1402 3384 1569 3432; x_wconf 89' lang='lat' dir='ltr'><strong>nunc</strong></span> <span class='ocrx_word' id='word_1_237' title='bbox 1623 3372 1836 3433; x_wconf 89' lang='lat' dir='ltr'><strong>tamen</strong></span> <span class='ocrx_word' id='word_1_238' title='bbox 1894 3367 2020 3433; x_wconf 88' lang='lat' dir='ltr'><strong>ista</strong></span> <span class='ocrx_word' id='word_1_239' title='bbox 2065 3365 2409 3450; x_wconf 85' lang='lat' dir='ltr'><strong>sufficiant,</strong></span> <span class='ocrx_word' id='word_1_240' title='bbox 2470 3367 2669 3433; x_wconf 91' lang='lat' dir='ltr'><strong>donec</strong></span> <span class='ocrx_word' id='word_1_241' title='bbox 2713 3367 3065 3454; x_wconf 87' lang='lat' dir='ltr'><strong>videamus,</strong></span> 
     </span>
     <span class='ocr_line' id='line_1_28' title="bbox 720 3480 3065 3571; baseline 0.003 -24"><span class='ocrx_word' id='word_1_242' title='bbox 720 3483 1015 3568; x_wconf 87' lang='lat' dir='ltr'><strong>quatinus</strong></span> <span class='ocrx_word' id='word_1_243' title='bbox 1072 3483 1218 3571; x_wconf 89' lang='lat' dir='ltr'><strong>ipsa</strong></span> <span class='ocrx_word' id='word_1_244' title='bbox 1267 3480 1616 3569; x_wconf 87' lang='lat' dir='ltr'><strong>proficiant.</strong></span> <span class='ocrx_word' id='word_1_245' title='bbox 1710 3481 1870 3560; x_wconf 89' lang='lat' dir='ltr'>Quia</span> <span class='ocrx_word' id='word_1_246' title='bbox 1924 3484 2092 3549; x_wconf 91' lang='lat' dir='ltr'><strong>enim</strong></span> <span class='ocrx_word' id='word_1_247' title='bbox 2143 3482 2315 3550; x_wconf 88' lang='lat' dir='ltr'><strong>Deus</strong></span> <span class='ocrx_word' id='word_1_248' title='bbox 2374 3483 2768 3569; x_wconf 87' lang='lat' dir='ltr'><strong>omnipotens</strong></span> <span class='ocrx_word' id='word_1_249' title='bbox 2825 3483 3065 3553; x_wconf 89' lang='lat' dir='ltr'><strong>iudicio</strong></span> 
     </span>
     <span class='ocr_line' id='line_1_29' title="bbox 719 3578 3065 3685; baseline 0.001 -20"><span class='ocrx_word' id='word_1_250' title='bbox 719 3619 863 3684; x_wconf 89' lang='lat' dir='ltr'><strong>suo,</strong></span> <span class='ocrx_word' id='word_1_251' title='bbox 921 3599 1087 3684; x_wconf 90' lang='lat' dir='ltr'><strong>quod</strong></span> <span class='ocrx_word' id='word_1_252' title='bbox 1130 3600 1269 3685; x_wconf 92' lang='lat' dir='ltr'><strong>ipse</strong></span> <span class='ocrx_word' id='word_1_253' title='bbox 1311 3596 1517 3682; x_wconf 87' lang='lat' dir='ltr'><strong>novit,</strong></span> <span class='ocrx_word' id='word_1_254' title='bbox 1563 3604 1740 3665; x_wconf 89' lang='lat' dir='ltr'><strong>tuam</strong></span> <span class='ocrx_word' id='word_1_255' title='bbox 1784 3595 2118 3666; x_wconf 77' lang='lat' dir='ltr'><strong>viciniam⁶</strong></span> <span class='ocrx_word' id='word_1_256' title='bbox 2163 3598 2357 3665; x_wconf 91' lang='lat' dir='ltr'><strong>michi</strong></span> <span class='ocrx_word' id='word_1_257' title='bbox 2395 3578 2698 3685; x_wconf 84' lang='lat' dir='ltr'><strong>prestitit,</strong></span> <span class='ocrx_word' id='word_1_258' title='bbox 2743 3620 2910 3666; x_wconf 88' lang='lat' dir='ltr'><strong>nune</strong></span> <span class='ocrx_word' id='word_1_259' title='bbox 2953 3601 3065 3669; x_wconf 90' lang='lat' dir='ltr'><strong>lit-</strong></span> 
     </span>
     <span class='ocr_line' id='line_1_30' title="bbox 717 3714 3065 3801; baseline 0.001 -19"><span class='ocrx_word' id='word_1_260' title='bbox 717 3715 871 3782; x_wconf 91' lang='lat' dir='ltr'><strong>teris</strong></span> <span class='ocrx_word' id='word_1_261' title='bbox 916 3736 1084 3781; x_wconf 91' lang='lat' dir='ltr'><strong>nunc</strong></span> <span class='ocrx_word' id='word_1_262' title='bbox 1128 3716 1269 3801; x_wconf 87' lang='lat' dir='ltr'><strong>ipsa</strong></span> <span class='ocrx_word' id='word_1_263' title='bbox 1314 3715 1624 3801; x_wconf 89' lang='lat' dir='ltr'><strong>corporali</strong></span> <span class='ocrx_word' id='word_1_264' title='bbox 1668 3716 2008 3801; x_wconf 89' lang='lat' dir='ltr'><strong>presentia,</strong></span> <span class='ocrx_word' id='word_1_265' title='bbox 2064 3715 2120 3780; x_wconf 90' lang='lat' dir='ltr'><strong>si</strong></span> <span class='ocrx_word' id='word_1_266' title='bbox 2163 3719 2375 3780; x_wconf 88' lang='lat' dir='ltr'><strong>tamen</strong></span> <span class='ocrx_word' id='word_1_267' title='bbox 2421 3715 2538 3781; x_wconf 90' lang='lat' dir='ltr'><strong>tibi</strong></span> <span class='ocrx_word' id='word_1_268' title='bbox 2584 3714 2912 3801; x_wconf 85' lang='lat' dir='ltr'><strong>placuerit,</strong></span> <span class='ocrx_word' id='word_1_269' title='bbox 2960 3737 3065 3785; x_wconf 90' lang='lat' dir='ltr'><strong>se-</strong></span> 
     </span>
     <span class='ocr_line' id='line_1_31' title="bbox 715 3830 3062 3919; baseline 0.001 -22"><span class='ocrx_word' id='word_1_270' title='bbox 715 3832 859 3919; x_wconf 90' lang='lat' dir='ltr'><strong>pius</strong></span> <span class='ocrx_word' id='word_1_271' title='bbox 918 3837 981 3898; x_wconf 92' lang='lat' dir='ltr'><strong>te</strong></span> <span class='ocrx_word' id='word_1_272' title='bbox 1025 3832 1284 3898; x_wconf 90' lang='lat' dir='ltr'><strong>visitare</strong></span> <span class='ocrx_word' id='word_1_273' title='bbox 1337 3851 1463 3897; x_wconf 93' lang='lat' dir='ltr'><strong>non</strong></span> <span class='ocrx_word' id='word_1_274' title='bbox 1508 3831 1888 3917; x_wconf 84' lang='lat' dir='ltr'><strong>pigritabor,</strong></span> <span class='ocrx_word' id='word_1_275' title='bbox 1937 3831 2088 3914; x_wconf 91' lang='lat' dir='ltr'><strong>quin</strong></span> <span class='ocrx_word' id='word_1_276' title='bbox 2134 3835 2245 3897; x_wconf 90' lang='lat' dir='ltr'><strong>tua</strong></span> <span class='ocrx_word' id='word_1_277' title='bbox 2287 3830 2700 3915; x_wconf 89' lang='lat' dir='ltr'><strong>iocunditate,</strong></span> <span class='ocrx_word' id='word_1_278' title='bbox 2760 3853 2884 3917; x_wconf 91' lang='lat' dir='ltr'><strong>qua</strong></span> <span class='ocrx_word' id='word_1_279' title='bbox 2928 3834 3062 3900; x_wconf 88' lang='lat' dir='ltr'>iam</span> 
     </span>
     <span class='ocr_line' id='line_1_32' title="bbox 715 3944 2402 4029; baseline 0 -17"><span class='ocrx_word' id='word_1_280' title='bbox 715 3947 1068 4013; x_wconf 89' lang='lat' dir='ltr'><strong>diutissime</strong></span> <span class='ocrx_word' id='word_1_281' title='bbox 1112 3946 1437 4012; x_wconf 89' lang='lat' dir='ltr'><strong>fraudatus</strong></span> <span class='ocrx_word' id='word_1_282' title='bbox 1481 3946 1593 4029; x_wconf 89' lang='lat' dir='ltr'><strong>fui,</strong></span> <span class='ocrx_word' id='word_1_283' title='bbox 1641 3945 2159 4012; x_wconf 87' lang='lat' dir='ltr'><strong>coniocundabor.</strong></span> <span class='ocrx_word' id='word_1_284' title='bbox 2231 3944 2402 4012; x_wconf 86' lang='lat' dir='ltr'><strong>Vale.</strong></span> 
     </span>
    </p>
   </div>
   <div class='ocr_carea' id='block_1_7' title="bbox 710 4110 3062 4522">
    <p class='ocr_par' dir='ltr' id='par_1_7' title="bbox 710 4110 3062 4522">
     <span class='ocr_line' id='line_1_33' title="bbox 858 4110 3060 4182; baseline 0.002 -16"><span class='ocrx_word' id='word_1_285' title='bbox 858 4113 907 4166; x_wconf 88' lang='lat'><strong>1.</strong></span> <span class='ocrx_word' id='word_1_286' title='bbox 957 4112 1047 4166; x_wconf 84' lang='lat' dir='ltr'><strong>Ps.</strong></span> <span class='ocrx_word' id='word_1_287' title='bbox 1088 4112 1205 4178; x_wconf 88' lang='lat'><strong>115,</strong></span> <span class='ocrx_word' id='word_1_288' title='bbox 1247 4112 1329 4164; x_wconf 83' lang='grc'><strong>12.</strong></span> <span class='ocrx_word' id='word_1_289' title='bbox 1440 4113 1489 4165; x_wconf 83' lang='grc'><strong>2.</strong></span> <span class='ocrx_word' id='word_1_290' title='bbox 1539 4111 1629 4165; x_wconf 87' lang='lat' dir='ltr'><strong>Ps.</strong></span> <span class='ocrx_word' id='word_1_291' title='bbox 1673 4111 1791 4177; x_wconf 88' lang='lat'><strong>115,</strong></span> <span class='ocrx_word' id='word_1_292' title='bbox 1833 4112 1914 4164; x_wconf 87' lang='lat'><strong>13.</strong></span> <span class='ocrx_word' id='word_1_293' title='bbox 2023 4111 2076 4165; x_wconf 90' lang='lat'><strong>3.</strong></span> <span class='ocrx_word' id='word_1_294' title='bbox 2122 4110 2293 4165; x_wconf 87' lang='lat' dir='ltr'><strong>Eccli.</strong></span> <span class='ocrx_word' id='word_1_295' title='bbox 2332 4113 2383 4178; x_wconf 88' lang='grc'><strong>3,</strong></span> <span class='ocrx_word' id='word_1_296' title='bbox 2420 4112 2505 4165; x_wconf 78' lang='grc'><strong>20.</strong></span> <span class='ocrx_word' id='word_1_297' title='bbox 2616 4113 2669 4167; x_wconf 83' lang='grc'><strong>4.</strong></span> <span class='ocrx_word' id='word_1_298' title='bbox 2715 4113 2804 4167; x_wconf 84' lang='lat' dir='ltr'><strong>Ps.</strong></span> <span class='ocrx_word' id='word_1_299' title='bbox 2845 4114 2930 4182; x_wconf 57' lang='lat'><strong>12,</strong></span> <span class='ocrx_word' id='word_1_300' title='bbox 2971 4116 3060 4170; x_wconf 88' lang='grc'><strong>18.</strong></span> 
     </span>
     <span class='ocr_line' id='line_1_34' title="bbox 712 4198 3062 4267; baseline 0.003 -14"><span class='ocrx_word' id='word_1_301' title='bbox 712 4200 765 4253; x_wconf 85' lang='grc'><strong>5.</strong></span> <span class='ocrx_word' id='word_1_302' title='bbox 803 4200 894 4253; x_wconf 89' lang='lat' dir='ltr'><strong>Ps.</strong></span> <span class='ocrx_word' id='word_1_303' title='bbox 921 4201 1006 4267; x_wconf 82' lang='lat'><strong>65,</strong></span> <span class='ocrx_word' id='word_1_304' title='bbox 1036 4202 1086 4255; x_wconf 81' lang='lat'><strong>5.</strong></span> <span class='ocrx_word' id='word_1_305' title='bbox 1193 4202 1245 4254; x_wconf 88' lang='grc'><strong>6.</strong></span> <span class='ocrx_word' id='word_1_306' title='bbox 1283 4199 1601 4255; x_wconf 86' lang='lat' dir='ltr'><strong>Reinhusen</strong></span> <span class='ocrx_word' id='word_1_307' title='bbox 1637 4199 1783 4253; x_wconf 87' lang='lat' dir='ltr'><strong>enim</strong></span> <span class='ocrx_word' id='word_1_308' title='bbox 1823 4198 2040 4254; x_wconf 89' lang='lat' dir='ltr'><strong>modico</strong></span> <span class='ocrx_word' id='word_1_309' title='bbox 2077 4204 2289 4253; x_wconf 87' lang='lat' dir='ltr'><strong>tantum</strong></span> <span class='ocrx_word' id='word_1_310' title='bbox 2329 4200 2617 4256; x_wconf 82' lang='lat' dir='ltr'><strong>intervallo</strong></span> <span class='ocrx_word' id='word_1_311' title='bbox 2652 4201 2826 4257; x_wconf 83' lang='lat' dir='ltr'><strong>distat</strong></span> <span class='ocrx_word' id='word_1_312' title='bbox 2857 4220 2892 4257; x_wconf 84' lang='lat' dir='ltr'><strong>a</strong></span> <span class='ocrx_word' id='word_1_313' title='bbox 2928 4204 3062 4260; x_wconf 83' lang='lat' dir='ltr'><strong>Gor·</strong></span> 
     </span>
     <span class='ocr_line' id='line_1_35' title="bbox 712 4285 3062 4358; baseline 0.002 -14"><span class='ocrx_word' id='word_1_314' title='bbox 712 4288 863 4358; x_wconf 82' lang='lat' dir='ltr'><strong>beia3</strong></span> <span class='ocrx_word' id='word_1_315' title='bbox 900 4304 1003 4343; x_wconf 91' lang='lat' dir='ltr'><strong>nec</strong></span> <span class='ocrx_word' id='word_1_316' title='bbox 1041 4289 1403 4344; x_wconf 82' lang='lat' dir='ltr'><strong>dubitandum</strong></span> <span class='ocrx_word' id='word_1_317' title='bbox 1440 4293 1542 4355; x_wconf 85' lang='lat' dir='ltr'><strong>est,</strong></span> <span class='ocrx_word' id='word_1_318' title='bbox 1582 4287 1717 4357; x_wconf 88' lang='lat' dir='ltr'><strong>quin</strong></span> <span class='ocrx_word' id='word_1_319' title='bbox 1753 4285 1891 4341; x_wconf 84' lang='lat' dir='ltr'><strong>haec</strong></span> <span class='ocrx_word' id='word_1_320' title='bbox 1925 4287 2161 4356; x_wconf 81' lang='lat' dir='ltr'><strong>epistola</strong></span> <span class='ocrx_word' id='word_1_321' title='bbox 2194 4288 2265 4343; x_wconf 83' lang='lat' dir='ltr'><strong>ad</strong></span> <span class='ocrx_word' id='word_1_322' title='bbox 2290 4288 2607 4345; x_wconf 86' lang='lat' dir='ltr'><strong>Wibaldum</strong></span> <span class='ocrx_word' id='word_1_323' title='bbox 2646 4289 2851 4346; x_wconf 81' lang='lat' dir='ltr'><strong>factum</strong></span> <span class='ocrx_word' id='word_1_324' title='bbox 2889 4292 3062 4349; x_wconf 78' lang='lat' dir='ltr'><strong>abba-</strong></span> 
     </span>
     <span class='ocr_line' id='line_1_36' title="bbox 710 4374 3062 4449; baseline 0.002 -16"><span class='ocrx_word' id='word_1_325' title='bbox 710 4381 822 4433; x_wconf 90' lang='lat' dir='ltr'><strong>tem</strong></span> <span class='ocrx_word' id='word_1_326' title='bbox 861 4376 1275 4447; x_wconf 82' lang='lat' dir='ltr'><strong>corbeiensem,</strong></span> <span class='ocrx_word' id='word_1_327' title='bbox 1312 4384 1673 4446; x_wconf 85' lang='lat' dir='ltr'><strong>posteaquam</strong></span> <span class='ocrx_word' id='word_1_328' title='bbox 1712 4374 1999 4430; x_wconf 87' lang='lat' dir='ltr'><strong>Corbeiam</strong></span> <span class='ocrx_word' id='word_1_329' title='bbox 2037 4375 2129 4430; x_wconf 90' lang='lat' dir='ltr'><strong>die</strong></span> <span class='ocrx_word' id='word_1_330' title='bbox 2168 4378 2235 4431; x_wconf 83' lang='grc'><strong>18</strong></span> <span class='ocrx_word' id='word_1_331' title='bbox 2270 4377 2406 4432; x_wconf 89' lang='lat' dir='ltr'><strong>Dec.</strong></span> <span class='ocrx_word' id='word_1_332' title='bbox 2449 4379 2587 4434; x_wconf 82' lang='lat'><strong>1146</strong></span> <span class='ocrx_word' id='word_1_333' title='bbox 2621 4379 2936 4449; x_wconf 87' lang='lat' dir='ltr'><strong>devenerit,</strong></span> <span class='ocrx_word' id='word_1_334' title='bbox 2983 4382 3062 4437; x_wconf 84' lang='lat' dir='ltr'><strong>sit</strong></span> 
     </span>
     <span class='ocr_line' id='line_1_37' title="bbox 712 4482 895 4522; baseline 0.011 -2"><span class='ocrx_word' id='word_1_335' title='bbox 712 4482 895 4522; x_wconf 77' lang='lat' dir='ltr'><strong>missa.</strong></span> 
     </span>
    </p>
   </div>
   <div class='ocr_carea' id='block_1_8' title="bbox 1667 4553 2092 4564">
    <p class='ocr_par' dir='ltr' id='par_1_8' title="bbox 1667 4553 2092 4564">
     <span class='ocr_line' id='line_1_38' title="bbox 1667 4553 2092 4564; baseline 0 678"><span class='ocrx_word' id='word_1_336' title='bbox 1667 4553 2092 4564; x_wconf 95' lang='lat' dir='ltr'><strong> </strong></span> 
     </span>
    </p>
   </div>
  </div>
 </body>
</html>
