3319 5242
546 602 683 658 1137

516 674 614 723 Oct.
639 678 703 724 in.

559 3322 696 3379 1137

574 3394 674 3443 ont.

739 438 826 505 88
929 510 943 526 .
1439 458 1739 504 wmALm
1781 457 2155 505 amsi-om
2198 459 2274 504 ιι.
2306 460 2381 504 12.

736 596 1153 685 perveniatis,
1211 598 1291 666 ab
1338 598 1626 666 omnibus
1674 598 1815 666 aliis
1864 598 2306 666 abstinendum
2353 606 2480 685 est,
2541 606 2606 668 et
2647 598 2932 686 legitime
2968 620 3083 688 pro

738 713 1069 780 Gasinensi
1121 713 1412 800 ecclesia,
1471 735 1630 800 quae
1680 715 2019 800 singularis
2064 715 2333 783 Romani
2377 716 2631 804 imperii
2674 737 2924 785 camera
2967 724 3084 802 est,

738 830 1202 896 decertandum.
1295 830 1458 909 Quid
1525 836 1735 898 autem
1803 833 2007 916 magis
2075 831 2427 916 legitimum
2440 884 2459 918 ‚
2538 854 2730 919 quam
2789 838 2863 899 ut
2930 854 3085 920 prae

738 946 1024 1013 omnibus
1086 952 1149 1012 et
1203 952 1349 1013 ante
1406 948 1620 1013 omnia
1663 966 1948 1015 camerae
1993 954 2243 1028 vestrae
2288 969 2504 1016 curam
2549 948 2867 1033 habeatis,
2924 970 3088 1035 quae

737 1067 1100 1129 cunctorum
1153 1065 1684 1130 monasteriorum
1739 1070 1930 1150 caput
1990 1070 2056 1132 et
2108 1069 2314 1132 mater
2370 1072 2496 1150 est,
2557 1086 2716 1153 quae
2760 1071 2974 1132 vesuo
3019 1067 3089 1133 in

734 1180 1018 1263 tempore
1080 1179 1274 1245 tantis
1343 1200 1418 1245 ac
1480 1185 1613 1246 tam
1683 1180 2063 1247 immanibus
2128 1182 2480 1249 succumbit
2546 1183 2679 1249 sine
2736 1182 3090 1249 cessatione

733 1293 1070 1380 periculis?
1138 1295 1429 1381 Denique
1475 1297 1531 1362 si
1577 1294 1940 1363 Casinensis
1988 1297 2283 1382 ecclesia,
2331 1319 2494 1385 quae
2539 1302 2907 1368 cunctorum
2949 1318 3092 1366 mo-

733 1410 1154 1477 nasteriorum
1209 1417 1400 1498 caput
1458 1416 1585 1496 est,
1641 1413 1847 1497 viget,
1921 1417 2133 1481 cetera
2187 1415 2517 1499 coenobia,
2582 1434 2743 1500 quae
2796 1414 3092 1482 membra

733 1525 869 1593 eius
915 1533 1084 1611 sunt,
1133 1528 1421 1612 quamvis
1467 1528 1788 1614 languida,
1833 1531 2250 1617 recuperandi
2278 1532 2573 1600 fiduciam
2602 1550 2730 1598 non
2761 1530 3084 1598 amittunt.

733 1641 906 1721 Quae
959 1643 1263 1709 nimirum
1320 1646 1493 1710 omni
1550 1646 1778 1713 robore
1834 1653 2079 1730 carent,
2140 1648 2197 1714 si
2251 1646 2576 1731 contingat
2632 1646 2837 1713 solum
2892 1653 3090 1734 caput

731 1758 894 1825 forte
938 1757 1268 1843 languere3
1318 1767 1551 1846 quanto
1597 1763 1811 1849 potius
1844 1799 1928 1809 —
1962 1763 2130 1848 quod
2173 1763 2417 1830 meritis
2464 1763 2848 1830 sanctissimi
2880 1764 3086 1850 patris

732 1873 1060 1941 Benedicti
1105 1880 1349 1943 avertat
1393 1878 1791 1965 omnipotens
1832 1879 2006 1946 Deus
2039 1916 2123 1926 —
2155 1880 2212 1946 si
2256 1880 2581 1963 contingat
2625 1880 2931 1964 extingui.
2999 1878 3089 1946 Et

734 1990 862 2056 iam
907 1989 1285 2057 Benedictus
1342 2011 1416 2058 ac
1460 1992 1717 2061 Maurus
1765 2015 1908 2061 cum
1953 1995 2076 2061 sibi
2121 1996 2472 2061 commissis
2522 1996 2741 2063 ovibus
2786 2011 3085 2081 mergun-

732 2111 856 2172 tur.
924 2105 1170 2191 Erigite
1213 2127 1360 2191 ergo
1391 2108 1536 2175 illos
1567 2130 1607 2176 a
1633 2109 1946 2195 fluctibus,
1979 2111 2325 2198 imperator
2353 2112 2606 2195 invicte,
2639 2112 2728 2178 si·
2758 2132 2872 2178 vos
2897 2118 3092 2199 pater

730 2220 1107 2289 Benedictus
1140 2223 1219 2290 ab
1251 2244 1619 2292 excessuum
1644 2225 2063 2295 alluvionibus
2093 2229 2298 2312 erigat
2319 2233 2384 2295 et
2404 2228 2583 2296 vobis
2606 2228 2894 2295 coelestis
2919 2230 3087 2297 atria

731 2339 910 2424 regni
954 2339 1476 2408 intercessionum
1521 2362 1780 2410 suarum
1826 2344 2119 2430 precibus
2163 2349 2422 2427 reseret„
2465 2349 2539 2410 ut
2577 2344 2746 2411 vitae
2791 2350 3085 2414 aeternae

732 2474 967 2541 pascua
995 2456 1374 2523 invenienda
1416 2459 1583 2525 inter
1629 2460 1885 2544 angelos
1931 2466 1995 2528 et
2041 2460 2447 2545 archangelos
2493 2461 2629 2528 sine
2668 2462 2940 2528 termino
2967 2463 3085 2528 tri-

733 2571 906 2656 buat,
953 2572 1122 2658 quod
1165 2573 1380 2641 oculus
1425 2595 1553 2642 non
1596 2576 1760 2643 vidit
1802 2595 1919 2644 nec
1956 2577 2127 2644 amis
2157 2577 2401 2644 audivit
2429 2597 2547 2645 nec
2573 2577 2644 2645 in
2674 2596 2782 2644 cor
2810 2577 3087 2647 hominis

735 2689 1019 2756 ascendit
1033 2685 1067 2755 ¹.
1139 2689 1394 2777 Imperii
1438 2693 1636 2758 vestri
1681 2692 2215 2778 magnificentiam
2259 2693 2545 2762 Christus
2590 2693 2902 2761 Dominus
2945 2695 3090 2763 feli-

734 2804 892 2872 citer
935 2813 1279 2891 conservet,
1326 2812 1579 2875 tueatur
1624 2814 1690 2876 et
1733 2810 2029 2877 defendat
2070 2810 2139 2876 in
2170 2810 2371 2878 annis.
2440 2809 2613 2879 Bene
2658 2810 2879 2879 valete.

741 3071 775 3140 1
789 3068 858 3140 2.
905 3072 1222 3140 Wibaldus
1253 3075 1628 3141 Lathon-ium
1671 3079 2111 3164 imperatorem
2158 3090 2215 3142 et
2260 3077 2585 3144 Richizam
2630 3081 3089 3167 imperatricem

914 3191 1262 3272 obtestatur,
1306 3203 1377 3256 ut
1406 3193 1699 3257 maximis
1728 3191 2198 3281 difficultatibus
2235 3196 2362 3260 suis
2393 3193 2763 3260 consulam!
2858 3194 2969 3277 (Μ.
2993 3197 3086 3279 2.)

912 3320 1185 3388 Domino
1232 3323 1520 3410 piissimo
1568 3329 1632 3390 et
1678 3325 2078 3391 serenissimo
2124 3327 2495 3412 imperatori
2542 3334 2805 3412 augusto
2850 3326 3088 3396 Lotha-

731 3437 828 3519 rio
886 3438 1128 3504 caesari
1186 3458 1260 3504 ac
1314 3439 1763 3525 triumphatori
1833 3446 2137 3528 perpetuo
2208 3443 2464 3527 eiusque
2530 3445 2715 3510 uxori
2765 3443 3085 3532 Richizae,

736 3573 776 3619 a
818 3551 954 3619 Deo
999 3558 1323 3638 protectae
1369 3553 1794 3621 Romanorum
1839 3557 2247 3643 imperatrici,
2302 3559 2599 3625 victorias
2646 3563 3084 3647 certaminum,

733 3669 1030 3756 perennis
1088 3669 1256 3736 vitae
1314 3669 1632 3755 bravium,
1693 3672 2109 3740 subiectiones
2165 3675 2447 3757 gentium
2508 3680 2696 3761 atque
2748 3677 3086 3745 substratis

733 3785 1019 3851 hostibus
1076 3784 1251 3871 pacis
1296 3785 1527 3870 ubique
1572 3786 1837 3873 bonum,
1899 3787 2245 3856 Guibaldus
2292 3791 2497 3857 sancti
2540 3791 2902 3859 Casinensis
2946 3814 3085 3861 mo-

733 3900 997 3966 nasterii
1041 3901 1329 3967 minister
1373 3902 1687 3986 indignus.

914 4015 987 4081 In
1051 4017 1243 4083 variis
1310 4018 1762 4104 multiplicibus
1830 4040 1904 4087 ac
1965 4021 2230 4088 diversis
2287 4022 2797 4090 tribulationibus
2850 4027 3085 4093 consti-

733 4137 943 4215 tutus,
1006 4137 1288 4199 vestrum
1346 4134 1422 4201 de
1478 4135 1580 4201 die
1638 4135 1707 4201 in
1765 4135 1898 4202 dies
1957 4142 2294 4203 venturum
2349 4139 2683 4225 sperabam
2740 4141 3080 4225 auxilium3

736 4247 869 4333 sed,
917 4254 989 4314 ut
1031 4248 1234 4334 video,
1281 4249 1504 4317 fefellit
1547 4271 1649 4317 me
1696 4271 1840 4338 spes
1885 4272 2043 4318 mea.
2115 4253 2431 4333 Quantum
2474 4254 2643 4321 enim
2670 4256 3081 4326 relationibus

880 4403 919 4437 a.
962 4409 1022 4436 οη
1066 4392 1163 4438 sic?
1301 4392 1345 4438 b.
1388 4394 1530 4438 Huius
1571 4394 1791 4451 epistolae
1819 4397 2082 4456 fragmenta
2118 4397 2324 4459 leguntur
2361 4399 2406 4442 in
2439 4399 2564 4443 Petu·
2595 4398 2718 4444 diac.
2745 4400 2897 4447 chron.
2925 4404 3082 4449 Casia.

737 4472 788 4516 L.
815 4470 896 4518 W.
934 4487 973 4517 e.
1001 4471 1092 4516 104
1115 4481 1157 4516 ee
1186 4471 1274 4517 126
1301 4488 1350 4530 p.
1369 4472 1459 4518 816
1483 4481 1526 4517 d
1550 4472 1657 4518 841.
1707 4475 1783 4528 Cf.
1812 4489 1952 4532 upra
1979 4491 2026 4533 p.
2055 4475 2116 4521 84
2146 4493 2188 4522 n.
2218 4493 2264 4522 ο.

879 4558 929 4613 1.
968 4558 997 4611 1
1024 4555 1272 4615 Corinth.
1297 4558 1348 4628 2,
1374 4557 1424 4610 9.
