3319 5242
699 452 837 519 590
1372 468 1674 516 wmannr
1714 466 2090 516 nns‘ronu:
2130 466 2239 513 46⁷.
2271 466 2380 513 esa

464 618 600 673 1157
702 616 914 678 autem
957 613 1178 676 nostra
1219 629 1337 695 pro
1382 628 1499 676 sua
1542 610 1824 677 novitate
1867 607 2212 693 infirmant,
2258 627 2375 674 sua
2417 626 2535 694 pro
2579 606 2841 673 illorum
2879 611 3047 673 vetu-

404 692 539 739 Mm‘
556 694 667 752 *¹³¹⁸
702 732 864 794 state
920 724 1267 811 affirmant,
1322 726 1655 794 manifeste
1699 726 2037 809 falluntur,
2098 725 2248 810 quia
2289 730 2541 811 tempus
2584 722 2784 790 nichil
2825 723 2896 791 in
2937 721 3048 788 hoc

702 843 984 910 conferre
1025 843 1362 930 probatum
1410 848 1475 910 et
1518 843 1678 910 tales
1724 843 1979 911 Oratius
2021 841 2275 907 irridet:

991 957 1113 1037 Qui
1155 979 1285 1027 non
1328 959 1703 1047 suscipiunt,
1748 959 1875 1025 nisi
1919 957 2088 1044 quod
2130 955 2414 1024 Libitina
2457 956 2733 1022 sacravit
2749 949 2785 1019 ¹.

704 1073 933 1142 Clerici
977 1080 1208 1159 autem,
1256 1076 1364 1162 qui
1407 1075 1846 1163 principaliter
1877 1074 2108 1141 debent
2138 1074 2451 1161 episcopis
2483 1072 2761 1155 subesse,
2810 1074 3050 1136 tantum

705 1191 984 1259 deiciunt
1026 1192 1400 1276 dignitatem
1443 1212 1620 1258 suam
1654 1192 1773 1259 sub
1804 1190 2051 1275 abbate,
2101 1196 2408 1277 quantum
2436 1188 2702 1256 inferior
2733 1191 2834 1254 est
2864 1186 3049 1252 abbas

702 1306 1017 1395 pontifice.
1111 1308 1354 1375 Horum
1400 1308 1681 1375 omnium
1728 1308 1882 1394 quid
1926 1308 2159 1375 certius
2203 1305 2546 1373 tenendum
2588 1304 2695 1387 sit,
2740 1302 3050 1369 decernite

704 1424 905 1491 nobis.
975 1422 1213 1492 Valete.
1395 1424 1558 1503 Quid
1604 1424 1798 1491 abbas
1845 1424 2064 1492 Sancti
2106 1418 2468 1490 Laurentii²
2512 1441 2628 1508 per
2670 1418 3050 1507 pastoralem

703 1540 995 1607 baculum
1065 1541 1290 1609 debeat
1355 1541 1508 1608 dare
1565 1541 1781 1608 abbati
1838 1541 2055 1608 Sancti
2110 1533 2359 1624 Egidii⁸
2419 1536 2763 1605 certificate
2818 1530 3048 1603 nobis⁴.

706 1657 941 1724 Curam
999 1658 1168 1724 enim
1223 1658 1607 1743 animarum,
1666 1678 1827 1743 quae
1886 1664 1984 1725 est
2039 1656 2350 1744 episcopi,
2407 1655 2560 1721 dare
2616 1673 2747 1720 non
2790 1652 3047 1740 poterit3

702 1773 929 1841 fundos
974 1793 1104 1841 non
1146 1773 1353 1859 dabit,
1412 1775 1561 1860 quia
1604 1773 1863 1843 baculus
1879 1784 1900 1810 ⁸
1948 1773 2354 1857 contradicit,
2403 1771 2511 1857 qui
2556 1768 2919 1858 spiritualia
2961 1769 3049 1834 in-

705 1890 991 1957 notescit.
1087 1889 1200 1957 Set
1242 1889 1460 1957 abusio
1506 1895 1605 1958 est
1646 1890 1808 1975 legis
1852 1890 2285 1958 contradictio.

709 2137 889 2209 458.
926 2140 1244 2207 Wibaldus
1288 2142 1376 2206 ad
1415 2143 1765 2228 superiores
1797 2142 2032 2206 litteras
2059 2164 2186 2206 non
2213 2142 2346 2205 sine
2376 2140 2778 2225 castiqatione
2804 2161 3050 2224 respon-

932 2257 1050 2337 det,
1085 2257 1173 2322 ad
1197 2256 1510 2322 Frederici
1529 2257 1575 2322 I
1588 2258 1983 2344 imperatoris
2013 2259 2251 2321 curiam
2281 2253 2694 2343 prosecmrus.
2745 2250 2855 2334 (M.
2881 2251 3052 2332 373.)

533 2400 669 2456 1157
883 2387 1109 2455 Frater
1136 2387 1514 2471 W(ibaldus)
1546 2388 1668 2456 Dei
1699 2389 1906 2473 gratia
1940 2389 2028 2472 id,
2076 2387 2244 2473 quod
2275 2393 2373 2454 est
2414 2387 2484 2453 in
2514 2385 2819 2453 aecclesia
2848 2385 3052 2452 catho-

547 2474 658 2533 A¹'¹“
705 2503 848 2588 lica,
896 2504 1148 2570 cuidam
1192 2524 1309 2570 suo
1353 2509 1417 2572 et
1460 2504 1749 2572 omnibus
1798 2505 2017 2572 amicis
2066 2504 2514 2571 conscientiam
2559 2503 2683 2569 sibi
2730 2508 2794 2568 et
2823 2503 3054 2569 famam

705 2620 1017 2708 proximo.

883 2737 1180 2824 Acceptis
1223 2736 1455 2804 litteris
1502 2737 1874 2805 eruditionis
1919 2743 2098 2822 tuae,
2145 2737 2213 2802 in
2260 2737 2518 2822 quibuS,
2566 2735 2903 2821 subpresso
2945 2754 3053 2800 no-

707 2853 880 2920 mine
908 2858 1038 2938 tuo,
1073 2852 1456 2939 multiplices
1484 2854 1669 2921 nobis
1701 2854 2100 2940 quaestiones
2129 2853 2453 2940 proponiS,
2484 2852 2799 2918 recordati
2826 2852 3054 2916 fuimus

709 2970 1106 3054 euangelicae
1149 2968 1486 3057 parabolae
1530 2970 1610 3036 de
1655 2990 1851 3054 grano
1893 2970 2191 3057 synapis,
2247 2968 2444 3055 quod,
2492 2969 2659 3035 inter
2704 2969 2920 3034 omnia
2963 2988 3057 3033 se-

706 3087 884 3153 mina
924 3087 1277 3171 minimum,
1325 3087 1381 3152 si
1424 3086 1492 3152 in
1536 3091 1789 3152 terram-
1812 3087 2042 3154 bonam
2075 3073 2390 3169 ceciderit,
2435 3084 2505 3150 in
2533 3089 2786 3150 tantum
2816 3084 3056 3166 crescit,

708 3209 781 3270 ut
821 3203 1108 3270 volucres
1153 3189 1311 3269 coeli
1352 3207 1679 3288 tamquam
1697 3187 1704 3193 ’
1724 3202 1792 3268 in
1838 3203 2062 3269 arbore
2106 3200 2431 3267 nidificare
2474 3200 2742 3287 possint.
2816 3200 2916 3267 Ita
2956 3200 3056 3266 lit-

709 3325 883 3387 terae
925 3325 1074 3386 tuae
1117 3319 1330 3407 spacio
1375 3320 1597 3385 breves
1612 3309 1651 3403 ,'
1694 3324 1792 3385 set
1835 3309 2124 3385 sensibus
2170 3317 2524 3404 spaciosae,
2585 3316 2641 3382 si
2687 3317 2768 3383 ab
2814 3317 3056 3384 erudito

708 3456 1083 3523 responsore
1138 3439 1521 3519 tractentur,
1580 3440 1645 3501 et
1698 3434 1767 3501 in
1813 3434 2012 3501 altum
2058 3453 2337 3500 crescere
2385 3438 2449 3498 et
2494 3431 2753 3498 odorem
2797 3433 3058 3499 reddere

707 3573 835 3620 non
883 3551 1018 3618 sine
1064 3550 1273 3637 aliquo
1319 3550 1628 3617 acredinis
1676 3570 1902 3637 sapore
1942 3554 2259 3636 poterunt-
2323 3547 2559 3615 Verum
2589 3548 2791 3633 nobis,
2838 3550 2971 3615 iarn
2999 3554 3060 3614 et

708 3668 780 3734 in
823 3666 1141 3734 laboribus
1185 3666 1478 3755 plurimis
1526 3673 1591 3734 et
1632 3667 1702 3732 in
1737 3665 1944 3732 anxiis
1976 3685 2051 3732 ac
2080 3664 2512 3751 frequentibus
2542 3664 2843 3751 periculis
2874 3664 3059 3749 longo

710 3789 996 3869 tempore
1046 3783 1405 3850 exercitatis
1419 3832 1437 3867 ,
1495 3788 1559 3849 et
1609 3780 1936 3849 deficiente
1975 3781 2202 3867 capitis
2244 3786 2308 3848 et
2347 3779 2669 3847 oculorum
2710 3780 3059 3847 valitudine

712 3936 797 3948 —
843 3918 1012 3966 nunc
1058 3899 1139 3965 ad
1185 3899 1568 3986 sequendam
1612 3897 2013 3984 imperatoris
2058 3897 2262 3964 nostri
2305 3897 2547 3964 curiam
2593 3893 2927 3964 accinctis‘
2974 3932 3052 3942 —

713 4017 963 4085 etiamsi
1016 4016 1351 4103 aliquando
1395 4014 1620 4082 talium
1664 4035 1880 4082 rerum
1922 4013 2185 4100 peritia,
2244 4013 2411 4098 quod
2455 4013 2707 4099 quidem
2752 4012 2832 4080 de
2878 4013 3057 4081 nobis

711 4153 829 4201 nec
871 4133 1176 4201 sentimus
1220 4151 1338 4200 nec
1380 4131 1670 4214 dicimus,
1717 4129 2212 4216 suppeditasset3
2269 4135 2486 4197 tamen
2530 4129 2598 4195 in
2639 4134 2822 4195 tanta
2865 4127 3055 4195 studii

858 4324 899 4356 a.
939 4310 1087 4358 bacl's
1118 4329 1158 4357 c.

856 4396 905 4451 1.
952 4396 1083 4451 Hor.
1108 4397 1212 4466 Ep.
1236 4396 1307 4451 11.
1335 4396 1384 4465 1,
1409 4396 1507 4450 49:
1559 4395 1935 4466 „Miraturque
1970 4392 2119 4463 nihil,
2161 4393 2267 4448 nisi
2297 4393 2450 4463 quod
2484 4392 2722 4448 Libitina
2757 4393 3049 4448 sacravit“.

714 4486 766 4539 2.
803 4483 1137 4540 Leodiensis.
1280 4487 1332 4540 3.
1378 4483 1587 4540 Publici
1621 4485 1823 4540 montis
1856 4482 2193 4538 Leodiensis.
2344 4483 2396 4537 4.
2444 4482 2533 4537 De
2567 4481 2758 4536 horum
2797 4481 3050 4537 abbatum

713 4573 1084 4630 controversia
1119 4571 1188 4630 cf.
1227 4589 1313 4643 ep.
1337 4573 1444 4628 395
1479 4588 1647 4643 supra
1680 4589 1735 4643 p.
1760 4574 1884 4628 526.
2028 4573 2079 4627 5.
2115 4587 2171 4627 v.
2196 4585 2283 4640 ep.
2308 4571 2414 4626 456
2451 4586 2616 4642 supra
2647 4587 2703 4639 p.
2729 4571 2855 4626 588.
