3319 5242
664 375 794 443 248
1424 390 1722 437 msamr
1766 387 2095 437 srrs‘rona
2142 387 2248 436 ιω.

327 540 647 598 1147-1148
665 535 859 602 etiam
902 531 1300 601 familiariter
1345 538 1532 618 atque
1576 533 1641 597 in
1690 531 1828 598 cibo
1876 537 1940 598 et
1982 535 2139 616 potu
2185 534 2249 596 et
2291 549 2511 597 somno
2556 536 2863 616 tanquam
2905 550 3006 597 cu·

667 650 912 716 stodem
958 649 1239 736 corporis
1284 649 1649 732 habuimus,
1710 668 1897 735 quem
1942 648 2136 715 etiam
2179 646 2448 731 honore,
2505 648 2905 733 possessione
2949 652 3010 713 et

666 767 928 833 honesto
958 765 1358 832 matrimonio
1390 764 1885 832 sublimavimus,
2022 763 2296 829 Puerum
2329 763 2641 849 quendam
2670 762 3012 849 reliquerat

669 882 988 966 Corbeiae,
1033 880 1233 948 filium
1279 882 1514 948 sororis
1561 902 1733 965 suae,
1779 881 1890 947 illo
1919 879 2271 946 nativitatis
2318 880 2538 946 ordine
2581 880 2890 964 genitum,
2937 880 3013 947 de

669 1019 790 1085 quo
837 998 1006 1082 leges
1053 1001 1118 1064 et
1159 1003 1414 1085 patrum
1457 998 1751 1064 instituta
1797 997 2159 1079 decernunt,
2206 1000 2279 1061 ut
2315 995 2384 1060 in
2416 995 2751 1080 ergastulis
2797 1016 3014 1063 mona-

669 1115 1005 1182 steriorum
1050 1114 1141 1180 sic
1186 1115 1470 1201 concepti
1515 1113 1940 1196 retrudantur,
1989 1133 2174 1198 quem
2205 1112 2344 1198 ipse
2374 1112 2443 1178 in
2471 1113 2861 1180 monasterio
2889 1112 3016 1180 ool-

668 1231 874 1297 locare
919 1231 1316 1316 nequiverat3
1364 1236 1461 1296 set
1503 1250 1619 1297 nos
1667 1250 1810 1296 eum
1856 1229 2088 1294 intuitu
2119 1228 2368 1294 divinae
2409 1229 2847 1296 retributionis
2876 1234 3018 1297 ton·

670 1353 951 1413 soratum
999 1353 1063 1413 et
1109 1347 1503 1413 vestimentis
1538 1346 1793 1430 regulae
1841 1345 2128 1410 indutum
2175 1343 2435 1428 collegio
2478 1344 2748 1412 fratrum
2794 1366 3021 1431 aggre-

495 1474 633 1529 1148
669 1464 974 1548 gavimus.
1148 1463 1413 1541 Quidam
1464 1485 1543 1529 ex
1589 1463 1702 1546 eiS,
1750 1460 1975 1548 quibus
2020 1481 2222 1546 nuper
2266 1460 2704 1528 reconciliatus
2747 1467 2874 1546 est,
2921 1462 3022 1529 cui

669 1581 1030 1666 frequenter
1071 1579 1311 1663 legatos
1356 1579 1607 1663 dirigit,
1664 1579 1844 1662 gravi
1890 1598 2031 1643 eum
2076 1576 2459 1660 ignominiae
2503 1577 2782 1644 cauterio
2829 1578 3024 1646 adue·-

672 1702 870 1780 serat,
929 1695 1235 1782 quasdam
1290 1695 1436 1761 edes
1495 1715 1696 1782 prope
1742 1693 2193 1760 monasterium
2239 1693 2616 1760 destruendo
2661 1699 2726 1761 et
2766 1694 3027 1763 inhabi-

671 1819 880 1880 tantes
928 1814 995 1880 in
1043 1813 1133 1878 eis
1180 1811 1257 1878 ab
1303 1811 1591 1895 ingressu
1636 1811 2005 1876 monasterii
2051 1810 2351 1891 arcend03
2398 1830 2589 1895 quam
2615 1816 2840 1878 notam
2883 1833 3025 1898 nos,

671 1929 1083 1995 humanitatis
1141 1928 1518 1995 verecundia
1574 1928 1907 2011 suadente,
1973 1924 2222 1991 abolere
2277 1926 2731 1994 festinavimus.
2837 1927 3030 1996 Hunc

672 2044 881 2112 locum
912 2045 1345 2112 erubescentes
1377 2049 1565 2129 atque
1595 2047 1961 2110 cunctantes
1994 2042 2359 2125 attingimus
2389 2048 2650 2129 propter
2677 2041 2846 2111 illud
2872 2065 3032 2133 apo-

674 2161 852 2228 stoli:
902 2161 1318 2229 Comiderans
1349 2177 1406 2228 te
1434 2167 1664 2250 ipsum,
1713 2184 1791 2226 ne
1821 2174 1879 2226 et
1907 2173 1975 2226 tu
2005 2163 2317 2246 tempta-is
2336 2154 2384 2236 ¹‚·
2430 2163 2523 2226 ct:
2572 2160 2704 2243 Qui
2728 2173 2883 2243 atat,
2932 2166 3030 2229 ου’·

675 2282 818 2345 deat
860 2303 939 2344 ne
984 2274 1221 2346 cadat'.
1313 2278 1473 2344 Illud
1505 2298 1674 2363 vero,
1723 2277 1890 2363 quod
1933 2275 2084 2342 licet
2121 2295 2349 2341 munus
2378 2275 2590 2360 fuerit,
2633 2296 2762 2343 non
2807 2282 3033 2346 tamn

678 2395 717 2460 a
759 2394 940 2461 nobis
987 2393 1356 2461 beneficium
1401 2399 1756 2481 reputatur,
1810 2392 2300 2480 pretereundum
2344 2398 2669 2479 putamus,
2723 2392 3034 2463 videlicet

443 2530 643 2578 1320.ae
677 2511 843 2595 quod
890 2511 928 2576 a
971 2511 1152 2577 nobis
1197 2511 1463 2577 vestitus
1508 2511 1631 2576 fuit
1675 2510 1914 2576 cunctis
1962 2507 2314 2595 duplicibus
2365 2510 2584 2576 eadem
2629 2509 2762 2577 die..
2812 2531 2953 2577 oua
2993 2511 3034 2577 i

677 2628 1030 2693 summissis
1075 2627 1425 2695 latronibus
1471 2628 1669 2693 vitam
1713 2628 1845 2693 fere
1892 2646 2035 2692 cum
2056 2625 2338 2712 ‚caballis
2384 2646 2438 2693 al

677 2749 898 2830 pterea
941 2744 1312 2810 detestanda
1356 2749 1453 2810 est
1496 2744 1786 2828 ambicio,
1834 2764 1993 2828 quae
2038 2743 2270 2809 mentis
2300 2742 2548 2809 oculu...
2581 2795 2816 2826 ,ΜΝ-η
2868 2795 3032 2829 ΨΜ,

678 2859 1001 2944 religionis
1046 2860 1346 2926 intuitum
1390 2861 1698 2944 tenebrat,
1744 2880 1905 2945 quae
1948 2858 2071 2925 Dei
2116 2858 2408 2925 timorem
2455 2863 2518 2925 et
2561 2859 2897 2926 hominum
2930 2882 3034 2928 re-

677 2978 1027 3045 verentiam
1073 2977 1374 3044 annullat.
1513 2977 1566 3044 O
1614 2976 1880 3043 altitudo
1926 2976 2126 3043 divini
2171 2976 2446 3044 consilii!
2540 2974 2593 3041 Ο
2638 2975 3033 3062 profundum

678 3095 1060 3162 iustissimae
1106 3094 1569 3181 providentiae!
1665 3092 1717 3159 O
1765 3093 2232 3178 investigabiles
2276 3093 2418 3160 viae
2460 3091 2611 3157 Dei!
2693 3090 2873 3157 Dum
2917 3093 3031 3159 ho-

680 3231 898 3277 norem
935 3212 1169 3277 conscii
1209 3212 1571 3294 fragilitatis
1613 3210 1930 3293 reicimus,
1978 3209 2237 3276 consilio
2270 3209 2483 3276 divino
2515 3207 2833 3293 capimur3
2884 3228 3033 3275 cum

683 3326 765 3391 ad
811 3327 1082 3411 quietem
1127 3326 1235 3392 diu
1267 3326 1687 3393 desideratam
1719 3330 1784 3393 et
1811 3345 2073 3412 corpore
2103 3331 2168 3393 et
2196 3326 2405 3392 animo
2435 3324 2773 3407 tendimus,
2822 3331 3032 3391 aeter-

682 3462 801 3507 nae
821 3441 1256 3527 providentiae
1278 3442 1510 3508 iudicio
1540 3441 1786 3508 labores
1816 3442 2285 3509 inextricabiles
2316 3447 2381 3509 et
2411 3442 2634 3507 anxios
2664 3440 3032 3525 incidimus,

597 3573 601 3574 *
686 3563 749 3623 et
777 3557 845 3623 in
873 3557 992 3623 hac
1021 3558 1126 3623 via
1153 3558 1433 3641 Domini,
1480 3578 1620 3623 cum
1654 3579 1959 3643 amamuS,
2007 3560 2218 3625 odium
2252 3558 2613 3645 recipimuS,
2659 3576 2803 3622 cum
2834 3558 3033 3625 mise-

683 3695 916 3757 remur,
963 3672 1319 3757 affligimur.
1387 3672 1802 3741 Accusatores
1849 3674 2106 3761 quidam
2152 3680 2214 3742 et
2256 3678 2450 3741 testes
2498 3680 2685 3759 atque
2724 3694 3033 3760 coopera-

684 3796 853 3857 tores
898 3790 1310 3876 depositionis
1353 3790 1625 3857 hominis
1672 3790 1844 3858 illius
1889 3791 2114 3858 elisum
2158 3791 2562 3876 recolligunt,
2619 3790 2767 3856 odia
2808 3790 3031 3857 incen-

685 3907 861 3990 dunt,
907 3911 1158 3972 armant
1200 3908 1348 3992 iras,
1394 3908 1933 3994 presumptionem
1978 3907 2298 3993 roborant,
2341 3928 2470 3974 non
2510 3907 2661 3993 quia
2689 3925 2834 3973 eum
2881 3906 3031 3973 dili-

684 4029 859 4108 gunt,
905 4029 1003 4090 set
1045 4024 1195 4108 quia
1237 4024 1362 4111 ipsi
1403 4025 1672 4110 inquieti
1716 4029 1881 4090 sunt.

861 4140 1041 4218 Quod
1070 4145 1280 4207 autem
1308 4145 1522 4207 vestra
1548 4141 1817 4208 eruditio
1854 4141 2129 4226 scripsit,
2174 4141 2402 4207 utiam
2434 4159 2583 4226 sepe
2626 4138 3030 4205 nominatum

683 4257 944 4323 fratrem
992 4258 1058 4322 in
1104 4256 1448 4323 claustrum
1487 4258 1896 4343 professionis
1929 4277 2078 4323 suae
2108 4256 2379 4340 benigne
2407 4256 2786 4342 recipiamus
2816 4259 2882 4320 et
2912 4275 3030 4341 pa-

686 4377 868 4438 terna
912 4371 1335 4440 consolatione
1376 4373 1826 4440 contricionem
1857 4372 1990 4438 eius
2022 4371 2406 4439 sublevando
2435 4373 2780 4457 foveamus,
2825 4391 3029 4458 quan-

828 4504 878 4559 1.
916 4502 1096 4560 Galat.
1122 4505 1171 4573 6,
1198 4506 1249 4558 1.
1390 4505 1457 4559 2..
1484 4505 1513 4558 1
1539 4501 1785 4560 Corinth.
1816 4503 1898 4573 10,
1924 4503 2010 4559 12.
