3319 5242
732 455 869 524 440
1400 472 1698 519 wmanm
1739 468 2114 519 Ens'ronm
2154 468 2262 514 311.
2297 467 2403 514 812.

400 624 629 709 115051·
652 649 701 658 —
733 620 1083 684 vastatores
1129 618 1193 682 et
1234 615 1547 683 libertatis
1591 618 1839 681 vestrae
1893 609 2315 678 inimicissimi
2372 607 2801 675 insidiatores.
2887 604 3049 673 Mini-

401 695 536 749 1151
559 712 623 744 ω’
736 732 1019 799 steriales
1065 733 1279 817 vestri,
1327 733 1436 818 qui
1472 731 1751 798 maxime
1781 730 2081 797 deberent
2110 726 2478 795 aecclesiam
2507 730 2886 808 sustentare,
2927 742 3051 789 con-

734 849 904 916 versi
949 853 1096 915 sunt
1149 849 1218 916 in
1274 869 1491 915 arcum
1545 866 1814 934 pravum
1831 841 1848 873 ¹
1892 850 1957 912 et
2009 863 2216 929 neque
2269 841 2589 910 mandatis
2644 840 3056 927 obtemperant

735 985 938 1051 neque
982 964 1450 1049 agriculturam,
1494 965 1603 1031 ubi
1648 963 1776 1050 ipsi
1819 961 2016 1028 villici
2057 964 2226 1044 sunt,
2274 977 2563 1025 exercere
2597 957 2918 1040 adiuvant„
2958 960 3057 1039 set,

739 1082 905 1167 quod
948 1080 1223 1150 deterius
1269 1088 1398 1166 est,
1455 1080 1811 1167 impediunt
1855 1082 1919 1145 et
1961 1080 2234 1143 vastant.
2302 1074 2364 1140 A
2411 1073 2640 1159 quibus
2687 1070 3060 1140 detrimentis

735 1198 911 1264 nulla
937 1199 1069 1265 fere
1112 1198 1411 1266 ecclcsiae
1438 1201 1689 1264 vestrae
1718 1194 2034 1282 possessio
2066 1192 2273 1259 aliena
2301 1195 2428 1272 est3
2477 1194 2541 1256 et
2568 1190 2853 1257 maxime
2881 1194 3063 1256 curtes

736 1314 884 1382 illae
926 1334 1163 1381 vacuae
1209 1320 1274 1382 et
1316 1313 1638 1413 neglectae
1684 1317 1852 1395 sunt,
1898 1311 1976 1377 de
2021 1309 2247 1395 quibus
2275 1306 2581 1395 precipua
2606 1306 2977 1373 monasterii
3014 1307 3069 1370 ct

739 1431 1093 1518 prebendae
1137 1430 1578 1518 supplementa
1633 1429 1778 1515 capi
1822 1427 2124 1494 solebant.
2195 1425 2367 1491 Inter
2411 1424 2567 1490 haec
2615 1428 2830 1489 autem
2877 1421 3071 1489 divina

739 1547 988 1633 flagella
1030 1547 1275 1614 nullum
1316 1548 1497 1614 nobis
1530 1545 1837 1612 auxilium
1865 1547 2186 1631 prestatur
2199 1552 2221 1577 ·
2249 1540 2352 1607 vel
2382 1541 2462 1607 ab
2493 1530 2962 1607 aecclesiastica
2986 1535 3073 1602 vel

743 1666 784 1731 a
825 1664 1095 1732 seculari
1137 1668 1469 1751 potestate.
1538 1663 1683 1728 Non
1729 1665 1826 1728 est
1868 1661 2085 1745 itaque
2124 1658 2380 1742 mirum,
2427 1657 2482 1723 si
2515 1656 2673 1723 haec
2702 1656 2921 1722 omnia
2946 1652 3075 1720 dili·

743 1786 965 1865 genter
1030 1780 1426 1847 considerata
1495 1777 1817 1846 tabescere
1895 1777 2136 1844 faciunt
2215 1776 2379 1842 sicut
2448 1792 2746 1840 araneam
2815 1771 3075 1838 animam

743 1892 1062 1963 nostram’
1120 1901 1185 1964 et
1240 1897 1317 1963 de
1376 1894 1578 1962 salute
1622 1899 1844 1962 nostra
1888 1901 1952 1961 et
2004 1893 2187 1960 nobis
2232 1890 2715 1959 commissorum
2761 1887 3080 1955 sollicitius

746 2013 1039 2096 cogitare.
1205 2012 1487 2091 Qualiter
1515 2031 1669 2078 vero
1708 2015 1928 2078 nostra
1957 2009 2267 2076 ordinatio
2298 2009 2367 2074 in
2396 2005 2762 2074 Gorbeiensi
2793 2002 3082 2071 aecclesia

747 2129 833 2196 sit
887 2150 926 2195 a
981 2129 1210 2196 domno
1265 2150 1435 2217 papa
1486 2128 1772 2212 Eugenio
1838 2127 1907 2193 in
1969 2127 2224 2193 civitate
2281 2124 2505 2192 Meldis
2563 2120 2968 2206 confirmata,
3022 2124 3082 2185 tu

747 2245 972 2313 melius
1017 2247 1205 2331 nosti,
1254 2246 1363 2332 qui
1407 2264 1668 2333 presens
1716 2264 1855 2310 eras
1867 2239 1912 2328 ⁸,
1958 2248 2023 2310 et
2065 2263 2181 2309 nos
2228 2243 2518 2310 absentes
2560 2238 2818 2306 fuimus.

752 2483 928 2555 312.
973 2486 1366 2553 Stabulenses
1411 2511 1452 2552 a
1510 2485 1795 2553 Whaldo
1845 2485 2063 2550 abbate
2109 2484 2332 2548 dimitti
2374 2482 2606 2546 nolunt.
2771 2475 2884 2559 (Μ.
2920 2477 3087 2556 295.)

416 2633 556 2687 1150
576 2648 645 2718 (ει.
668 2657 718 2667 -
926 2619 1200 2688 Domino
1247 2621 1312 2687 et
1355 2620 1524 2708 patri
1572 2640 1685 2686 suo
1732 2615 2076 2685 venerabili
2108 2613 2468 2683 Stabulensi
2510 2611 2724 2681 abbati
2754 2610 3090 2694 W(ibaldo)

417 2704 552 2758 ¹¹⁵¹
576 2721 639 2754 ω’
750 2737 947 2803 frater
991 2736 1354 2819 R(obertus)
1401 2758 1545 2804 cum
1592 2736 1880 2803 omnibus
1928 2732 2404 2801 Stabulensibus
2420 2781 2439 2817 ‚
2486 2729 2755 2796 viriliter
2803 2750 2995 2814 agere
3037 2732 3093 2795 et

752 2854 1093 2921 confortari
1137 2854 1206 2919 in
1248 2852 1522 2920 Domino
1538 2849 1581 2920 ⁴.

930 2970 1259 3055 AcceptiS‚
1331 2968 1762 3036 amantissime
1827 2973 2039 3055 pater,
2109 2963 2488 3031 sinceritatis
2541 2967 2790 3028 vestrae
2846 2961 3092 3044 litteria

754 3109 914 3175 quae
960 3088 1155 3155 animi
1200 3107 1328 3153 non
1372 3086 1669 3153 commoti
1713 3089 1813 3152 set
1854 3084 2067 3149 futura
2111 3079 2524 3169 precaventis‚
2568 3099 2697 3145 non
2734 3076 3095 3145 fluctuantis

755 3210 853 3274 set
906 3212 1197 3292 tempora
1247 3223 1453 3270 mores
1501 3208 1567 3269 et
1607 3201 1890 3288 pondera
1930 3219 2145 3266 rerum
2189 3196 2642 3264 considerantis
2686 3195 3097 3262 intentionem

757 3324 1145 3410 aperiebant,
1193 3340 1266 3387 ac
1307 3340 1426 3406 per
1468 3318 1589 3385 hoc
1622 3315 2091 3384 deliberationis
2121 3318 2368 3381 vestrae
2397 3313 2534 3378 vias
2565 3313 3095 3392 demonstrabant,

619 3471 626 3476 ·
759 3439 1086 3527 appositus
1144 3441 1241 3503 est
1293 3435 1476 3503 nobis
1529 3434 1707 3502 dolor
1752 3452 1942 3519 super
1985 3430 2283 3498 dolorem.
2373 3427 2537 3495 Nam
2587 3464 2668 3474 —
2717 3449 2863 3495 cum
2910 3430 3097 3495 simus

758 3557 827 3623 in
881 3554 1001 3621 hoc
1054 3552 1410 3636 constituti,
1465 3555 1568 3636 ut,
1625 3570 1769 3617 cum
1825 3569 1954 3615 non
2009 3547 2338 3614 transierit
2392 3544 2559 3632 apud
2603 3566 2720 3612 nos
2764 3567 2965 3612 unum
3006 3565 3097 3627 ve,

761 3671 933 3739 aliud
990 3675 1053 3738 et
1110 3668 1281 3735 aliud
1337 3667 1766 3755 superveniat3
1823 3686 1969 3733 cum
2011 3685 2173 3731 unus
2219 3663 2593 3730 nunciorum
2637 3661 2747 3729 Iob
2790 3661 3096 3749 loquatur,

762 3794 826 3857 et
870 3787 1031 3854 alius
1072 3786 1209 3853 sine
1238 3785 1539 3851 dilatione
1567 3784 1813 3866 veniat3
1861 3802 2004 3850 cum
2034 3781 2207 3848 Deus
2238 3784 2453 3847 noster
2483 3779 2852 3865 opposuerit
2879 3779 3099 3846 nubem

763 3905 905 3990 sibi,
950 3925 1032 3971 ne
1077 3904 1279 3970 oratio
1323 3896 1640 3968 transeat‘
1673 3936 1756 3946 —
1788 3905 1927 3966 tum
1970 3898 2247 3965 maxime
2277 3896 2732 3965 viscerabiliter
2772 3896 3095 3975 doluimus,

761 4044 906 4092 cum
949 4042 1087 4106 nos,
1135 4021 1244 4107 qui
1286 4021 1355 4086 in
1402 4016 1913 4107 oppressionibus
1957 4015 2192 4082 nostris
2237 4015 2595 4099 frequenter
2625 4012 2857 4079 vestris
2892 4030 3097 4079 conso-

761 4139 1100 4207 lationibus
1147 4135 1464 4204 sublevari
1507 4133 1965 4216 consuevimus,
2010 4152 2178 4198 nunc
2211 4133 2467 4198 demum
2495 4131 2563 4197 in
2590 4130 2969 4196 necessitate
2997 4147 3094 4214 po-

765 4258 917 4325 sitos
977 4258 1016 4323 a
1058 4259 1309 4323 vestrae
1363 4253 1766 4339 paternitatis
1819 4250 2144 4317 dulcedine
2189 4269 2305 4336 pro
2353 4247 2571 4334 quavis
2617 4266 2811 4313 causa
2855 4240 3095 4313 destitui

909 4430 951 4464 a.
991 4417 1202 4476 prestant
1230 4431 1271 4462 c.

911 4504 963 4557 1.
1009 4502 1101 4558 Ps.
1141 4502 1226 4572 77,
1263 4501 1349 4557 5⁷.
1546 4501 1599 4554 2.
1634 4498 1729 4555 Ps.
1767 4498 1853 4568 38,
1893 4498 1979 4552 12.
2176 4497 2227 4552 3.
2264 4495 2337 4552 V.
2371 4509 2460 4564 ep.
2490 4492 2561 4548 46
2597 4507 2768 4562 supra
2800 4506 2857 4561 p.
2887 4489 2984 4545 123
3014 4502 3087 4555 sq.

764 4592 820 4648 4.
855 4592 948 4646 Ps.
972 4592 1059 4661 26,
1087 4590 1174 4646 14.
1316 4589 1366 4645 5.
1404 4588 1606 4646 Thren.
1645 4589 1699 4658 3,
1733 4588 1823 4644 44.
