3319 5242
689 459 819 527 236
1444 476 1743 523 wmALm
1787 473 2115 523 uersu-ona
2162 474 2265 521 iso.

506 640 644 697 1146
691 619 1054 689 aecclesiam
1083 617 1429 685 Romanam
1458 618 1527 685 in
1554 616 1744 701 Urbe,
1791 617 1967 683 cuius
1999 615 2330 682 clementia
2373 620 2436 682 et
2480 615 2842 683 defensione
2885 614 3026 704 plu-

485 716 587 763 Nov

628 717 651 761 1

589 750 600 762 ·
690 736 921 803 rimum
980 736 1319 823 premuniti
1376 734 1638 817 fuimus,
1710 739 1846 799 tum
1903 733 1971 799 in
2028 733 2204 799 curia
2257 732 2642 799 serenissimi
2700 737 2767 800 et
2823 733 3027 800 incliti

689 853 1166 939 triumphatoris
1210 851 1447 919 domini
1490 851 1694 918 nostri
1746 850 1914 934 regis
1956 848 2379 916 Romanorum
2425 848 2698 916 Conradi
2744 850 3027 933 secundi,

690 970 865 1036 cuius
909 969 1305 1056 potissimum
1349 968 1563 1035 favore
1609 972 1672 1034 et
1715 964 2144 1032 munificentia
2184 965 2327 1032 illas
2368 965 2689 1033 mirabiles
2722 965 3027 1033 elationes

688 1086 882 1152 maris
924 1106 1039 1173 per
1082 1084 1437 1151 mirabilem
1478 1084 1544 1150 in
1577 1083 1722 1150 altis
1751 1082 2095 1149 Dominum
2125 1081 2498 1149 mirabiliter
2530 1082 3029 1168 enavigavimus,

688 1204 851 1270 inter
894 1201 1417 1291 peregrinationis
1453 1205 1517 1267 et
1547 1200 1728 1285 quasi
1758 1198 2082 1266 cuiusdam
2115 1198 2289 1266 exilii
2317 1196 2660 1282 molestias,
2706 1200 2877 1267 inter
2924 1200 3031 1267 iti—

688 1319 950 1386 nerandi
995 1324 1058 1384 et
1101 1317 1327 1402 agendi
1368 1316 1790 1399 fatigationes,
1836 1316 2004 1382 inter
2047 1314 2469 1402 periculorum
2515 1314 2784 1400 aculeos,
2835 1336 3033 1402 quae—

687 1436 834 1503 dam
876 1434 1262 1502 infirmitatis
1306 1438 1561 1500 nostrae
1591 1432 2002 1516 cogitationes
2036 1432 2368 1499 adversum
2397 1451 2512 1498 nos
2541 1433 3036 1500 murmurabant

688 1558 752 1618 et
794 1551 1173 1620 vellicabant
1195 1550 1490 1639 amarius
1538 1568 1755 1615 aurem
1785 1549 1991 1615 cordis
2020 1548 2223 1615 nostri
2252 1548 2561 1615 dicentes:
2610 1550 2842 1615 Merito
2875 1552 3036 1616 haec

677 1673 954 1757 pateris,-
1011 1672 1309 1755 quoniam
1353 1668 1529 1733 Deus
1585 1678 1759 1745 tuus,
1818 1666 2133 1751 rqfuyium
2190 1678 2248 1732 et
2299 1669 2497 1731 virtus
2553 1678 2609 1731 et
2651 1668 2918 1732 adiutor
2966 1672 3037 1732 in

688 1786 1223 1864 tribulationibus,
1273 1806 1434 1870 quae
1476 1786 1844 1847 invenerunt
1885 1794 1942 1847 te
1985 1785 2174 1846 nimis
2193 1777 2228 1862 ¹,
2277 1786 2347 1846 in
2392 1796 2577 1848 semet
2618 1785 2760 1869 ipso
2807 1797 2866 1849 et
2906 1808 3040 1871 per

688 1915 872 1968 emet
898 1906 1108 1988 ipstnn
1134 1904 1266 1966 iam
1294 1900 1669 1986 aliquotiens
1699 1900 1816 1964 tibi
1841 1899 2156 1985 reficqium
2187 1899 2423 1978 obtulit,
2452 1903 2568 1984 qui
2592 1900 2704 1964 has
2732 1903 3041 1967 miserias

689 2020 786 2086 vel
831 2040 1101 2105 prorsus
1157 2019 1386 2082 evitare
1437 2017 1536 2080 vel
1588 2018 1865 2080 securius
1911 2015 2176 2080 tolerare
2210 2018 2540 2101 potuisses.
2720 2013 2808 2081 Et
2852 2014 3042 2102 licet,

689 2134 1041 2202 venerande
1068 2136 1271 2219 pater,
1317 2132 1446 2200 iam
1474 2131 1553 2198 de
1580 2131 1844 2218 prefatis
1882 2130 2360 2216 tempestatibus
2388 2130 2458 2199 in
2489 2130 2760 2215 aliquem
2790 2132 3043 2217 quietis

689 2256 938 2339 portum
968 2250 1422 2331 introissemus,
1464 2252 1678 2314 tamen
1709 2247 1786 2312 de
1814 2247 2043 2312 futuris
2072 2246 2297 2312 incerti
2341 2252 2406 2312 et
2445 2246 2677 2313 similia
2703 2247 2802 2314 vel
2850 2269 3046 2317 acer-

690 2368 867 2436 biora
893 2370 1263 2450 metuentes,
1309 2365 1376 2430 in
1422 2363 1736 2448 ambigue,
1783 2369 1855 2429 ut
1883 2362 2119 2429 dictum
2149 2368 2265 2447 est,
2309 2363 2563 2446 fuimus,
2602 2368 2818 2429 utrum
2850 2365 3046 2434 obla-

689 2490 821 2552 tam
863 2484 1133 2568 gratim
1177 2482 1456 2568 recipere
1484 2480 1586 2547 vel
1629 2499 1920 2546 recusare
1965 2478 2352 2565 deberemuS,
2399 2499 2541 2546 cum
2572 2485 2757 2546 antea
2783 2480 2857 2546 in
2889 2486 3047 2550 ani-

691 2620 863 2670 mum
906 2599 1399 2683 induxissemus,
1453 2616 1572 2668 nec
1603 2595 1866 2666 duabus
1922 2595 2192 2663 abbatiis
2247 2595 2435 2664 simul
2484 2616 2736 2684 preesse
2778 2616 2903 2666 nec
2956 2600 3047 2668 ad

691 2717 881 2786 aliam
924 2718 1056 2783 sive
1100 2716 1402 2782 maiorem
1449 2714 1584 2782 sive
1598 2705 1925 2786 „diciorem
1956 2712 2084 2779 ullo
2114 2713 2299 2780 modo
2330 2715 2658 2781 transferri
2687 2715 3043 2786 sustinere.

827 2883 830 2892 .
866 2833 939 2900 In
982 2833 1102 2899 hac
1143 2833 1355 2919 itaque
1401 2830 1662 2919 ancipiti
1705 2830 2121 2897 meditacione
2150 2866 2233 2876 -—
2266 2829 2334 2895 in
2365 2850 2490 2915 qua
2525 2832 2654 2898 iam
2698 2840 3050 2901 exarserat

690 2951 853 3035 ignis
894 2949 1209 3033 desiderii,
1251 2947 1519 3016 volentis
1565 2967 1725 3033 quae
1753 2947 2000 3034 potiora
2029 2951 2178 3012 sunt
2222 2946 2451 3030 eligere
2482 2983 2565 2993 -—
2596 2949 3046 3034 processimus

689 3065 769 3134 ad
814 3065 1198 3150 aecclesiam,
1247 3065 1485 3152 aliquid
1517 3063 1903 3152 psalmorum
1932 3062 2151 3147 lingua
2176 3063 2587 3149 proferentes,
2633 3082 2775 3130 cum
2805 3068 3045 3135 tamen

689 3183 933 3250 animus
999 3182 1080 3251 ab
1136 3202 1353 3248 eorum
1417 3179 1741 3247 intellectu
1807 3179 2068 3246 salutari
2125 3179 2372 3262 longius
2441 3184 2607 3246 esset
2664 3186 2981 3266 evagatus
2993 3194 3041 3251 ⁸.

687 3298 1024 3367 Venientes
1081 3303 1226 3365 ante
1282 3298 1479 3365 altare
1533 3296 1723 3381 illud,
1779 3295 1887 3362 ubi
1941 3294 2436 3361 benedictionem
2489 3295 2916 3383 episcopalem
2966 3300 3043 3367 in

688 3435 915 3483 nomen
962 3419 1027 3482 et
1070 3413 1344 3481 officium
1401 3413 1646 3480 abbatis
1702 3412 2091 3499 suscepimus
2101 3407 2145 3495 ²,
2203 3413 2539 3479 commovit
2592 3432 2707 3478 nos
2760 3422 3045 3500 repente

690 3532 943 3618 quidam
988 3530 1317 3597 familiaris
1365 3535 1428 3598 et
1471 3531 1731 3597 intimus
1778 3549 1971 3613 amor,
2020 3547 2205 3614 quem
2251 3527 2331 3594 ad
2359 3533 2693 3615 patronum
2739 3530 3041 3599 eiusdem

687 3648 829 3732 loci,
876 3647 1340 3714 sanctissimum
1384 3646 1679 3713 videlicet
1718 3645 2133 3712 confessorem
2179 3649 2365 3730 atque
2393 3644 2751 3731 pontificem
2782 3644 3041 3716 Christi

688 3763 1080 3847 Remaclum,
1129 3762 1407 3830 eiusdem
1454 3763 1699 3830 cenobii
1741 3761 2169 3845 fundatorem,
2216 3759 2517 3828 habemus
2531 3811 2549 3845 ,
2596 3767 2661 3829 et
2705 3766 3045 3832 concussit

690 3880 935 3947 animae
978 3884 1231 3946 nostrae
1274 3879 1576 3946 interiora
1620 3878 1890 3964 quodam
1937 3875 2270 3945 affectuoso
2312 3878 2559 3962 timore,
2604 3898 2684 3945 ex
2727 3898 2801 3945 eo
2848 3879 3041 3949 vide-

687 3997 855 4081 licet,
900 3996 1065 4081 quod
1112 3996 1180 4061 in
1224 4000 1433 4062 mente
1477 4001 1694 4062 nostra
1735 3994 2158 4077 volvebamus,
2205 3998 2416 4060 utrum
2460 3995 2660 4082 ipsius
2704 4003 3038 4066 monaste-

687 4113 854 4180 rium
900 4112 990 4179 sic
1034 4111 1385 4198 relinquere
1438 4131 1861 4201 pergeremus.
1932 4109 2245 4177 Clamavit
2287 4110 2500 4196 itaque
2547 4111 2759 4177 anima
2801 4119 3039 4181 nostra

690 4228 771 4295 ad
810 4228 1014 4296 Deum
1060 4233 1123 4296 et
1168 4228 1248 4296 ad
1293 4229 1502 4317 ipsum
1547 4227 1818 4295 clamore
1857 4227 2211 4295 vehementi
2254 4227 2321 4293 in
2364 4225 2555 4293 verbo
2598 4227 2908 4312 interiori,
2960 4230 3032 4297 in

689 4345 878 4412 verbo
921 4366 1047 4412 non
1093 4344 1432 4413 diffidentis
1478 4345 1635 4432 spei,
1684 4343 1917 4429 absque
1949 4365 2100 4411 sono
2137 4345 2264 4411 oris
2295 4343 2608 4430 corporei:
2654 4344 2826 4426 Fm,
2877 4347 3026 4414 Do-

687 4467 871 4544 mine,
912 4463 1199 4529 voluntas
1230 4476 1356 4529 tua.
1427 4463 1571 4528 Iam
1606 4464 1684 4527 de
1713 4474 1947 4528 caetero
1986 4484 2182 4548 neque
2211 4461 2714 4527 deliberationem
2740 4475 3032 4529 nomam

830 4591 870 4624 ι.
912 4579 1181 4635 evagagatus
1213 4595 1252 4624 c.

829 4656 880 4710 1.
916 4655 1007 4710 Ps.
1031 4655 1119 4723 45,
1143 4655 1195 4708 2.
1303 4655 1355 4709 2.
1396 4654 1531 4709 1131
1572 4652 1707 4723 Apr.
1733 4653 1821 4709 20.
1867 4652 1937 4709 V.
1961 4652 2086 4711 Not.
2114 4651 2267 4711 Stab.
2293 4667 2459 4723 supra
2491 4668 2545 4723 p.
2573 4653 2661 4709 75.
