3319 5242
753 460 889 528 404
1420 475 1720 524 wmanm
1761 473 2135 524 :maronam
2175 473 2284 521 277.
2314 472 2421 520 313.

541 627 680 683 1150
751 621 992 707 gratiae
1048 622 1111 686 et
1165 617 1608 686 dominationis
1663 623 1911 687 vestrae
1966 616 2347 685 transmitto.
2535 612 2950 683 Tbeodericus
2998 610 3066 679 (13

503 701 615 749 Iulio
649 716 716 749 cx.

515 1695 656 1752 1150

463 1770 547 1818 lul.
565 1786 633 1817 ex.
656 1793 705 1802 —

496 1835 610 1893 Aug.
624 1834 688 1881 in.

748 737 1063 821 Riclinge·
1122 736 1190 803 in
1243 737 1565 824 presentia
1619 736 1836 803 domni
1879 735 2045 820 regis
2091 734 2169 802 de
2210 733 2475 818 iniuria,
2534 753 2725 819 quam
2769 730 2943 800 vobis
2983 729 3067 795 in·

748 855 923 939 tulit,
982 855 1256 939 graviter
1298 853 1585 942 pulsatus
1632 859 1697 920 et
1741 872 1781 919 a
1823 873 1972 938 rege
2015 851 2285 918 multum
2327 851 2721 938 increpatae,
2772 847 3069 936 promisit,

747 976 820 1038 ut
874 991 989 1060 pro
1045 976 1334 1058 respectu
1387 970 1630 1055 gratiae
1675 973 1922 1037 vestrae
1975 968 2442 1057 recuperandae
2493 967 2573 1035 de
2616 970 2865 1035 caetero
2908 963 3070 1033 vobis

748 1088 983 1156 servire
1026 1088 1196 1156 velit.

749 1319 791 1390 2
804 1319 926 1391 78.
962 1318 1280 1388 Wbaldus
1322 1319 1686 1386 Heinricum
1741 1323 2095 1408 episcopum
2140 1319 2524 1386 Mundensem
2573 1339 2781 1383 seeum
2818 1318 3076 1404 qratiam

965 1438 1450 1503 reconciliavi-ese
1488 1437 1738 1523 qaudet.
1826 1437 2189 1519 Punicam,
2247 1458 2313 1500 se
2357 1435 2416 1500 ei
2459 1445 2518 1500 et
2557 1457 2766 1521 reyem
2798 1434 3077 1521 placa&-

966 1578 1107 1619 rwm
1152 1564 1210 1620 et
1254 1554 1431 1640 apud
1459 1575 1706 1639 papam
1739 1552 2150 1641 profatur-mn
2196 1575 2339 1617 esse.
2765 1546 2877 1630 (M.
2912 1547 3077 1627 266.)

920 1684 1284 1753 Reverendo
1339 1685 1408 1750 in
1462 1684 1713 1752 Christo
1770 1686 1941 1773 patri
2002 1690 2066 1753 et
2123 1685 2374 1751 domino
2431 1682 2780 1766 H(einrico)
2837 1688 3080 1750 sanctae

743 1802 1089 1871 Mindensis
1148 1801 1484 1869 aecclesiae
1539 1801 1885 1870 venerabili
1941 1803 2234 1889 episcopo
2290 1801 2487 1868 frater
2531 1798 2915 1882 W(ibaldus)
2971 1797 3080 1865 Dei

746 1924 951 2005 gratia
980 1918 1373 1986 Corbeiensis
1421 1916 1613 1986 abbas
1663 1906 1921 2003 exiguas
1965 1919 2276 1985 orationes
2321 1921 2385 1985 et
2415 1917 2711 1985 devotum
2741 1915 3079 1984 servitium.

921 2036 1257 2104 Venientes
1303 2035 1384 2101 ad
1427 2055 1542 2101 nos
1591 2035 1804 2103 dilecti
1846 2034 1963 2101 filii
2007 2035 2224 2120 vestri,
2270 2033 2659 2102 venerabiles
2705 2034 2936 2100 fratres
2980 2052 3081 2099 no—

746 2154 883 2239 stri,
929 2153 1194 2220 domnus
1225 2151 1609 2221 Warnherus
1655 2152 1914 2219 maioris
1962 2152 2299 2220 aecclesiae
2333 2156 2577 2220 vestrae
2622 2150 2986 2239 prepositus
3028 2153 3085 2215 et

717 2271 1045 2356 ‚magister
1077 2270 1465 2355 CounraduS,
1512 2261 1984 2338 nunciaverunt⁴
2014 2269 2196 2336 nobis
2232 2289 2271 2335 a
2297 2268 2679 2356 paternitate
2710 2273 2927 2335 vestra
2953 2286 3083 2333 ver·

742 2387 895 2456 bum
939 2388 1193 2474 bonum,
1241 2388 1503 2454 verbum
1535 2386 2009 2454 consolationis:
2059 2386 2227 2471 quod
2257 2385 2550 2452 videlicet
2591 2385 2691 2451 ira
2724 2389 2942 2452 vestra
2984 2382 3084 2450 ad-

744 2525 997 2571 versum
1040 2525 1156 2570 nos
1186 2524 1369 2570 versa
1415 2508 1581 2571 esset
1624 2503 1694 2570 in
1738 2502 2257 2586 misericordiam,
2304 2507 2368 2570 et
2404 2500 2745 2589 procellam
2775 2501 3085 2568 maximae

745 2619 1181 2688 commotionis
1227 2620 1569 2706 Dominus,
1632 2621 1740 2707 qui
1792 2620 1956 2688 mari
2010 2619 2284 2707 imperat
2341 2625 2406 2687 et
2448 2619 2653 2687 ventis
2668 2613 2708 2704 ¹,
2767 2618 3084 2686 statuisset

742 2738 812 2804 in
857 2759 1076 2804 auram
1088 2734 1131 2804 ².
1199 2736 1451 2805 Laetati
1480 2736 1696 2823 itaque
1733 2758 1950 2804 sumus
1994 2737 2064 2804 in
2107 2736 2228 2822 his,
2278 2756 2398 2823 que
2442 2736 2611 2803 dicta
2655 2741 2808 2803 sunt
2852 2736 3031 2803 nobis
3044 2729 3083 2818 ⁸,

745 2855 978 2940 quippe
1034 2855 1141 2940 qui
1200 2875 1238 2921 a
1287 2855 1494 2939 longis
1548 2859 1720 2921 retro
1777 2854 2164 2941 temporibus
2218 2852 2526 2921 desiderio
2573 2852 3082 2935 desideravimus,

743 2971 1000 3058 probari
1046 2992 1231 3057 posse
1268 2977 1515 3039 vestrae
1561 2971 1935 3040 sublimitati
1978 2976 2263 3036 nostram
2308 2970 2732 3038 innocentiam
2776 2975 3083 3037 nostram-

745 3108 865 3172 que
923 3088 1091 3154 circa
1134 3108 1246 3155 vos
1303 3093 1367 3156 et
1420 3089 1588 3156 circa
1632 3092 1917 3154 sanctam
1959 3085 2351 3154 Mindensem
2398 3086 2767 3154 aecclesiam
2815 3086 3085 3154 devotio-

741 3224 889 3270 nem
946 3209 1008 3270 et
1059 3206 1495 3271 reverentiam.
1591 3203 1916 3290 Siquidem
1958 3204 2433 3291 prenominatus
2480 3203 2845 3291 prepositus
2891 3208 3085 3271 vester

741 3317 1125 3386 Warnherus
1182 3319 1457 3388 firmavit
1511 3320 1694 3387 nobis
1752 3340 1963 3387 coram
2018 3320 2322 3387 fratribus
2376 3321 2611 3387 nostris
2657 3326 2723 3388 et
2766 3340 3085 3389 consacer-

743 3435 994 3503 dotibus
1053 3458 1091 3502 a
1133 3442 1347 3503 vestra
1402 3457 1675 3524 persona
1730 3442 1795 3504 et
1851 3436 2188 3504 aecclesiae
2229 3442 2506 3522 vestrae,
2564 3444 2861 3505 conserta
2904 3455 3085 3504 manu

745 3572 860 3618 sua
888 3552 956 3618 in
985 3573 1244 3620 manum
1272 3559 1576 3638 nostram,
1623 3553 2066 3621 certitudinem
2097 3559 2160 3621 et
2188 3552 2377 3621 fidem
2405 3553 2475 3620 in
2505 3553 2785 3620 animam
2815 3560 3083 3623 vestram

745 3672 810 3734 et
867 3688 1076 3735 suam:
1141 3670 1309 3756 quod
1363 3670 1592 3737 fratres
1651 3675 1936 3756 nostros,
1996 3671 2104 3758 qui
2148 3670 2523 3738 Kaminatae
2565 3669 2668 3738 vel
2713 3671 2905 3738 modo
2946 3674 3086 3737 sunt

741 3783 844 3850 vel
888 3786 1291 3871 postmodum
1335 3787 1532 3853 futuri
1579 3791 1747 3871 sunt,
1796 3788 1960 3854 sicut
2004 3788 2286 3855 subditos
2318 3793 2560 3855 vestros
2606 3792 2672 3855 et
2708 3785 2875 3856 filios
2905 3786 3084 3876 spiri·

741 3900 944 3968 tuales
992 3902 1367 3988 diligeretis,
1422 3923 1541 3971 nec
1582 3902 1765 3972 nobis
1812 3908 1921 3970 aut
1964 3905 2153 3990 ipsis,
2202 3904 2366 3990 quod
2412 3904 2647 3990 absque
2691 3910 2906 3972 vestra
2947 3923 3082 3991 per-

741 4019 1041 4085 missione
1085 4020 1485 4106 introierunt,
1532 4021 1613 4089 de
1657 4026 1865 4088 cetero
1912 4020 2343 4109 imputaretis3
2392 4026 2491 4088 set
2534 4041 2641 4088 eos
2678 4026 2745 4088 et
2774 4022 2939 4089 bona
2966 4019 3082 4087 Ka·

741 4137 1112 4205 minatensis
1160 4137 1519 4221 aecclesiae,
1568 4158 1689 4224 que
1734 4139 1802 4203 in
1848 4143 2057 4205 vestro
2103 4136 2471 4224 episcopatu
2515 4138 2727 4225 posita
2770 4143 2936 4222 sunt,
2981 4136 3081 4203 de-

739 4252 875 4321 bita
904 4259 968 4321 et
997 4255 1299 4322 canonica
1325 4253 1579 4321 iusticia
1604 4254 1820 4322 fovere
1851 4258 1915 4320 et
1933 4259 2263 4341 protegere
2287 4274 2361 4322 ac
2381 4259 2792 4322 manutenere
2813 4253 3076 4334 velletis3

741 4369 822 4439 de
863 4372 1098 4438 iniuria
1140 4393 1288 4439 vero
1336 4377 1402 4439 et
1443 4369 1806 4455 offensione,
1853 4391 1978 4458 qua
2020 4392 2132 4440 vos
2177 4375 2240 4440 et
2284 4370 2653 4440 aecclesiam
2697 4370 3078 4439 Mindensem

888 4529 928 4562 a.
972 4514 1178 4572 Biclinge
1211 4533 1251 4562 c.

883 4602 933 4655 1.
974 4600 1167 4656 Matth.
1193 4601 1243 4669 8,
1268 4601 1355 4656 26.
1499 4602 1553 4656 2.
1589 4600 1683 4656 Pa.
1711 4600 1830 4669 106,
1862 4599 1951 4655 29.
2093 4601 2148 4658 3.
2183 4602 2273 4658 Pu.
2302 4602 2423 4671 121,
2449 4603 2500 4657 1.
