3319 5242
726 433 859 500 566
1394 451 1695 499 wmanm
1738 450 2115 500 arrei-onan
2154 452 2263 499 m.
2293 451 2402 499 4³0.

727 591 907 663 429.
950 596 1027 660 A.
1065 594 1417 660 Wibaldum
1459 606 1658 682 royac,
1708 607 1878 683 ayne,
1922 608 1995 662 ut
2031 618 2275 672 mnus,
2319 619 2362 661 a
2399 618 2547 683 φερε
2576 619 2945 677 conce-eamn,
2987 598 3057 662 ab

948 710 1254 777 Emicone
1297 713 1516 777 comite
1559 712 1637 776 de
1681 710 1998 796 Lininqen
2041 712 2161 776 sibi
2205 710 2579 778 exhibemr.
2746 710 2858 793 (M.
2893 712 3058 792 397.)

552 865 691 921 1153
904 843 1253 910 Rarissimo
1313 863 1428 910 suo
1485 842 1738 910 domino
1795 842 1918 909 Dei
1975 842 2184 926 gratia
2237 842 2451 910 abbati
2505 842 2869 911 Stabulensi
2915 843 3062 925 W(i-

726 960 936 1042 baldo)
981 960 1064 1026 A.
1111 979 1281 1043 suus,
1330 959 1496 1044 quod
1541 979 1713 1043 suus,
1760 958 2028 1024 salutem
2074 977 2218 1024 cum
2260 956 2435 1025 fideli
2479 961 2756 1027 servitio.

903 1076 1183 1155 Quantas
1239 1094 1499 1161 possum
1553 1073 1975 1159 magnitudini
2032 1079 2282 1141 vestrae
2326 1075 2564 1159 gratias
2607 1076 2848 1161 refero,
2910 1077 3069 1163 quod

726 1213 863 1259 eam
876 1242 896 1277 ,
955 1211 1145 1278 quam
1189 1210 1229 1256 a
1271 1194 1455 1277 patre
1509 1190 1820 1257 luminum
1878 1190 2210 1277 accepistis
2225 1240 2245 1275 ,
2303 1190 2758 1276 benignitatem
2804 1212 2949 1259 cum
2994 1192 3072 1258 ad

724 1328 941 1375 omnes
986 1326 1164 1374 more
1191 1310 1401 1373 vestro
1431 1307 1798 1393 porrigatis,
1845 1305 2104 1393 speciali
2139 1311 2355 1373 tamen
2385 1312 2451 1374 et
2478 1309 2845 1374 continuata
2873 1309 3076 1391 gratia

721 1423 965 1490 utiliter
1020 1428 1086 1489 et
1140 1420 1417 1489 officiose
1473 1422 1553 1488 ad
1596 1442 1806 1490 meam
1851 1442 2051 1508 usque
2093 1423 2475 1510 parvitatem
2521 1423 2882 1490 extenditis.
2949 1424 3074 1490 Ea·

721 1545 987 1628 propter
1028 1536 1348 1606 beneficiis
1389 1538 1622 1605 vestris
1668 1539 2026 1605 admonitus
2073 1544 2138 1605 et
2179 1557 2290 1605 cor
2317 1558 2435 1626 pro
2465 1540 2672 1624 corde,
2718 1558 2866 1606 cum
2897 1540 3074 1607 vobis

722 1655 1051 1744 placuerit,
1096 1652 1369 1720 fideliter
1398 1654 1816 1737 exhibiturae,
1862 1674 2036 1739 roge,
2082 1659 2157 1721 ut
2189 1654 2349 1721 illud
2378 1655 2593 1721 domni
2621 1657 2792 1740 regis
2820 1677 3074 1740 munus,

725 1771 890 1858 quod
949 1790 1144 1857 opera
1196 1773 1410 1836 vestra
1462 1769 1621 1836 mihi
1679 1769 1976 1837 collatum
2037 1776 2162 1855 est,
2219 1775 2317 1838 set
2369 1771 2638 1838 necdum
2691 1783 3078 1858 appensum·

722 1887 825 1954 vel
852 1890 1273 1969 numeratum,
1320 1885 1399 1953 ab
1429 1884 1844 1953 Emischone⁵
1876 1887 2105 1955 comite
2146 1887 2228 1955 de
2256 1887 2514 1973 Liniges
2544 1887 2834 1955 districto
2868 1889 3080 1972 etiam,

724 2005 780 2071 si
825 2024 983 2090 opus
1027 2003 1250 2085 fuerit,
1306 2001 1464 2067 mihi
1524 2001 1892 2086 adquiratis,
1963 2003 2334 2070 Indecorum
2393 2005 2627 2070 etenim
2670 2003 2832 2071 mihi
2877 2010 2976 2070 est
3025 2010 3083 2070 et

725 2118 1251 2186 obtrectatoribus
1295 2118 1455 2183 meis
1500 2119 1703 2184 risum
1749 2124 2028 2203 generat,
2076 2120 2152 2203 si,
2201 2120 2370 2206 quod
2401 2126 2620 2187 exacto
2649 2125 2942 2208 tempore
2969 2121 3082 2187 ha·

721 2237 871 2303 bere
925 2234 1144 2319 debui,
1202 2234 1415 2320 sepius
1459 2233 1700 2300 frustra
1746 2239 2050 2321 repetam.
2121 2236 2227 2302 Ad
2283 2236 2470 2321 haec,
2526 2237 2581 2302 si
2639 2237 2856 2303 omnia
2913 2243 3081 2305 recte

724 2352 896 2439 apud
937 2371 1050 2418 vos
1095 2356 1159 2418 et
1202 2369 1505 2437 prospere
1551 2354 1844 2434 aguntur,
1890 2351 1983 2417 sic
2029 2356 2145 2435 est,
2192 2356 2266 2418 ut
2308 2351 2469 2418 volo.
2536 2351 2892 2420 Rescribite
2925 2354 3080 2420 mihi

725 2469 802 2535 de
849 2472 1021 2535 statu
1064 2471 1311 2551 vestro,
1358 2466 1414 2532 si
1458 2465 1703 2557 placet3
1753 2467 1935 2552 quia,
1998 2467 2161 2534 sicut
2206 2468 2384 2534 vobis
2428 2468 2585 2534 mihi
2632 2469 2911 2537 scribere
2954 2491 3082 2537 non

727 2589 824 2653 est
871 2603 1226 2669 onerosum,
1274 2584 1365 2652 sic
1410 2584 1649 2670 scripta
1694 2587 1907 2651 vestra
1948 2583 2219 2652 iocunda
2259 2583 2415 2651 mihi
2457 2586 2739 2672 recipere
2779 2606 2902 2655 nec
2943 2587 3081 2654 inu-

725 2701 838 2768 tile
885 2706 983 2767 est
1025 2721 1142 2767 nec
1186 2698 1624 2767 inofficiosum.
1809 2698 2058 2767 Salutat
2103 2721 2214 2767 vos
2268 2702 2570 2786 magister
2613 2702 2827 2787 Achf,
2873 2723 3081 2770 comcs

728 2837 1051 2885 sacrarum
1097 2816 1505 2900 largitionum
1551 2821 1617 2883 et
1658 2815 2141 2884 sodaliciorum‘¹
2169 2817 2602 2885 iucundorum.
2676 2816 2934 2887 Salutat
2976 2840 3083 2886 vos

728 2933 911 3019 Hugo
959 2932 1220 3001 clericus
1268 2937 1332 3000 et
1377 2932 1583 2999 socius
1627 2938 1862 2999 noster.

730 3145 909 3218 430.
952 3151 1318 3214 Anastasius
1349 3147 1453 3212 IV
1460 3171 1647 3236 papa
1684 3147 1967 3215 Wibaldo
1996 3172 2174 3214 usum
2208 3147 2384 3214 anuli
2413 3150 2703 3214 concedit.
2777 3147 3083 3230 (M.404.)

537 3308 678 3364 1154
906 3281 1286 3349 Anastasius
1357 3280 1721 3367 episcopus·
1779 3279 2029 3347 servus‘
2085 3301 2410 3347 servorum
2466 3279 2589 3347 Dei
2656 3281 2888 3349 dilecto
2961 3282 3082 3350 filio

516 3383 646 3430 mr·
669 3384 697 3429 ⁷
731 3398 1097 3467 Corbeiensi
1144 3397 1356 3463 abbati
1403 3396 1673 3463 salutem
1718 3400 1782 3463 et
1827 3396 2238 3484 apostolicam
2281 3395 2801 3464 benedictionem.

911 3513 1175 3602 Semper
1231 3513 1578 3600 apostolica
1631 3511 1813 3579 sedes
1870 3512 2314 3580 aecclesiarum
2381 3511 2674 3599 prelatis,
2735 3535 2898 3600 quos
2958 3536 3083 3582 am-

730 3629 921 3719 pliori
978 3630 1098 3697 sibi
1156 3630 1421 3697 caritate
1478 3629 1800 3696 devinctos
1860 3629 2144 3713 agnovit,
2205 3628 2722 3696 abundantiorem
2778 3630 3082 3698 honorem

732 3746 1024 3833 inpendit
1055 3750 1118 3813 et
1148 3766 1364 3812 eorum
1394 3745 1675 3812 honestis
1705 3744 2124 3832 peticionibus
2154 3744 2422 3811 faciliori
2453 3746 2768 3812 concurrit
2801 3767 3079 3815 assensu.

731 3863 885 3930 Inde
932 3867 1048 3946 est,
1097 3861 1264 3948 quod
1310 3862 1570 3947 antiqua
1613 3862 1964 3945 devotione,
2012 3881 2200 3946 quam
2247 3881 2398 3946 erga
2428 3861 2639 3928 sedem
2672 3863 3080 3948 apostolicam

733 3979 1077 4046 dinosceris
1106 3977 1421 4062 habuisse,
1466 3977 1712 4044 inducti
1741 3982 1804 4044 et
1833 3977 2223 4062 quorundam
2252 3977 2520 4044 fratrum
2549 3983 2914 4045 nostrorum
2945 4001 3082 4067 pre·

733 4095 909 4162 cibus
967 4094 1287 4178 inclinati,
1344 4114 1530 4160 usum
1590 4093 1763 4159 anuli
1821 4113 1899 4161 ex
1959 4098 2212 4159 assueta
2269 4092 2654 4176 benignitate
2701 4096 3081 4181 apostolicae

736 4212 902 4279 sedis
949 4212 1017 4277 in
1062 4212 1198 4277 vita
1240 4216 1353 4276 tua
1396 4209 1514 4277 tibi
1558 4214 1809 4275 tantum
1854 4209 2151 4275 duximus
2195 4208 2666 4292 indulgendum.
2737 4208 2828 4277 Et
2869 4212 2940 4277 in
2987 4232 3078 4277 ar·

735 4333 1105 4414 gumentum
1159 4332 1412 4394 nostrae
1456 4323 1811 4393 dilectionis
1857 4324 2116 4392 anulum
2171 4346 2418 4411 quoque
2460 4324 2577 4392 tibi
2622 4345 2739 4413 per
2784 4327 3078 4395 dilectum

880 4502 921 4535 ι.
952 4488 1286 4548 apprehensum
1318 4505 1357 4533 c.
1459 4487 1504 4533 b.
1538 4484 1711 4532 emisch
1743 4502 1782 4531 c.
1881 4499 1920 4531 c.
1952 4484 2039 4532 acii
2070 4503 2109 4531 c.
2202 4483 2250 4532 d.
2282 4484 2584 4532 sodalicorum
2617 4503 2655 4532 e.
2765 4500 2809 4533 e.
2840 4488 3076 4548 episcopas

737 4586 823 4616 οιι.
849 4569 954 4616 cod.
1076 4567 1110 4614 f.
1142 4580 1301 4614 servus
1333 4579 1492 4614 servus
1523 4579 1758 4613 servorum
1788 4565 1893 4613 cod.
