3319 5242
716 412 846 479 448
1472 428 1771 475 wmanm
1813 426 2141 475 amsa-ona
2186 426 2294 473 ars.

385 578 523 632 1150
544 594 613 626 0¹·
635 603 683 611 -
717 591 988 655 assumo,
1034 576 1292 655 cogente
1335 571 1571 657 pietate
1610 570 1805 636 immo
1836 568 2037 636 multa
2065 568 2430 656 impellente
2458 567 2856 649 necessitate,
2898 562 3047 630 fidu-

384 650 517 704 1151
541 653 602 698 in.

717 690 899 774 ciam,
944 708 1072 754 non
1116 688 1412 754 erubesco
1459 688 1586 753 iam
1622 686 1878 753 humilis
1910 692 1975 753 et
2001 687 2311 771 indoctuS,
2357 683 2674 751 excelsum
2705 682 3052 770 principem

718 811 782 871 et
825 804 1309 872 disertissimum
1354 804 1686 870 convenire
1731 809 2063 871 oratorem.
2142 802 2348 881 Quare
2389 822 2528 885 nos,
2574 798 3057 868 clementissime

715 927 927 1008 pater,
982 926 1193 988 vestra
1247 920 1479 988 deserit
1535 921 1990 988 mansuetudo?
2047 940 2241 1005 quare
2297 938 2581 1004 gregem,
2640 916 2863 983 multis
2922 935 3061 981 ecce

715 1036 882 1124 lupis
936 1039 1324 1124 expositum,
1381 1043 1593 1103 vestra
1649 1037 1870 1104 sollers
1929 1035 2306 1121 derelinquit
2358 1033 2810 1121 pastoralitas?
2900 1032 3061 1111 Quid

715 1154 784 1220 in
840 1154 1021 1221 nobis
1075 1154 1446 1241 paternitati
1490 1158 1738 1221 vestrae
1795 1152 2147 1239 displicuit,
2205 1152 2354 1238 quia
2396 1152 2601 1238 primo
2649 1149 2909 1235 quidem
2952 1169 3063 1235 per

715 1291 816 1336 me
860 1271 1046 1337 nudis
1083 1271 1312 1354 verbis,
1358 1270 1543 1336 modo
1591 1274 1803 1336 autem
1848 1268 2042 1335 semel
2088 1275 2151 1336 et
2191 1269 2425 1336 iterum
2466 1266 2698 1333 litteris
2744 1273 2812 1333 et
2858 1264 3063 1332 effica—

715 1388 889 1454 cibus
925 1388 1168 1454 nunciis
1199 1386 1526 1453 ecclesiam
1556 1392 1833 1453 vestram
1864 1386 2270 1469 sollicitastis,
2314 1386 2510 1450 immo
2540 1383 2872 1467 turbastis,
2921 1402 3063 1449 con-

715 1503 926 1569 silium
972 1504 1049 1571 de
1095 1503 1458 1569 dimissione
1498 1501 1756 1569 alterius
1788 1502 2077 1569 abbatiae
2107 1501 2516 1589 postulantes,
2565 1505 2629 1566 et
2658 1500 3063 1567 emissionem

718 1639 757 1685 a
796 1625 1032 1704 nostra,
1081 1621 1262 1705 quasi
1306 1619 1505 1686 altera
1539 1619 1684 1706 plus
1722 1619 2046 1703 religionis
2077 1625 2142 1686 et
2171 1619 2408 1685 ordinis
2438 1616 2686 1702 habeat,
2732 1615 3061 1698 violenter,

714 1740 789 1801 ut
838 1735 1278 1820 intelligimuS,
1338 1736 1700 1820 exigentes?
1789 1736 1894 1802 An
1937 1736 2189 1820 ignorat
2231 1740 2443 1802 vestra
2485 1733 2858 1820 prudentia,
2920 1732 3064 1818 quia

718 1852 796 1917 de
839 1852 1019 1918 nobis
1066 1874 1105 1918 a
1148 1853 1328 1919 nobis
1375 1852 1638 1937 electus,
1697 1851 1864 1939 apud
1908 1872 2022 1918 nos
2067 1852 2421 1933 investitus,
2467 1849 2637 1937 apud
2680 1869 2799 1916 nos
2847 1868 3062 1915 conse-

717 1972 948 2052 cratuS,
993 1968 1159 2035 inter
1202 1989 1317 2034 nos
1365 1975 1429 2036 et
1473 1990 1663 2057 super
1706 1989 1822 2034 nos
1865 1989 1992 2037 non
2022 1970 2158 2035 sine
2186 1972 2490 2055 perpetuo
2521 1967 2733 2032 fructu
2766 1968 2851 2032 16
2883 1965 3061 2032 annis

716 2088 1118 2150 conversatus
1138 2080 1172 2169 ¹,
1219 2086 1399 2170 quasi
1442 2106 1645 2172 nuper
1675 2085 1988 2152 vocationi
2019 2083 2509 2166 Gorbeiensium‚
2554 2082 2861 2170 peticioni
2898 2082 3062 2165 regis

719 2204 784 2266 et
823 2200 1183 2287 principum
1229 2202 1421 2268 abbas
1467 2207 1682 2269 noster
1727 2207 1791 2269 et
1834 2207 2050 2289 pastor
2093 2200 2397 2287 prestitus
2444 2200 2595 2266 estis
2629 2200 2842 2286 potius
2875 2218 3063 2284 quam

717 2315 940 2382 datus?
1029 2316 1233 2395 Quare
1290 2318 1368 2384 de
1423 2324 1556 2384 tam
1613 2319 1811 2384 atroci
1853 2318 2103 2403 negotio
2149 2323 2399 2400 nostro,
2458 2336 2585 2382 non
2632 2315 2928 2399 alteriuS,
2984 2314 3063 2379 ab

720 2432 940 2499 alienis
985 2438 1050 2500 et
1093 2435 1408 2500 extraneis
1455 2435 1787 2501 consilium
1829 2455 1945 2501 nos
1994 2455 2253 2521 querere
2287 2432 2646 2515 decernitis,
2692 2451 2840 2498 cum
2870 2451 3062 2517 penes

717 2569 832 2615 nos
874 2548 1129 2616 firmum
1172 2571 1299 2616 non
1345 2551 1705 2617 dimittendi
1750 2572 1861 2617 vos
1907 2549 2238 2617 consilium
2283 2548 2664 2615 habeamus?
2746 2547 2901 2627 Quis
2946 2546 3063 2611 hoc

716 2667 1221 2751 magnanimitati
1264 2672 1510 2734 vestrae
1556 2667 1879 2754 imposuit,
1927 2673 1999 2734 ut
2043 2666 2390 2750 ecclesiam,
2439 2685 2597 2750 quae
2627 2684 2738 2730 vos
2786 2664 2866 2731 ab
2914 2662 3062 2729 ado-

715 2781 1018 2849 lescentia
1060 2783 1347 2849 educavit
1391 2784 1736 2870 assumpsit
1780 2790 1844 2851 et
1886 2782 2205 2867 dilatavit,
2269 2781 2554 2848 deserere
2600 2782 2958 2868 cupientes,
3005 2779 3062 2845 ei

720 2898 1046 2983 ecclesiae,
1102 2900 1210 2966 cui
1262 2901 1563 2986 prestitus
1622 2900 1807 2984 estis,
1864 2898 2359 2966 benedictionem
2414 2903 2699 2964 nostram
2749 2916 2880 2963 non
2926 2896 3064 2961 sine

718 3015 1225 3102 supplantatione
1268 3016 1652 3082 infundatis?
1743 3015 1988 3100 Cesset,
2036 3036 2227 3100 queso
2242 3064 2262 3099 ,
2309 3013 2580 3098 domine,
2629 3018 2832 3080 cesset
2874 3013 3064 3078 huius

717 3137 965 3200 vestrae
1008 3132 1446 3199 sollicitudinis
1491 3133 1777 3216 intenti0,
1824 3136 2025 3199 cesset
2067 3132 2271 3218 pietas
2300 3136 2513 3197 vestra
2556 3150 2703 3197 suos
2733 3128 2897 3195 filios
2928 3135 3061 3195 tam

720 3248 1054 3315 crudeliter
1090 3249 1248 3316 velle
1294 3249 1558 3333 abicere,
1605 3249 1734 3334 qui,
1781 3253 1853 3313 ut
1896 3248 2172 3315 breviter
2218 3248 2454 3314 dictum
2498 3247 2604 3329 sit,
2650 3246 2798 3330 vagi
2843 3251 2908 3312 et
2954 3266 3065 3311 ex-

720 3364 854 3431 ules
901 3365 1309 3432 decreverunt
1351 3366 1513 3431 mori
1555 3366 1799 3452 potius,
1853 3385 2043 3450 quam
2086 3385 2219 3446 vos,
2266 3364 2416 3429 dum
2459 3363 2766 3445 vixeritis,
2812 3367 3065 3448 patrem

722 3486 786 3546 et
829 3480 1152 3547 dominum
1194 3502 1321 3547 non
1364 3481 1610 3548 habere.
1674 3480 1846 3547 Haec
1875 3502 1994 3562 me,
2041 3486 2243 3567 pater,
2289 3479 2618 3566 scripsisse
2646 3477 2804 3544 fides
2836 3478 3061 3562 coegit,

722 3596 951 3662 caritas
1005 3599 1336 3684 persuasit.
1431 3597 1570 3682 Set,
1628 3597 1830 3665 sicubi
1883 3597 2044 3662 forte
2100 3596 2355 3662 modum
2413 3594 2685 3677 excessi,
2741 3593 2938 3660 verba
2984 3593 3064 3659 ad

722 3715 970 3778 tantum
1014 3714 1361 3801 principem
1407 3713 1803 3800 impudenter
1848 3718 1914 3780 et
1954 3712 2188 3779 inculte
2221 3711 2614 3797 proferendo,
2662 3715 2879 3777 vestra
2904 3710 3065 3775 mihi

724 3828 992 3895 eruditio
1046 3830 1356 3915 ignoscat,
1414 3835 1506 3915 et,
1564 3834 1637 3896 ut
1690 3830 1757 3895 in
1804 3829 2069 3895 veritate
2122 3828 2290 3895 dicta
2335 3833 2511 3912 sunt,
2570 3826 2949 3912 simpliciter
2991 3845 3063 3890 ac

720 3943 988 4048 fideliter
1056 3946 1341 4033 accipiat.
1444 3946 1543 4013 De
1609 3950 1815 4013 cetero
1872 3945 2044 4011 Deus
2113 3945 2503 4031 omnipotens
2562 3962 2673 4008 vos
2731 3941 3062 4022 custodiat,

723 4061 1174 4148 consiliumque
1217 4069 1467 4130 vestrae
1509 4063 1589 4130 ad
1631 4083 1749 4130 nos
1794 4060 2014 4129 celeris
2030 4072 2051 4096 ·
2094 4061 2470 4128 reversionis
2517 4057 2695 4124 vobis
2746 4058 2993 4142 dirigat.

868 4235 908 4269 a.
951 4223 1071 4270 celer
1135 4242 1174 4271 c.

863 4309 917 4365 1.
951 4309 1022 4365 ab
1057 4237 1294 4366 §munte
1329 4323 1474 4364 anuo
1512 4308 1653 4363 1130
1690 4307 1762 4364 ad
1798 4311 2092 4364 exeuntem
2131 4321 2335 4362 annum
2371 4304 2528 4360 1146.
