3319 5242
768 471 893 539 196
1441 487 1737 536 wmxnm
1780 485 2153 537 ams'romm.
2197 485 2301 534 ιη.
2336 484 2441 533 128.

774 630 943 700 122.
987 632 1194 698 Guido
1242 635 1647 700 cancellarius
1683 634 1943 721 papalis
1988 634 2346 698 Ansebmum
2381 635 2736 719 episcopum
2768 628 3088 695 Havelber·

978 772 1225 837 qen-sem
1282 751 1369 816 ad
1407 750 1797 817 sev-ibmdum
1838 752 2073 815 invitat.
2174 748 2483 815 Salutem‘
2512 748 2793 814 Wibaldo
2842 746 3090 811 ason-ibic.

1369 934 1370 937 ,
2786 860 2896 944 (Μ.
2936 861 3092 936 140.)

587 993 726 1047 1148
940 979 1288 1047 Karissimo
1331 982 1516 1048 fratri
1563 987 1628 1047 et
1673 979 1933 1066 speciali
1979 980 2180 1046 amico
2225 978 2580 1062 A(nselmo)
2615 975 3095 1061 Havelbergensi

761 1098 1053 1185 episcopo
1084 1096 1362 1183 G(uido),
1398 1103 1652 1164 sanctae
1682 1097 2003 1165 Romanae
2034 1094 2373 1164 aecclesiae
2403 1095 2703 1163 diaconus
2733 1087 3095 1162 cardinalis¹

761 1220 825 1281 et
868 1213 1297 1298 cancellariuS,
1345 1214 1633 1281 salutem.
1708 1216 1709 1219 ’

937 1331 1354 1398 Attendentes
1401 1351 1508 1415 ea,
1570 1350 1731 1415 quae
1786 1331 1865 1396 de
1925 1328 2253 1397 dulcedine
2306 1329 2513 1396 cordis
2558 1329 2655 1396 tui
2699 1348 2850 1416 sepe
2894 1333 3098 1412 gusta-

711 1532 716 1533 ,
759 1447 998 1531 vimus,
1070 1448 1414 1513 amicitiam
1468 1448 1637 1513 inter
1692 1467 1809 1513 nos
1868 1467 1984 1533 per
2039 1447 2278 1534 scripta
2334 1447 2657 1533 presentia
2710 1446 3096 1523 innovamus,

760 1568 1073 1650 optanteS,
1119 1570 1193 1629 ut
1238 1567 1474 1630 statum
1519 1568 1722 1648 tuum,
1770 1583 1955 1649 quem
1997 1570 2543 1650 prosperum'esse
2572 1564 2882 1649 cupimus,
2929 1561 3101 1628 nobis

760 1680 1132 1764 quantocius
1194 1680 1445 1747 studeas
1513 1680 1828 1747 intimare.
2023 1680 2434 1746 Communem
2494 1681 2767 1746 amicum
2823 1684 3100 1745 nostrum

761 1794 1203 1863 Corbeiensem
1248 1796 1541 1865 abbatem
1585 1817 1700 1884 per
1744 1818 1856 1863 vos
1903 1797 1972 1863 in
2018 1797 2291 1863 Domino
2338 1796 2707 1863 salutamus.

771 2008 941 2080 123.
991 2013 1306 2079 Wibaldus
1348 2013 1763 2080 Fuldensibus
1804 2018 2033 2096 sor-ibit,
2080 2038 2146 2081 ee
2191 2015 2292 2079 die
2320 2013 2406 2078 21
2440 2037 2521 2077 m.
2555 2012 2841 2079 Octobri-s
2866 2010 3108 2076 Fuldae

968 2128 1265 2216 futurum
1323 2153 1448 2195 non
1509 2152 1652 2195 esee.
1721 2131 2159 2225 Praepositum
2210 2154 2389 2196 suum
2432 2132 2629 2195 mittit.
2703 2129 3107 2194 Concordiam

980 2269 1312 2333 papaeque
1360 2248 1716 2334 obsequium
1761 2249 1997 2313 suadet.
2786 2241 2897 2324 (Μ.
2937 2243 3106 2317 102.)

588 2388 726 2442 1148
941 2377 1162 2444 Frater
1182 2377 1561 2460 W(ibaldus)
1593 2378 1716 2445 Dei
1761 2379 1969 2464 gratia
2011 2379 2077 2445 id
2124 2379 2291 2464 quod
2324 2384 2433 2446 est
2465 2379 2535 2443 in
2565 2376 2873 2444 aecclesia
2899 2375 3108 2465 catho-

614 2460 712 2507 θοι·
759 2493 885 2560 lica
939 2494 1301 2561 reverendis
1355 2495 1426 2560 in
1469 2494 1722 2585 Christo
1776 2495 2061 2582 patribus
2108 2501 2171 2562 et
2216 2495 2517 2562 fratribus
2563 2495 2696 2560 suis
2740 2493 2812 2561 B.
2854 2512 3110 2559 venera-

761 2608 876 2678 bili
933 2610 1199 2695 decan0,
1247 2612 1316 2677 T.
1358 2612 1680 2699 preposito
1739 2616 1803 2679 et
1847 2613 2073 2680 ceteris
2120 2612 2169 2679 F
2171 2612 2450 2681 uldensis
2499 2610 2839 2679 aecclesiae
2884 2609 3110 2698 priori-

762 2727 879 2793 bus
928 2746 1000 2792 ac
1045 2725 1211 2811 filiis,
1257 2730 1474 2813 magni
1520 2728 1770 2794 consilii
1815 2729 2124 2813 angelum.

943 2843 1133 2909 Venit
1177 2844 1257 2910 ad
1302 2866 1417 2911 nos
1449 2845 1781 2911 Corbeiam
1825 2846 2024 2912 frater
2055 2853 2266 2913 vester
2297 2844 2681 2929 OrthwinuS,
2726 2843 2903 2910 nulla
2929 2842 3111 2909 nobis

761 2960 1084 3046 perferens
1097 2970 1118 2995 ·
1156 2963 1582 3028 communium
1627 2961 1981 3028 litterarum
2024 2962 2281 3047 indicia,
2328 2961 2557 3042 obnixe
2602 2967 2817 3028 tamen
2861 2961 3111 3026 univer-

763 3077 971 3143 sitatis
1031 3084 1277 3144 vestrae
1323 3084 1544 3165 petens
1591 3078 1897 3164 alloquio,
1953 3084 2027 3145 ut
2072 3079 2154 3146 ad
2205 3083 2283 3145 12
2330 3078 2469 3145 Kal.
2506 3074 2917 3145 Novembris²
2962 3075 3012 3142 F
3015 3074 3112 3141 ul·

764 3193 911 3259 dam
957 3194 1037 3259 ad
1083 3215 1193 3260 vos
1238 3195 1628 3278 veniremus,
1688 3195 2054 3261 interfuturi
2100 3195 2363 3279 collegio
2407 3200 2648 3278 vestro,
2708 3194 2816 3261 ubi
2863 3194 2940 3261 de
2984 3191 3111 3259 ele-

763 3311 968 3376 ctione
1023 3311 1221 3376 suturi
1269 3309 1514 3377 abbatis
1560 3316 1834 3377 tractare
1878 3311 2014 3378 Deo
2061 3316 2315 3379 auctore
2360 3311 2746 3378 instituistis.
2818 3310 2947 3377 Nos
2990 3311 3111 3376 ita·

764 3447 917 3510 que,
984 3426 1213 3492 fratres
1281 3427 1635 3510 karissimi,
1705 3426 1856 3495 licet
1918 3429 2128 3496 animo
2184 3448 2463 3495 essemus
2519 3427 2979 3515 promptissimi
3035 3446 3114 3493 ea

763 3543 1020 3626 exequi,
1079 3561 1198 3626 que
1255 3544 1480 3609 vestris
1537 3544 1921 3610 iussionibus
1976 3550 2038 3611 et
2084 3546 2402 3612 communi
2447 3544 2711 3611 utilitati
2756 3551 2965 3611 essent
3006 3562 3111 3609 ac—

763 3658 1123 3742 commoda,
1172 3663 1386 3724 tamen
1429 3662 1676 3745 magnis
1724 3681 1797 3727 ac
1842 3661 2299 3748 multiplicibus
2342 3662 2546 3727 nostri
2588 3662 2957 3729 monasterii
3000 3660 3112 3726 de-

762 3774 924 3840 tenti
970 3775 1505 3860 occupationibus,
1557 3777 1832 3843 transire
1878 3778 1960 3844 ad
2004 3798 2116 3844 vos
2161 3798 2561 3864 nequaquam
2602 3777 2945 3864 potuimus,
2991 3783 3109 3858 set,

762 3910 879 3976 pro
925 3889 1103 3956 vobis
1150 3891 1229 3956 ad
1275 3892 1555 3958 divinam
1586 3892 1989 3960 clementiam
2018 3899 2166 3960 vota
2195 3895 2549 3978 fundenteS,
2595 3895 2802 3962 nostri
2829 3892 3109 3962 coenobii

763 4007 1156 4093 prepositum
1210 4028 1402 4075 causa
1457 4010 1839 4077 visitationis
1901 4016 1965 4078 et
2019 4011 2464 4078 consolationis
2512 4011 2592 4077 ad
2638 4019 2919 4079 vestrm
2963 4029 3109 4078 con-

762 4122 1056 4189 ventum*
1109 4124 1474 4192 direximus.
1659 4126 1969 4213 Quicquid
2035 4148 2181 4195 vero
2236 4135 2456 4196 nostra
2510 4129 2795 4216 parvitas
2854 4145 3109 4216 presens

764 4239 1170 4307 excellentiae
1224 4248 1472 4310 vestrae
1528 4244 1597 4309 in
1655 4243 1773 4310 hac
1832 4263 2022 4310 causa
2073 4250 2290 4332 posset
2334 4265 2700 4329 suggerere,
2762 4245 2936 4311 brevi
2978 4262 3109 4308 ser-

763 4376 949 4424 mone
996 4356 1286 4426 absentes
1334 4359 1756 4446 explicamus:
1805 4366 1876 4426 ut
1904 4360 2216 4445 videlicet,
2261 4361 2520 4427 remotis
2552 4361 2828 4447 partium
2861 4353 3102 4432 studiis,

908 4522 948 4554 a.
991 4509 1174 4567 §ferens
1207 4528 1246 4556 e.
1371 4512 1416 4557 b.
1458 4514 1729 4558 conventum
1756 4515 1910 4571 posuit
1942 4515 2170 4574 corrigens
2200 4529 2361 4558 naam
2395 4512 2553 4558 eadem
2584 4527 2718 4571 cuper
2750 4508 2997 4568 collegium

907 4605 958 4657 1.
995 4602 1092 4658 SS.
1118 4605 1350 4661 Cosmae
1384 4611 1443 4660 et
1479 4606 1751 4660 Damiani.
1897 4609 1951 4661 2.
1989 4608 2129 4662 1148
2163 4606 2286 4662 Oct.
2309 4609 2399 4662 21.
