3319 5242
835 353 1437 403 onnonoonAPnus
1482 354 1925 403 oonsmnsrs
2461 337 2544 405 51

248 492 392 558 niam
431 493 506 561 de
545 496 901 580 monachis,
959 495 1042 562 ad
1086 516 1241 582 quos
1298 495 1366 562 id
1411 517 1568 583 opus
1614 497 1779 564 sieut
1822 473 2115 564 inchoare
2158 497 2252 564 ita
2294 502 2360 564 et
2402 517 2550 564 eon-
2591 502 2727 557 1146

247 628 524 677 summare
566 611 795 699 maiori
839 632 917 679 ex
961 618 1141 699 parte
1184 613 1493 699 pertinet,
1536 613 1749 680 nullus
1797 612 1878 679 ad
1922 634 2037 680 nos
2081 618 2367 699 venerat,
2413 633 2552 680 rem
2600 576 2716 623 Nov.

244 730 411 791 totam
450 727 888 812 religiosorum
931 728 1190 795 oonsilio
1236 727 1645 796 differendam
1702 749 1840 796 esse
1885 730 2297 814 credidimus,
2356 728 2555 796 donee

245 839 604 910 corbeiensis
650 844 913 912 eeclesia
955 864 1168 911 eoram
1219 846 1568 912 maiestatis
1614 851 1862 913 vestrae
1905 847 2228 932 presentia
2272 851 2337 913 et
2378 846 2554 932 prin-

1513 961 1633 1028 line
1677 961 1742 1028 id
1785 962 1952 1047 quod
1983 963 2286 1029 asseritur
2312 961 2553 1046 feeerit,

1513 1083 1802 1164 exponat.
1873 1076 2219 1165 Propterea
2260 1098 2555 1145 mansue-

1513 1250 1518 1258 .
1545 1199 1906 1280 presentem
1940 1195 2180 1260 curiam
2211 1194 2554 1260 secundum

1536 1311 1856 1394 venimus,
1915 1310 2214 1395 quoniam
2267 1311 2336 1376 in
2391 1309 2554 1377 festo

1513 1425 1767 1492 ecelesia
1798 1427 2039 1493 curiam
2069 1432 2347 1492 vestram
2378 1426 2555 1494 adire

1547 1541 1619 1608 Si
1666 1542 1816 1627 quid
1870 1562 2018 1626 ergo
2065 1542 2235 1629 apud
2276 1547 2555 1609 vestram

1513 1665 1535 1724 t
1576 1657 1781 1724 fidelis
1819 1657 2089 1743 devotio,
2134 1657 2344 1725 locum
2371 1659 2553 1727 nobis

1513 1774 1656 1861 olay
1687 1774 2009 1859 assignare
2038 1775 2405 1860 dignemini,
2430 1796 2554 1861 quo

1513 1890 1754 1958 mmode
1797 1910 2124 1959 occurrere
2164 1889 2551 1959 valeamus“.

1513 2142 1724 2189 iorum
1776 2143 1891 2190 rex
1934 2121 2272 2206 Wfibaldo)
2328 2122 2555 2190 Stabu-

1513 2240 1746 2306 =etione.
1904 2238 2248 2325 Postquam
2293 2238 2558 2306 ecelesia

1516 2405 1537 2440 ‚
1596 2356 1814 2422 statim
1871 2354 2087 2421 divina
2141 2356 2554 2442 inspiratione

1513 2471 1769 2538 itualem
1808 2476 1873 2538 te
1920 2471 2042 2539 sibi
2086 2472 2387 2539 canoniea
2431 2473 2554 2540 ele-

1520 2587 1972 2675 temporalibus
2019 2609 2209 2675 quam
2252 2590 2320 2657 in
2366 2590 2554 2677 spiri-

1513 2711 1579 2771 ta
1609 2709 1673 2772 et
1703 2704 2006 2772 distracta
2032 2723 2223 2790 grave
2254 2707 2555 2773 damnum

1513 2842 1526 2887 ι
1571 2820 1971 2888 dilectionem
2016 2826 2213 2905 tuam,
2259 2823 2553 2908 quatinus

1513 2942 1561 3003 rt
1603 2938 1989 3023 presentiam
2033 2943 2317 3004 nostram
2362 2938 2551 3006 adeas

1513 3074 1549 3119 s
1593 3058 1911 3139 spectant,
1957 3053 2193 3120 ibidem
2238 3053 2315 3120 de
2359 3074 2554 3121 manu

1513 3171 1567 3236 si
1609 3175 1934 3255 tamquam
1975 3175 2158 3255 pater
2202 3169 2550 3257 spiritualis

1513 3344 1518 3351 .
1560 3286 1916 3373 provideas.
1986 3283 2206 3351 Vale“.

1513 3423 1536 3468 ι
1579 3407 1644 3470 et
1687 3402 1866 3483 data3
1924 3407 1989 3468 et
2042 3404 2083 3467 3
2124 3401 2550 3469 Kalendarum
2585 3420 2775 3469 Nov.29

1513 3518 1692 3585 bbati
1735 3523 1885 3584 sunt
1910 3522 2303 3604 presentata;
2353 3516 2547 3584 eoele-

1513 3634 1698 3701 adem
1763 3634 2001 3720 scripta
2067 3639 2217 3700 sunt
2280 3634 2545 3700 invecta.
2581 3650 2690 3699 noc.
2710 3653 2734 3698 1

1550 3750 1910 3836 prepositus
1969 3754 2034 3815 et
2073 3750 2302 3816 fratres
2345 3750 2548 3817 nostri

225 3841 461 3945 quida'm
505 3862 792 3931 munifici
836 3885 980 3932 cum
1022 3864 1314 3933 Brunone
1357 3865 1711 3952 preposito,
1759 3871 1825 3932 et
1866 3865 2309 3932 ministeriales
2353 3865 2546 3932 hone-

226 3977 427 4047 stiores
475 3980 787 4066 aliquanti
831 3984 874 4047 4
915 3980 1129 4047 Nonas
1192 3981 1471 4048 eiusdem
1524 3982 1760 4048 mensis
1806 3982 1888 4048 ad
1942 3982 2297 4049 eondictum
2338 3981 2547 4049 loeum
2580 3998 2691 4046 Dec.
2707 4000 2737 4045 Β

227 4095 502 4163 exierunt
532 4118 572 4164 a
601 4095 884 4164 Corbeia.
953 4095 1041 4162 Et
1071 4097 1220 4182 quia
1246 4117 1363 4164 nee
1392 4098 1485 4164 sie
1528 4097 1762 4165 celeres
1806 4099 2010 4165 nostri
2051 4098 2395 4183 nequibant
2435 4098 2545 4164 illo

226 4211 440 4297 venire,
486 4219 562 4279 ut
605 4218 846 4279 statuta
890 4213 993 4280 die
1023 4219 1420 4281 occurrerent
1448 4213 1677 4281 domno
1710 4214 1867 4298 regi,
1913 4220 2135 4281 oetava
2163 4214 2416 4281 demum
2445 4214 2545 4279 die
2581 4229 2688 4276 Dec.
2707 4230 2766 4275 ιο

225 4322 283 4389 in
307 4324 659 4395 Wineheim
669 4324 713 4413 ⁸,
756 4330 945 4396 tertio
974 4329 1246 4395 miliario
1277 4331 1399 4395 sito
1430 4350 1469 4395 a
1495 4328 1939 4397 Laureshamis
1971 4331 2266 4399 abbacias
2294 4330 2545 4414 regalis,

348 4459 400 4513 1.
437 4459 575 4515 Dee.
600 4459 653 4517 6.
794 4462 845 4515 2.
884 4460 1212 4531 deburg.
1357 4462 1407 4516 3.
1447 4459 1775 4518 Weinheim.

2039 4558 2122 4614 4⁴}
