3319 5242
573 573 713 631 1152

510 648 645 696 lame
712 672 762 681 -

533 664 744 758 roffbin.

802 409 935 480 492
1472 428 1773 476 wmALm
1814 428 2190 479 merom
2231 429 2338 477 ses.
2376 430 2483 478 su.

799 568 1009 638 redire
1039 587 1158 636 nec
1187 568 1317 636 ad
1298 580 1544 656 ipsum·
1571 568 1765 638 finem
1794 576 2042 640 vestrae
2068 571 2404 657 legationis
2431 573 2625 643 vultis
2653 577 2904 645 referre.
2959 579 3105 658 Quod

802 686 952 772 quia
996 690 1061 753 et
1100 686 1284 753 nobis
1328 691 1395 753 et
1438 687 1614 754 vobis
1658 687 1978 774 indecens,
2024 694 2090 756 et
2131 689 2386 757 domino
2428 697 2648 760 nostro
2691 695 2852 779 regi,
2896 696 2991 782 qui
3020 717 3106 764 ve-

801 807 1005 870 strum
1049 808 1343 889 expectat
1383 803 1679 889 reditum,
1725 805 1980 873 omnino
2028 811 2126 874 est
2152 806 2377 874 inutile
2407 813 2472 875 et
2498 809 2888 896 indecorum,
2928 832 3107 879 mone-

799 940 940 987 mus
973 923 1037 987 et
1062 919 1284 990 intime
1309 939 1604 1005 rogamus
1637 922 1964 1008 antiquam
1990 922 2170 990 illam
2198 929 2477 991 vestram
2506 926 2925 1014 dilectionem,
2952 950 3110 1015 quam

798 1056 914 1103 nos
958 1057 1282 1122 nunquam
1323 1037 1524 1104 scindi
1556 1039 1865 1125 cupimus,
1912 1040 2228 1125 quatinus,
2274 1040 2440 1109 sicut
2466 1063 2581 1109 nos
2612 1064 2894 1131 unquam
2922 1046 3114 1113 dilexi-

798 1153 934 1238 stis,
979 1158 1119 1220 tum
1158 1153 1400 1221 nostri*
1446 1154 1732 1240 obsequii
1775 1161 1912 1222 tum
1942 1161 2191 1224 vestrae
2233 1157 2579 1226 honestatis
2624 1166 2761 1228 tum
2804 1164 3011 1247 regiae
3034 1183 3116 1229 re-

797 1270 1116 1338 verentiae
1160 1270 1428 1337 intuitu⁶
1473 1291 1589 1358 per
1633 1271 1804 1338 diem
1848 1273 2194 1340 crastinum
2237 1278 2524 1341 nostrum
2553 1276 2763 1345 velitis
2809 1279 3121 1366 prestolari

797 1387 1157 1471 adventum,
1204 1391 1270 1453 et
1313 1387 1449 1454 sine
1494 1408 1676 1455 mora
1709 1393 1773 1455 et
1801 1389 1939 1456 sine
1984 1389 2391 1474 digressionis
2439 1392 2767 1479 dispendio
2806 1395 2889 1461 ad
2920 1395 3122 1480 locum,

795 1503 964 1570 unde
1017 1503 1360 1588 movimus,
1418 1509 1484 1571 et
1535 1504 1617 1571 ad
1662 1504 1986 1572 dominum
2028 1511 2317 1575 nostrum
2359 1529 2574 1594 regem
2618 1530 2764 1577 cum
2808 1513 3034 1597 gaudio
3075 1516 3126 1578 et

794 1619 1128 1687 dilectione
1172 1619 1498 1688 nobiscum
1541 1639 1843 1689 remeare.
1905 1620 2123 1689 Parati
2168 1624 2335 1691 enim
2381 1645 2630 1693 eramus
2674 1633 2741 1695 et
2767 1629 2903 1696 iam
2934 1649 3129 1697 ocreas

793 1736 1055 1803 induere
1112 1741 1175 1803 et
1217 1755 1330 1802 vos
1392 1737 1597 1823 adire,
1657 1739 1808 1825 quia
1856 1736 2204 1825 Lucenses,
2264 1741 2428 1808 sicut
2478 1744 2905 1831 predixeratis
2919 1796 2940 1831 ,
2997 1745 3128 1812 solis

792 1852 1004 1920 verbis
1034 1872 1150 1919 nos
1178 1851 1588 1938 lactaverant,
1635 1859 1702 1921 et
1731 1874 1872 1922 ecce
1899 1857 2160 1924 nuntius
2191 1876 2335 1925 cum
2363 1858 2566 1927 literis
2598 1862 2829 1929 vestris
2862 1862 3131 1944 advenit3

795 1974 860 2037 et
902 1969 1119 2037 statim
1165 1988 1310 2036 cum
1355 1989 1547 2055 equos
1593 1971 1930 2040 ascendere
1973 1975 2358 2060 paravimus,
2405 1976 2693 2046 consules
2737 1998 2888 2046 cum
2919 2000 3135 2066 magua

791 2105 1050 2173 precum
1073 2086 1379 2153 instantia
1400 2106 1513 2154 nos
1541 2087 1962 2155 detinuerunt.
2008 2088 2324 2175 Rogamus
2356 2092 2569 2178 itaque
2601 2100 2666 2162 et
2695 2095 2938 2163 iterum
2968 2118 3135 2182 roga-

707 2207 712 2211 “
792 2223 954 2286 mus,
978 2208 1050 2268 ut
1063 2202 1107 2288 ¹¹,
1132 2203 1372 2270 domini
1400 2204 1601 2270 nostri
1629 2205 1798 2289 regis
1827 2225 2090 2292 memor,
2113 2227 2253 2274 cras
2280 2228 2397 2275 nos
2426 2230 2545 2297 per
2572 2211 2741 2278 diem
2772 2215 3135 2301 expectetis.

612 2766 752 2822 1152

795 2414 970 2486 364.
1006 2416 1325 2485 Wibaldus
1359 2419 1818 2486 Corbeiensibus
1861 2423 2190 2512 siqmficat,
2236 2445 2302 2489 se
2350 2447 2427 2490 ex
2456 2424 2647 2492 Italia
2681 2427 3018 2496 Coloniam
3052 2456 3138 2496 re-

1012 2548 1255 2590 versum
1300 2549 1442 2592 esse.
1533 2527 1638 2592 De
1688 2528 1962 2594 Conradi
2004 2532 2169 2617 reqis
2208 2543 2406 2597 morte
2447 2557 2551 2598 eos
2595 2536 2979 2603 consolatur.
3071 2538 3139 2605 Se

1011 2634 1181 2699 brevi
1222 2644 1494 2721 tempore
1540 2637 1628 2701 ad
1670 2659 1773 2701 eos
1814 2638 2173 2703 rediturum.
2816 2642 2937 2725 (Μ.
2972 2646 3138 2726 340.)

965 2755 1190 2824 Frater
1234 2755 1611 2841 W(ibaldus)
1657 2758 1782 2826 Dei
1826 2761 2033 2844 gratia
2074 2761 2164 2848 id,
2219 2765 2387 2849 quod
2431 2769 2531 2832 est
2570 2766 2642 2832 in
2686 2767 3010 2838 aecclesia
3052 2791 3143 2837 ca-

679 2840 1042 2959 br'tholica‚
1088 2873 1334 2941 dilectis
1377 2875 1447 2941 in
1476 2874 1729 2942 Christo
1772 2874 1922 2945 filiis
1967 2883 2033 2945 et
2074 2879 2377 2948 fratribus
2407 2880 2497 2961 H(
2498 2882 2758 2965 emnco)
2790 2886 3142 2955 venerabili

786 2990 987 3079 priori
1053 2996 1119 3059 et
1180 2990 1406 3059 ceteris
1463 2990 1859 3060 Corbeiensis
1927 2994 2266 3064 aecclesiae
2316 2994 2465 3064 filiis
2518 2998 3040 3071 benedictionem
3089 3010 3145 3073 et

783 3107 983 3174 vitam
1025 3126 1225 3193 usque
1269 3108 1339 3174 in
1383 3107 1682 3175 seculum.

962 3220 1084 3290 Dei
1129 3224 1578 3311 omnipotentis
1623 3225 1831 3309 gratia
1860 3225 1997 3294 vias
2043 3232 2294 3296 nostras
2339 3229 2679 3298 comitante
2723 3238 2793 3300 et
2835 3237 3145 3304 orationi-

783 3337 902 3406 bus
956 3339 1186 3405 vestris
1243 3340 1364 3407 iter
1419 3345 1708 3409 nostrum
1760 3345 2314 3431 prosequentibus,
2383 3347 2523 3414 sani
2578 3353 2643 3416 et
2694 3349 3068 3422 incolumes
3116 3354 3148 3422 i

784 3455 1015 3521 domno
1059 3474 1230 3542 papa
1273 3461 1338 3524 et
1378 3457 1456 3525 ab
1487 3457 1655 3526 Urbe
1684 3480 1800 3546 pro
1828 3458 2142 3544 legatione
2168 3463 2365 3548 regia,
2411 3485 2603 3550 quam
2630 3485 3145 3557 susceperamus,

783 3591 982 3656 usque
1027 3570 1352 3641 Coloniam
1406 3575 1644 3643 reversi
1701 3593 1917 3645 sumus
1936 3572 1973 3662 ¹,
2032 3578 2102 3644 in
2157 3580 2329 3646 omni
2380 3582 2641 3665 negocio
2655 3632 2677 3667 ,
2734 3587 2921 3670 quod
2970 3589 3144 3656 nobis

781 3688 1134 3754 iniunctum
1188 3694 1313 3776 est,
1371 3710 1516 3758 cum
1561 3692 1768 3776 gratia
1810 3698 1875 3761 et
1916 3694 2301 3780 benignitate
2344 3696 2600 3783 plenam
2643 3697 3016 3772 efficaciam
3059 3728 3146 3773 re-

783 3808 1127 3891 portantes.
1200 3804 1378 3874 Sicut
1421 3808 1589 3875 enim
1633 3830 1847 3877 rerum
1889 3810 2174 3899 ipsarum
2203 3814 2648 3900 consequentia
2675 3819 3144 3907 manifestabit,
3228 3858 3229 3865 κ

781 3921 850 3988 in
885 3921 1059 3989 omni
1091 3923 1395 4008 petitione
1423 3930 1643 3992 nostra
1685 3931 1819 3993 tam
1848 3928 2241 4014 privatarum
2272 3951 2460 4016 quam
2488 3931 2900 4020 publicarum
2934 3961 3145 4007 rerum

781 4038 1122 4107 clementer
1180 4040 1460 4107 exauditi
1504 4061 1754 4128 sumus,
1810 4044 1903 4110 ita
1944 4049 2018 4111 ut
2058 4066 2261 4133 neque
2304 4047 2374 4113 in
2416 4048 2766 4134 privilegiis
2812 4072 3048 4142 neque
3089 4059 3145 4123 in

782 4155 1066 4242 epistolis
1107 4176 1225 4243 pro
1254 4162 1473 4225 nostra
1516 4160 1946 4245 oportunitate
1989 4160 2406 4250 impetrandis
2450 4163 2645 4233 ullam
2690 4166 3144 4242 difficultatem

781 4272 1283 4339 sustinuerimus.

923 4400 965 4433 a.
1005 4401 1157 4446 regem
1188 4388 1413 4436 excidisse
1442 4390 1631 4436 videm.
1757 4391 1801 4437 b.
1833 4394 2016 4440 nostrae
2048 4412 2086 4440 c.
2206 4408 2248 4442 c.
2278 4395 2447 4443 intuiti
2477 4414 2518 4443 c.
2632 4398 2678 4446 d.
2708 4403 2930 4465 seq-itur
2966 4408 3017 4452 ὁ.
3051 4406 3145 4456 cod-
3228 4406 3229 4449 i

780 4468 878 4515 iure
911 4478 1153 4514 correcteam
1185 4471 1231 4515 in
1260 4469 1364 4525 iuri,
1397 4472 1490 4516 sive
1521 4469 1623 4516 uiri.
1673 4473 1886 4519 fortasse
1918 4475 2198 4523 scribendum
2229 4485 2352 4525 emt:
2383 4476 2493 4528 veri·
3166 4486 3170 4496 “

924 4544 975 4600 1.
1012 4549 1141 4614 post
1174 4544 1337 4601 Febr.
1365 4548 1446 4602 17.
1484 4547 1556 4605 V.
1580 4563 1666 4621 ep.
1694 4547 1982 4609 375inf1-a.
