3319 5242
782 430 914 497 254
1537 449 1837 496 wmALm
1879 448 2211 498 EPISTOLA
2257 450 2362 496 151.

605 595 744 680 1143
780 589 1111 676 postmodo
1158 589 1313 656 satis
1357 590 1651 674 innotuit,
1700 591 1853 676 quid
1898 597 2047 657 tunc
2092 591 2160 657 in
2207 612 2314 657 eos
2359 590 2753 657 moliebatur.
2896 590 3088 656 Novis·

606 670 734 716 1um0
781 706 960 790 sime,
995 726 1139 773 cum
1168 707 1236 772 in
1276 705 1578 774 electione
1611 699 1951 774 consensus
1983 706 2122 774 fieri
2151 707 2507 775 nullatenus
2538 708 2867 793 potuisset,
2910 706 3089 790 gravis

781 823 1102 889 sentencia
1145 822 1324 889 nobis
1368 824 1698 910 proposita
1742 829 1868 907 est,
1916 825 2112 909 quod,
2161 825 2216 890 si
2261 824 2425 891 hanc
2470 823 2932 892 denominatam
2970 841 3092 908 per-

782 959 999 1006 sonam
1054 959 1180 1005 non
1233 939 1603 1023 eligeremus
1617 990 1635 1024 ,
1699 960 1926 1026 corpus
1973 941 2315 1008 venerandi
2358 941 2561 1027 patris
2606 941 2809 1007 nostri
2852 938 3096 1006 Adelbe-

779 1055 952 1121 ronis
1001 1054 1198 1122 abbati

780 1172 949 1258 apud
999 1192 1144 1256 nos,

778 1307 1079 1355 ceremus.
1149 1287 1198 1354 P

779 1404 1146 1488 eligeretur,

776 1540 1049 1606 persona
1095 1541 1198 1585 sua

777 1635 956 1714 Quod
1003 1636 1198 1722 qualit

777 1752 1004 1820 abbate
1061 1754 1198 1819 eod(

775 1868 1182 1936 multitudine

776 1984 1126 2069 deserebat,
1186 2008 1198 2052 ι

775 2120 1036 2186 prorsus
1083 2121 1197 2168 con

776 2217 835 2284 ei
894 2216 1198 2285 dimitteb=

776 2334 1010 2420 quippe
1064 2355 1198 2419 quas

774 2450 1023 2517 roribus
1070 2471 1144 2517 ac
1189 2472 1377 2517 muns
1425 2475 1579 2535 θιαε,
1628 2475 1816 2536 quem
1861 2475 2065 2518 sorum
2102 2475 2454 2540 prmcipem
2486 2475 2551 2519 et
2579 2475 2909 2519 commum
2939 2475 3119 2538 super

773 2586 889 2633 nos
947 2567 1437 2654 aspiciebamuS,
1500 2568 1777 2635 maxime
1843 2589 1922 2635 ne
1991 2569 2371 2637 contumelia
2426 2569 2764 2638 aecclesiae
2820 2569 3009 2639 fieret
3057 2569 3117 2633 in

773 2683 1065 2749 defuncto
1095 2689 1278 2770 patre
1307 2690 1545 2769 nostro,
1578 2686 1670 2750 ita
1699 2685 1900 2751 coacti
1931 2684 2195 2753 fratrem
2219 2688 2354 2753 eius
2389 2686 2691 2770 elegimus
2718 2723 2800 2733 -—
2827 2709 2961 2754 non
2992 2683 3119 2753 ausi

774 2799 1124 2885 dimittere,
1184 2801 1351 2886 quod
1395 2801 1739 2868 voluntatis
1785 2801 1920 2867 eius
1966 2822 2103 2869 esse
2149 2804 2590 2890 perspeximus
2622 2840 2706 2849 -
2739 2824 2869 2870 non
2916 2810 3122 2871 tamen

702 3000 705 3004 .
772 2917 1219 2998 communiter;
1281 2918 1431 3002 quia
1486 2919 1757 3005 predicti
1811 2919 2039 2985 fratres
2084 2920 2151 2985 in
2195 2920 2692 2987 contradictione
2737 2941 2858 2986 sua
2902 2918 3122 3007 persti-

773 3036 988 3098 terunt
1039 3038 1131 3117 et,
1181 3053 1353 3117 cum,
1404 3034 1444 3100 a
1488 3034 1718 3101 domno
1764 3055 1910 3118 rege
1956 3036 2260 3101 multum·
2306 3036 2500 3102 etiam
2541 3036 2742 3103 invito
2788 3057 2867 3103 ac
2913 3035 3123 3103 fratris

772 3148 1063 3234 precibus
1108 3150 1450 3216 constricto
1499 3150 1865 3235 investituS,
1927 3152 2005 3218 de
2049 3151 2252 3218 Fulda
2296 3151 2550 3235 rediret,
2597 3151 2693 3217 illi
2738 3150 3126 3240 susceptioni

773 3264 906 3329 eius
939 3286 1006 3331 se
1037 3266 1492 3350 subduxerunt,
1541 3271 1605 3334 et
1636 3267 1807 3352 quod
1836 3267 2126 3335 electioni
2156 3269 2312 3353 eine,
2349 3289 2509 3355 quae
2540 3268 2894 3336 secundum
2923 3270 3123 3337 Deum

770 3380 940 3446 facta
993 3402 1120 3446 non
1177 3387 1343 3466 erat,
1404 3383 1758 3449 consentire
1803 3383 2157 3450 noluerunt.
2340 3384 2520 3450 Unde
2566 3389 2629 3453 et
2675 3385 2968 3472 eosdem,
3027 3383 3127 3471 qui

772 3502 953 3562 erant
995 3518 1258 3563 numero
1305 3504 1601 3583 quatuor,
1654 3499 1837 3566 nobis
1882 3500 2272 3584 inconsulti8‚
2320 3521 2528 3568 comes
2574 3506 2639 3569 et
2682 3523 2888 3569 novus
2938 3502 3124 3569 abbas

772 3612 1206 3696 exiliaverunt,
1252 3634 1397 3681 cum
1444 3614 1701 3699 quidam
1749 3636 1828 3681 ex
1874 3616 1985 3700 eis,
2033 3617 2188 3683 satis
2235 3617 2503 3683 eruditi*
2551 3622 2614 3684 et
2656 3617 2926 3686 honeste
2965 3617 3127 3706 apud

770 3748 886 3794 nos
941 3730 1321 3813 conversati,
1380 3730 1648 3796 multum
1678 3731 1742 3797 -a
1786 3732 1966 3799 nobis
2011 3733 2250 3799 fuerint
2294 3734 2507 3800 dilecti
2551 3754 2666 3801 nec
2712 3735 2851 3800 sine
2897 3754 3128 3819 magno

771 3843 986 3910 dolore
1032 3845 1160 3911 sint
1206 3867 1244 3911 a
1288 3851 1602 3913 conventu
1645 3853 1862 3914 nostro
1909 3848 2233 3915 subtracti.
2323 3848 2643 3927 Quendam
2690 3871 2840 3939 vero
2890 3873 2975 3918 ex
3021 3851 3127 3932 eis,

771 3960 877 4044 qui
947 3963 1332 4046 presentiam
1399 3964 1615 4029 domni
1681 3984 1884 4051 papae
1951 3964 2494 4051 interpellaverat,
2563 3968 2899 4053 postmodo
2966 3969 3128 4035 idem

770 4075 1036 4143 domnus
1082 4078 1415 4145 Heinricus
1468 4080 1641 4166 cepit
1687 4085 1752 4146 et
1793 4081 1864 4147 in
1907 4081 2158 4147 vincula
2201 4083 2470 4149 coniecit
2522 4088 2587 4149 et
2637 4084 2805 4150 fame
2865 4105 2947 4152 ac
3002 4084 3128 4168 siti,

768 4191 1003 4277 frigore
1060 4214 1132 4261 ac
1189 4196 1474 4262 nuditate
1532 4195 2017 4263 intolerabiliter
2086 4196 2313 4264 afflixit
2381 4205 2444 4265 et
2511 4221 2628 4286 per
2684 4205 2814 4266 tres
2873 4221 3128 4269 menses

768 4311 1008 4378 carceri
1052 4313 1457 4400 mancipavit.
1554 4311 1774 4379 Talem
1819 4314 2147 4381 introitum
2192 4314 2414 4381 habuit
2457 4316 2523 4381 in
2571 4315 2915 4384 abbatiam.

950 4426 1149 4505 Quam
1218 4428 1461 4495 inutilis
1530 4433 1742 4494 autem
1810 4429 2004 4497 fuerit
2070 4431 2137 4497 in
2206 4430 2510 4498 aecclesia
2566 4437 2787 4499 nostra
2840 4439 3129 4522 tempore

915 4583 956 4615 a.
998 4569 1139 4616 multo
1172 4587 1210 4616 c.
1336 4570 1381 4616 b.
1425 4570 1541 4617 eruti
1576 4588 1614 4615 c.
