3319 5242
984 458 1283 506 wmxnm
1324 458 1656 507 nmsronx
1700 457 1776 505 34.
2431 442 2558 509 113

228 595 330 663 sibi
377 598 454 663 in
499 597 792 665 abbatem
837 599 1153 684 quendam
1198 599 1565 667 Heinricum
1580 649 1599 683 ‚
1659 600 1942 667 eiusdem
1988 598 2287 668 ecclesiae
2331 620 2559 688 prepo-
2596 605 2734 660 1147

229 712 421 778 situm.
517 712 651 793 Quo
697 735 826 781 non
870 714 1057 799 longo
1105 722 1249 803 post
1290 721 1577 803 tempore
1622 716 1937 800 defuncto,
1985 721 2121 783 tota
2164 715 2559 783 Gorbeiensis
2593 678 2730 726 um

228 829 536 913 aecclesia,
584 830 901 917 spirituali
944 836 1127 919 patre
1173 833 1412 918 orbata,
1460 831 1600 919 pari
1645 838 1792 898 voto
1840 837 1906 898 et
1936 833 2223 898 unanimi
2254 852 2563 899 consensu

226 944 398 1030 elegit
461 946 585 1013 sibi
636 946 705 1012 in
762 953 1008 1033 patrem
1068 953 1133 1014 et
1174 955 1495 1036 pastorem
1541 949 1897 1015 animarum
1926 946 2287 1016 Wiboldum
2336 948 2563 1016 Stabu-
2677 1037 2682 1046 θ

223 1060 453 1129 lensem
497 1062 810 1147 abbatem,
859 1064 1153 1149 quatinus
1197 1085 1312 1152 per
1355 1066 1555 1152 ipsius
1602 1066 1982 1132 industriam
2028 1070 2093 1133 et
2121 1070 2408 1132 nostrum
2453 1065 2563 1131 ad-

223 1177 517 1246 iutorium
560 1178 789 1246 nobilis
833 1179 945 1246 illa
990 1180 1271 1267 ecclesia,
1320 1202 1478 1268 quae
1522 1183 1867 1271 plurimum
1916 1183 1955 1249 a
1984 1203 2099 1249 sua
2127 1182 2564 1266 magnitudine

221 1315 323 1382 per
361 1294 832 1380 neglegentiam
877 1298 1348 1384 precedentium
1394 1299 1694 1366 abbatum
1724 1300 2062 1384 deciderat,
2109 1298 2232 1365 Dei
2261 1304 2564 1386 preeunte

221 1412 652 1480 misericordia
717 1413 1112 1500 aliquatenus
1176 1413 1643 1483 reformaretur.
1736 1415 1825 1482 Et
1891 1415 2186 1502 quoniam
2243 1414 2562 1502 predictus

220 1521 413 1596 fidelis
475 1534 691 1597 noster
737 1529 1126 1598 Stabulensis
1184 1531 1411 1617 abbae,
1468 1552 1612 1599 cum
1657 1531 1774 1599 hec
1817 1531 1896 1599 de
1939 1532 2077 1619 ipso
2122 1529 2376 1615 fierent,
2434 1550 2565 1596 non

221 1644 417 1711 solum
467 1645 693 1713 absens
739 1652 838 1713 set
882 1647 1075 1714 etiam
1116 1646 1302 1731 longe
1345 1655 1625 1715 remotus
1662 1652 1820 1731 erat,
1866 1668 1982 1715 nos
2015 1668 2160 1715 eum
2191 1646 2565 1714 auctoritate

219 1763 385 1846 regia
431 1762 546 1828 diu
588 1763 966 1830 renitentem
1013 1783 1086 1830 ac
1129 1764 1577 1832 reclamantem
1624 1765 2043 1849 evocavimus,
2091 1769 2156 1831 et
2195 1763 2275 1829 ad
2305 1763 2565 1850 peticio-

218 1896 355 1944 nem
383 1878 587 1945 totius
619 1878 955 1947 aecclesiae
978 1879 1373 1948 Corbeiensis
1403 1902 1582 1966 onus,
1614 1881 1697 1947 ad
1727 1879 1895 1966 quod
1917 1880 2279 1963 vocabatur,
2311 1879 2565 1945 omnino

218 1993 492 2061 invitum
545 1995 754 2063 subire
799 1996 1149 2082 coegimus,
1210 1998 1503 2082 quatinus
1548 1997 1619 2063 in
1664 1996 2028 2065 Corbeiensi
2071 1996 2457 2063 monasterio
2504 1999 2569 2061 et

218 2110 411 2178 divini
460 2110 668 2178 cultus
710 2111 932 2196 religio
978 2134 1093 2201 per
1136 2114 1346 2201 ipsum
1391 2113 1768 2181 reformetur
1814 2118 1878 2180 et
1914 2112 2196 2180 debitum
2225 2111 2407 2195 regni
2436 2131 2568 2178 ser-

219 2227 451 2294 vicium
502 2227 584 2293 ad
628 2227 1054 2297 defensionem
1101 2236 1354 2297 sanctae
1388 2230 1511 2296 Dei
1557 2230 1856 2297 ecclesiae
1903 2229 2128 2296 exinde
2172 2229 2457 2315 paratius
2505 2232 2570 2293 et

220 2346 464 2412 auctius
513 2344 901 2412 exhibeatur.
1038 2345 1243 2414 Erant
1286 2347 1355 2413 in
1398 2347 1754 2434 propinquo
1800 2346 1962 2413 duae
2003 2343 2356 2413 abbatiolae
2385 2343 2568 2409 femi-

217 2479 476 2547 narum,
540 2481 698 2547 quae
754 2461 999 2527 nullum
1051 2483 1246 2546 regno
1303 2468 1367 2530 et
1420 2463 1602 2530 nobis
1646 2462 1751 2530 vel
1793 2464 1862 2528 in
1904 2461 2142 2529 milicia
2186 2459 2288 2527 vel
2329 2461 2398 2527 in
2443 2459 2567 2526 alio

219 2578 484 2646 servicio
534 2577 882 2665 prebebant
924 2578 1462 2667 supplementum3
1512 2600 1672 2667 quae
1716 2578 1890 2647 loca·
1920 2579 2076 2646 adeo
2115 2577 2476 2645 inordinata
2506 2581 2571 2643 et

217 2695 481 2761 confusa
527 2700 726 2778 erant,
779 2699 854 2760 ut
897 2695 975 2762 de
1020 2697 1492 2764 conversatione
1538 2702 1603 2763 et
1645 2696 1927 2763 moribus
1972 2695 2392 2762 habitantium
2437 2713 2570 2759 me-

218 2808 341 2877 lius
396 2812 487 2877 sit
544 2810 731 2877 silere
785 2831 974 2896 quam
1016 2810 1207 2899 loqui.
1301 2811 1639 2900 Multiplici
1685 2834 1832 2897 ergo
1880 2810 2316 2879 exhortatione
2360 2815 2572 2876 vestra

219 2947 412 3013 super
456 2927 692 2994 talibus
736 2928 893 2995 locis
940 2929 1327 3013 corrigendis
1372 2929 1482 2995 diu
1527 2928 1855 3013 admoniti,
1903 2927 2281 2994 contulimus
2320 2926 2401 2992 ad
2432 2945 2572 2992 aec-

218 3042 480 3111 clesiam
509 3043 953 3112 Gorbeiensem
996 3046 1133 3112 iure
1178 3045 1599 3132 proprietario
1646 3044 1865 3110 eadem
1910 3043 2032 3109 duo
2076 3043 2232 3126 loca,
2277 3042 2575 3108 videlicet

220 3157 570 3227 Keminade
627 3165 692 3227 et
731 3159 991 3228 Visbike
1007 3211 1026 3246 ,
1083 3166 1157 3227 ut
1212 3166 1277 3228 et
1331 3160 1548 3227 divina
1600 3159 1822 3243 religio
1878 3159 2038 3231 inibi
2087 3157 2465 3225 reformetur
2510 3163 2575 3224 et

220 3274 621 3344 Gorbeiensis
667 3276 923 3343 abbatia
965 3276 1034 3342 in
1077 3277 1468 3364 temporibus
1513 3276 1699 3342 huius
1747 3276 1991 3343 abbatis
2037 3275 2272 3341 honore
2319 3280 2382 3341 et
2411 3274 2572 3341 divi-

222 3391 340 3458 ciis
383 3413 499 3479 per
543 3412 662 3459 nos
709 3397 1029 3477 augeatur.
1102 3391 1305 3480 Super
1351 3414 1473 3479 quo
1518 3392 1946 3459 sinceritatem
1991 3396 2290 3476 vestram,
2338 3390 2416 3457 de
2450 3411 2575 3475 qua

220 3507 568 3593 plurimum
614 3507 1006 3594 confidimus,
1055 3514 1292 3576 attente
1335 3509 1648 3575 monendo
1692 3529 2009 3593 rogamus,
2054 3513 2128 3574 ut
2172 3508 2340 3594 quod
2370 3508 2573 3574 eidem

223 3623 439 3690 abbati
482 3630 549 3691 et
576 3623 942 3692 Corbeiensi
971 3626 1352 3692 monasterio
1384 3625 1460 3693 de
1492 3624 1733 3692 duabus
1765 3625 2026 3712 prefatis
2072 3623 2247 3691 cellis
2291 3623 2575 3708 legitima

221 3739 563 3807 donatione
606 3761 725 3828 per
767 3742 1048 3829 precepti
1093 3742 1391 3829 paginam
1432 3739 1962 3827 confirmavimus,
2009 3761 2122 3808 vos
2153 3741 2349 3808 vestri
2379 3740 2575 3828 privi-

220 3854 380 3940 legii
421 3858 657 3944 scripto
699 3858 997 3926 roborare
1040 3878 1168 3925 non
1215 3858 1526 3942 abnuatis,
1574 3862 1639 3925 et
1669 3857 1881 3925 abbati
1920 3858 1989 3924 in
2019 3857 2151 3924 suis
2182 3857 2576 3944 oportunita-

223 3972 397 4039 tibus
440 3974 780 4058 benignam
825 3974 1246 4041 exauditionis
1294 3995 1510 4041 aurem
1540 3973 1877 4040 inclinetis.
1948 3972 2229 4056 Dignum
2263 3972 2576 4058 siquidem

227 4093 351 4173 est,
393 4095 463 4156 ut
506 4110 662 4176 quos
706 4110 823 4156 nos
867 4091 936 4157 in
980 4090 1188 4175 gratia
1230 4095 1450 4157 nostra
1494 4088 1900 4157 clementiore
1932 4089 2182 4155 vinculo
2213 4088 2574 4176 recipimus,

225 4225 347 4272 vos
373 4206 658 4292 propicia
702 4206 1125 4274 benivolentia
1168 4207 1521 4274 dilectionis
1561 4205 1730 4272 ulnis
1776 4205 2265 4292 amplectamini,
2312 4209 2375 4272 et
2420 4224 2575 4289 quos

227 4319 383 4387 vos*
420 4312 457 4389 e
498 4341 798 4389 converso
827 4323 1040 4390 fovere
1071 4328 1136 4389 et
1177 4328 1506 4410 protegere
1536 4322 1893 4409 disponitis,
1939 4342 2054 4387 nos
2084 4327 2305 4388 contra
2359 4340 2575 4387 omnes

226 4434 515 4505 incursus
561 4437 886 4506 defensare
899 4449 920 4475 ⁶
966 4438 1330 4506 studeamus
1377 4445 1442 4507 et
1483 4440 1793 4505 honorare
1837 4437 2144 4522 condigne
2188 4438 2544 4505 debeamus.

381 4575 421 4609 ι.
447 4562 549 4611 loct
578 4564 764 4611 addidi.
886 4563 932 4611 b.
962 4576 1057 4615 von.
1079 4564 1263 4612 addidi.
1387 4578 1428 4611 c.
1460 4563 1665 4611 defosare
1698 4580 1738 4610 e.

331 4681 475 4737 Jun'.
506 4686 790 4731 Bibliotheca
820 4687 854 4731 1.

2080 4685 2116 4741 8
