3319 5242
760 432 891 499 336
1426 451 1723 499 wmALm
1765 451 2138 500 nmen-om
2177 451 2285 499 216.
2321 451 2428 501 21⁷.

585 596 723 652 1149
759 593 887 660 tiae
932 591 1208 678 consulo,
1254 597 1327 659 ut
1368 592 1504 660 sine
1543 613 1724 661 mora
1750 593 2014 661 Romam
2043 595 2310 663 veniatis
2355 598 2438 680 et,
2484 593 2765 666 medium
2794 614 2907 661 vos
2935 594 3082 661 inter

759 709 1064 796 populun
1093 715 1156 777 et
1184 730 1419 797 papam
1446 716 1771 797 ponentes,
1808 718 2095 779 senatum
2125 717 2188 779 et
2217 710 2521 799 populum
2549 712 2618 777 in
2647 716 2863 778 vestra
2889 711 3083 778 defen-

760 826 937 893 sione
973 828 1360 914 suscipiatis3
1410 829 1707 913 quoniam
1753 829 2077 896 castellum
2108 828 2326 896 Sancti
2354 827 2585 913 Angeli
2626 848 2774 895 cum
2804 827 3084 894 Romanis

766 1972 943 2044 217.
989 1977 1309 2044 Com-adua
1337 1978 1445 2044 ΠΙ
1476 2002 1590 2044 rex
1635 1978 1924 2067 Enyem'o
1956 1980 2063 2046 III
2084 2003 2304 2068 papae
2346 1978 2708 2046 Heinrioum
2754 1980 3089 2066 episcopum

983 2093 1509 2176 Ratisbonemem,
1535 2095 2034 2185 Hierosolymam
2064 2108 2321 2179 euntem,
2355 2096 2757 2161 commendat.
2791 2091 2899 2174 (M.
2925 2090 3086 2170 215.)

428 2235 746 2292 1149-1150
940 2226 1367 2294 Dilectissimo
1412 2228 1481 2294 in
1514 2227 1768 2295 Christo
1815 2230 1984 2315 patri
2030 2250 2141 2295 sno
2170 2228 2455 2314 Eugenio
2501 2233 2760 2295 sanctae
2787 2226 3088 2293 Romanae

762 2343 1098 2411 aecclesiae
1166 2365 1409 2411 summo
1465 2343 1750 2431 pontifici
1808 2344 2184 2430 C(onradus)
2239 2345 2361 2412 Dei
2416 2346 2624 2429 gratia
2677 2343 3088 2411 Romanorum

757 2480 875 2527 rex
905 2467 969 2528 et
997 2481 1249 2548 semper
1280 2468 1580 2547 augustus
1611 2461 1869 2529 filialem
1882 2472 1902 2498 ⁸
1934 2462 2332 2530 dilectionem
2364 2467 2427 2529 et
2454 2461 2735 2529 debitam
2763 2462 2834 2527 in
2856 2459 3086 2526 Christo

759 2579 1197 2646 reverentiam.

939 2695 1173 2763 Fidelis
1203 2700 1437 2779 noster,
1469 2700 1720 2763 vestrae
1752 2697 2107 2764 sanctitatis
2135 2695 2324 2780 filius,
2353 2695 2835 2783 Ratisponensis
2867 2693 3087 2781 epist-20·-

760 2832 882 2899 pus
900 2808 936 2897 ¹,
981 2812 1131 2879 licet
1172 2812 1238 2878 in
1284 2811 1472 2878 rebus
1518 2814 1701 2896 regni
1743 2814 1946 2880 nostri
1975 2813 2321 2900 plurimum
2350 2812 2531 2879 nobis
2562 2817 2911 2899 oportunus
2941 2810 3087 2877 esset

764 2933 829 2996 et
872 2928 1264 3013 commodus,
1325 2928 1594 2994 detineri
1639 2934 1854 2996 tamen
1900 2950 2298 3016 nequaquam
2341 2930 2577 3017 potuit,
2637 2929 2794 3014 quin
2839 2927 2918 2995 ob
2959 2924 3087 2992 fidei

763 3045 1052 3112 ardorem
1111 3049 1176 3112 et
1218 3044 1500 3112 solvendi
1545 3046 1679 3112 voti
1727 3045 2109 3113 desiderium
2152 3047 2267 3114 sub
2314 3047 2493 3130 signo
2538 3044 2843 3112 Crucifixi
2885 3044 3085 3111 Hiero-

763 3162 1053 3230 solimam
1116 3162 1418 3229 tenderet.
1523 3161 1722 3240 Quem
1736 3213 1754 3247 ,
1825 3163 1905 3229 ad
1961 3169 2208 3229 vestrae
2263 3163 2654 3229 celsitudinis
2721 3160 3083 3249 presentiam

761 3281 1140 3363 venientem,
1186 3300 1303 3367 pro
1349 3283 1604 3345 nostrae
1652 3279 2004 3345 dilectionis
2038 3280 2398 3347 interventu
2425 3284 2692 3366 paterna
2719 3277 3083 3362 benignitate

764 3397 1121 3484 suscipietis
1169 3400 1252 3480 et,
1300 3396 1584 3462 adiutum
1627 3396 1697 3461 in
1739 3395 1838 3461 his
1887 3417 2006 3481 que
2050 3417 2166 3463 sua
2203 3396 2543 3464 necessitas
2575 3396 2933 3482 poposcerit
2973 3399 3082 3459 tam

764 3534 879 3601 per
936 3533 1161 3579 manus
1207 3517 1454 3579 vestrae
1510 3513 1970 3599 protectionem
2015 3533 2204 3598 quam
2260 3534 2376 3600 per
2427 3511 2710 3579 fidelium
2754 3517 3083 3579 vestrorum

766 3628 1083 3715 suffragia,
1130 3635 1462 3714 vestraque
1492 3629 1929 3696 benedictione
1961 3629 2344 3714 roboratum,
2391 3630 2658 3696 hilarem
2705 3629 2786 3695 ad
2831 3629 2930 3695 sni
2959 3643 3082 3713 pro-

765 3746 957 3833 positi
1004 3745 1529 3833 complementum
1576 3746 1931 3812 dimittetis.
2002 3745 2294 3833 Implevit
2324 3748 2494 3814 enim
2525 3746 2942 3812 amaritudine
2969 3739 3082 3808 ani·

764 3883 939 3929 mam
998 3861 1167 3929 illius
1235 3862 1531 3947 verbum,
1602 3883 1793 3949 super
1861 3883 1986 3949 quo
2054 3867 2299 3929 vestrae
2367 3862 2717 3929 sinceritati
2782 3864 3079 3948 suspectus

766 3978 1021 4048 effectus
1068 3984 1183 4046 est.
1266 3978 1362 4046 De
1409 4000 1531 4064 quo
1586 3999 1703 4046 nos
1750 3981 1810 4046 ei
1855 3980 2166 4046 veraciter
2208 3979 2641 4046 testimoninm
2684 3978 3076 4065 perhibemus,

767 4096 933 4183 quod
976 4097 1115 4183 ipse
1160 4095 1571 4163 christianum
1620 4096 1968 4163 exercitum
2024 4116 2142 4164 nec
2186 4096 2539 4163 vendiderit
2580 4115 2700 4162 nec
2739 4088 3076 4182 prodiden‘t,

764 4234 881 4282 nec
924 4218 1357 4281 sacrosanctae
1403 4213 1626 4280 matris
1672 4219 1926 4280 nostrae
1970 4213 2290 4281 Romanae
2345 4212 2683 4281 aecclesiae
2739 4211 3076 4296 dignitatem

764 4330 834 4397 in
877 4329 1086 4417 aliquo
1127 4330 1536 4396 imminuerit.

909 4461 951 4494 a.
991 4449 1199 4508 Sequitur
1227 4461 1326 4506 per,
1358 4457 1401 4492 et
1426 4456 1534 4507 pose
1564 4460 1647 4506 per
1679 4447 1830 4493 litura.

908 4524 958 4578 1.
998 4523 1287 4581 Heinricus
1324 4525 1365 4593 1,
1407 4525 1799 4580 1132—1155.
