3319 5242
725 386 858 454 312
1482 400 1783 450 wmALm
1824 399 2156 450 amaron
2200 398 2311 448 192.

525 551 665 608 1149
904 542 1066 611 Cum
1107 542 1495 612 venissemus
1540 543 1610 609 in
1653 543 1961 631 oppidum
2004 541 2484 610 Frankenvorth
2525 541 2596 609 in
2640 541 3058 629 assumptione

498 625 614 685 ΔΨ
632 626 691 674 ¹⁶
725 662 946 730 beatae
988 659 1230 728 Mariae
1285 661 1367 727 ad
1422 660 1663 727 curiam
1712 660 1916 727 incliti
1959 658 2439 747 triumphatoris
2482 656 2600 725 filii
2642 658 2839 726 vestri
2884 658 3058 740 C(on-

723 778 887 861 radi)
944 777 1330 845 serenissimi
1371 776 1800 844 Romanorum
1852 777 2051 862 reg-is,
2105 774 2470 858 Z(eizolfus)
2520 776 2883 863 prepositus
2930 774 3060 862 Spi-

725 894 929 962 rensis
972 891 1140 960 filius
1172 897 1382 961 vester
1428 892 1751 979 querelam
1796 913 1976 960 suam
2022 891 2335 979 exposuit,
2378 897 2673 979 presente
2700 891 3063 977 Moguntina

726 1016 791 1078 et
832 1009 1278 1084 wormatiensi
1332 1009 1668 1095 aecclesia,
1725 1009 1907 1076 1101113
1962 1029 2209 1095 (100(100
2254 1008 2652 1076 audientibus
2665 1058 2685 1093 ,
2745 1014 2811 1076 et
2852 1009 3063 1076 habuit

723 1126 1154 1194 testimonium
1201 1125 1280 1193 ab
1325 1126 1647 1193 omnibus:
1707 1125 1906 1212 quod,
1964 1133 2139 1191 cum·
2187 1144 2227 1190 a
2269 1129 2484 1191 vestra
2526 1126 2865 1192 sanctitate
2909 1129 3065 1193 esset

722 1263 1013 1310 reversus
1060 1279 1144 1290 -
1191 1243 1564 1329 priusquam
1615 1243 1905 1309 sudorem
1951 1242 2092 1309 viae
2137 1241 2520 1326 detergeret,
2574 1242 2950 1329 priusquam
2991 1241 3065 1308 ad

723 1361 1091 1448 episcopum
1134 1357 1665 1427 wormatiensem
1680 1355 1698 1386 ¹
1755 1364 1820 1426 et
1876 1358 1957 1424 ad
2012 1357 2304 1425 abbatem
2346 1354 2844 1426 Eberacensem²
2893 1378 3065 1426 man·

724 1476 874 1542 data
915 1481 1130 1543 vestra
1173 1475 1512 1562 perferret,
1568 1475 1794 1561 quibus
1837 1474 2348 1559 controversiam,
2397 1495 2558 1560 quae
2600 1475 2669 1542 in
2714 1495 2861 1544 eum
2902 1480 3068 1543 mota

724 1597 882 1678 erat,
929 1591 1310 1659 audiendam
1355 1591 2018 1678 determinandamque
2064 1591 2521 1659 commiseratis
2551 1628 2636 1639 -
2668 1591 2749 1660 ab
2778 1592 3063 1680 ephcopo

724 1702 1044 1796 Spirensi⁸
1092 1712 1157 1774 et
1201 1709 1518 1775 canonicis
1565 1709 1698 1775 eius
1744 1709 1812 1774 in
1844 1707 2145 1774 iudicium
2177 1713 2354 1775 actus
2402 1713 2519 1793 est,
2565 1713 2631 1776 et
2658 1729 2776 1796 per
2809 1709 3065 1777 verbum

725 1829 982 1892 sanctae
1027 1823 1420 1892 obedientiae
1463 1825 1673 1891 iussus
1718 1829 1816 1891 031
1856 1824 2158 1890 fratribus
2203 1824 2465 1891 reddere
2508 1824 2678 1891 infra
2716 1825 3065 1911 quindecim

726 1942 971 2007 dierum
1017 1940 1322 2027 spacium,
1369 1941 1668 2028 quicquid
1712 1941 1789 2008 de
1831 1940 2155 2028 prebenda
2194 1941 2478 2027 ipsorum
2523 1940 2616 2007 eis
2661 1941 2947 2008 defuerat
2975 1942 3065 2008 in-

725 2058 946 2143 terim,
1004 2057 1155 2124 dum
1198 2078 1419 2125 versus
1463 2058 1731 2125 Romam
1782 2056 2310 2144 peregrinaretur.
2402 2055 2475 2123 In
2516 2058 2910 2145 perferendis
2951 2060 3066 2126 ita-

728 2195 848 2260 que
899 2174 1216 2242 mandatis
1261 2176 1490 2242 vestris
1534 2194 1679 2241 cum
1722 2174 2079 2261 predictum
2120 2177 2372 2260 tempus
2417 2171 2766 2242 effluxisset
2779 2226 2800 2260 ,
2857 2176 3064 2262 quinto

727 2291 970 2358 decimo
1026 2291 1284 2358 tandem
1337 2291 1439 2359 die
1484 2291 1653 2378 cepit
1700 2291 2030 2378 episcopus
2075 2290 2432 2378 predictum
2473 2291 2870 2378 prepositum
2911 2293 3063 2376 Z(ei·

730 2407 989 2490 zolsum)
1036 2407 1115 2474 de
1158 2407 1584 2475 inobedientia
1633 2407 1954 2493 incusare,
2001 2410 2068 2474 et
2111 2426 2300 2494 super
2341 2406 2465 2474 hoc
2507 2408 2875 2476 canonicam
2914 2429 3065 2497 pene

730 2524 1110 2591 sententiam
1164 2544 1204 2590 a
1258 2523 1503 2591 clericis
1556 2522 1899 2611 postulare.
1991 2522 2151 2590 Cum
2196 2544 2345 2590 vero
2389 2524 2671 2612 prefatus
2715 2526 3061 2613 prepositus

731 2641 1053 2727 sensisset,
1101 2662 1169 2709 se
1214 2662 1255 2707 a
1297 2641 1614 2708 canonicis
1656 2642 1874 2727 iniquo
1920 2641 2063 2707 odio
2106 2643 2477 2729 progr-avari
2509 2646 2576 2710 01
2603 2643 2817 2710 omnia
2842 2642 3062 2710 aeccle-

731 2759 989 2826 siastica
1030 2756 1331 2825 beneficia
1375 2757 1498 2824 sibi
1541 2762 1758 2843 preter
1798 2777 2041 2824 morem
2088 2763 2153 2824 et
2197 2758 2481 2826 ordinem
2527 2758 2894 2845 abiudicari,
2943 2778 3060 2826 me-

730 2875 1214 2963 tropolitanum,
1270 2873 1710 2958 Moguntinum
1753 2873 2049 2941 videlicet
2092 2870 2686 2963 archiepiscopum⁴,
2745 2876 3056 2964 apellavit3

733 2996 799 3059 et
843 2993 936 3059 sic
979 2996 1127 3059 ante
1170 2991 1385 3057 datam
1415 2992 1812 3076 sententiam,
1860 3010 2049 3076 quam
2080 2990 2477 3058 adversarius
2506 2990 2643 3058 eius
2673 2989 3058 3059 Gevehardus

731 3108 942 3195 prima
969 3127 1123 3175 voce
1150 3107 1531 3195 proferebat,
1562 3128 1629 3175 30
1659 3127 1898 3193 suaque
1926 3107 1996 3173 in
2017 3111 2296 3174 vestram
2323 3107 2587 3175 tutelam
2611 3109 3058 3192 commendans,

736 3226 815 3292 ab
861 3224 952 3291 eis
996 3223 1214 3291 exivit.
1276 3221 1551 3291 Vocatus
1592 3222 1913 3311 Spirensis
1956 3223 2288 3310 episcopus
2333 3244 2374 3290 a
2415 3224 2900 3312 metropolitano
2943 3244 3060 3308 suo,

735 3361 879 3408 cum
937 3339 1182 3407 clericis
1238 3340 1369 3407 suis
1412 3338 1808 3425 Moguntiam
1859 3340 2063 3423 venit3
2120 3339 2231 3406 ubi
2287 3359 2434 3407 cum
2484 3342 2614 3408 iam
2668 3356 2821 3428 sepe
2876 3341 3061 3407 dictus

734 3456 1100 3539 Z(eizolfus)
1158 3454 1514 3542 prepositus
1567 3477 1774 3542 neque
1826 3456 2325 3524 misericordiam
2378 3476 2582 3542 neque
2634 3457 2941 3525 iudicium
2978 3457 3061 3524 in·

735 3573 954 3644 venire
998 3571 1342 3659 potuisset,
1402 3577 1681 3640 vestram
1724 3573 2111 3662 presentiam
2156 3571 2517 3661 appellavit.
2695 3573 2872 3642 Haec
2914 3578 3060 3657 sunt,

735 3694 918 3777 pater
961 3689 1318 3775 karissime,
1372 3709 1493 3775 que
1535 3690 1849 3758 veraciter
1892 3690 2245 3756 audivimus
2257 3685 2300 3774 ⁵,
2347 3693 2413 3756 01
2456 3709 2614 3775 quae
2657 3709 2775 3777 pro
2824 3710 3061 3779 oppres·

737 3806 916 3873 sione
963 3805 1181 3872 fratris
1224 3806 1426 3872 nostri
1469 3807 1695 3893 pietati
1738 3811 1984 3873 vestrae
2026 3806 2323 3873 intimare
2366 3806 2756 3892 curavimus,
2817 3809 3062 3874 3010111011

737 3919 959 4011 procul
1003 3922 1214 4007 dubio,
1261 3922 1429 4008 quod
1472 3923 1541 3990 in
1586 3927 1926 4011 conspectu
1954 3927 2165 3991 vestro
2196 3922 2629 3990 misericordia
2657 3922 3062 4010 superexaltat

738 4039 1071 4124 iudicium,
1129 4043 1194 4106 et
1238 4039 1407 4126 quod
1459 4039 1528 4107 in
1583 4041 1756 4108 nullo
1814 4039 2040 4108 violari
2092 4060 2414 4108 sacrorum
2468 4059 2780 4108 canonum
2836 4040 3063 4109 decreta

737 4155 1087 4245 patiamini.

883 4284 926 4318 ἃ.
964 4285 1068 4319 oum
1099 4288 1187 4319 om·
1209 4288 1251 4318 c·

883 4358 936 4413 1.
982 4358 1319 4414 Bucconem.
1495 4356 1550 4412 2.
1596 4354 1893 4413 Adamum.
2057 4358 2111 4413 3.
2156 4354 2464 4414 Gunthero.
2639 4357 2693 4414 4.
2742 4356 3054 4415 Heinrioum.

740 4447 795 4502 5.
830 4445 1180 4504 Francofurti
1215 4461 1406 4504 mense
1440 4444 1718 4517 Augusto.
