3319 5242
855 489 1154 537 wmm1
1197 489 1570 539 anemonas.
1614 490 1721 537 117.
1754 490 1859 537 11s.
2398 474 2525 539 193
2556 556 2560 561 ,

228 628 378 712 sario,
421 627 553 695 sine
598 650 721 716 quo
765 630 1041 698 militare
1085 632 1437 718 nequimuS,
1483 633 1807 719 privemur
1853 633 2151 717 subsidio,
2200 638 2264 699 et
2304 633 2526 700 domus
2566 635 2705 693 1148

226 741 346 826 Dei,
390 743 816 815 deficientibus
861 747 963 815 vel
1008 749 1309 837 dispersis
1353 748 1683 834 ministriS,
1730 749 1942 816 divino
1990 756 2203 817 careat
2247 751 2524 819 servitio.

231 954 368 1028 118.
403 962 718 1029 Wibaldus
762 968 1074 1031 canonicis
1118 967 1731 1032 Paderbornemibus
1772 968 2119 1054 respondet,
2169 991 2234 1032 se
2274 990 2395 1053 pro
2443 968 2530 1031 eis

407 1078 779 1146 Bernhardo
828 1084 1111 1170 episcopo
1157 1083 1613 1169 supplicavisse.
2257 1080 2365 1163 (M.
2393 1083 2527 1162 98.)

364 1210 741 1280 Reverendis
807 1215 877 1281 in
931 1214 1182 1283 Christo
1241 1216 1529 1302 patribus
1592 1219 1656 1282 et
1711 1215 1979 1281 dominis
2038 1216 2169 1281 suis
2224 1214 2526 1296 W(in0ni)
2565 1223 2704 1279 1148

221 1328 524 1396 venerabili
563 1328 1125 1399 Patherbornensis
1173 1332 1512 1399 aecclesiae
1555 1333 1784 1399 maiori
1830 1332 2148 1420 preposito
2195 1338 2258 1398 et
2303 1332 2528 1398 ceteris

219 1442 461 1511 eiusdem
476 1456 497 1481 ·
555 1445 895 1516 aecclesiae
951 1450 1268 1516 canonicis
1323 1450 1520 1516 frater
1564 1448 1944 1532 W(ibaldus)
2002 1448 2126 1515 Dei
2176 1449 2383 1532 gratia
2440 1450 2525 1533 id,

219 1561 356 1644 quod
397 1569 490 1629 est
532 1564 603 1629 in
649 1563 950 1631 aecclesia
994 1565 1322 1650 catholica,
1367 1567 1583 1650 magni
1628 1565 1877 1633 consilii
1924 1564 2234 1649 angelum.

363 1677 632 1747 Litteras
662 1682 1094 1749 universitatis
1124 1688 1371 1750 vestrae
1402 1684 1780 1770 accepimuS,
1816 1682 2035 1771 plenas
2069 1683 2243 1749 anxii
2274 1681 2526 1765 doloriS,

216 1790 402 1877 plenas
445 1796 754 1865 sollicitae
797 1799 1120 1867 mesticiae
1135 1850 1153 1885 ,
1211 1799 1431 1886 plenas
1477 1801 1689 1884 gravis
1737 1799 2055 1886 querelae,
2111 1820 2192 1866 ex
2236 1820 2308 1866 eo
2354 1799 2529 1865 vide-

214 1905 337 1977 licet
377 1913 568 1999 quod,
627 1915 792 1982 sicut
834 1916 1210 2003 scripsistis,
1266 1916 1511 1983 familia
1556 1917 1894 1984 aecclesiae
1938 1922 2186 1984 vestrae
2232 1915 2528 1983 indebitis

215 2030 611 2097 exactionibus
667 2030 967 2117 affligitur
1023 2037 1088 2100 et
1141 2039 1276 2099 tam
1335 2034 1416 2100 ad
1461 2034 1668 2101 Deum
1729 2054 1917 2120 quam
1974 2034 2055 2100 ad
2099 2054 2211 2100 vos
2257 2033 2529 2099 clamare

213 2146 596 2232 compellitur,
644 2150 938 2234 quatinus
984 2151 1075 2216 eis
1109 2150 1547 2218 auxiliatorem
1579 2156 1643 2217 et
1672 2156 2092 2238 protectorem
2121 2149 2526 2237 provideatis.

212 2255 412 2345 Magna
452 2266 674 2351 utique
706 2265 1054 2351 calamitas,
1100 2265 1516 2334 intolerabilis
1545 2268 1824 2352 miseria,
1872 2287 2085 2334 carere
2114 2268 2183 2333 in
2214 2267 2528 2352 obsequiis

212 2374 411 2447 divinis
456 2383 811 2449 necessario
858 2388 923 2450 et
955 2384 1294 2450 constituto
1326 2384 1639 2472 stipendio
1672 2391 1736 2451 et
1765 2385 1959 2451 tacite
1985 2384 2141 2471 pati,
2188 2389 2261 2449 ut
2287 2383 2531 2450 familia

210 2495 518 2565 aecclesiae
564 2500 978 2586 opprimatur.
1049 2499 1158 2568 Set
1200 2506 1413 2568 vestra
1457 2502 1811 2568 constantia
1855 2500 2142 2585 diligenti
2173 2501 2530 2567 considera-

210 2609 355 2680 tione
394 2616 772 2702 precavebia
819 2638 899 2685 ne
946 2619 1013 2685 in
1056 2618 1217 2686 illud
1259 2617 1666 2707 propheticae
1716 2618 2220 2706 exprobrationis
2257 2617 2528 2703 elogium

208 2726 499 2818 incidatis,
555 2754 677 2819 quo
723 2734 986 2803 dicitur:
1049 2739 1244 2804 Canes
1297 2741 1452 2804 ‘rnatu‘
1506 2762 1630 2804 non
1676 2739 1944 2804 valentes
1987 2739 2220 2804 latrare
2238 2731 2282 2818 ¹3
2310 2779 2315 2784 =
2342 2736 2527 2802 item:

153 2859 155 2862 ’
207 2846 334 2913 Non
388 2853 742 2918 ascendistis
799 2878 876 2919 ex
931 2856 1219 2937 adverso,
1278 2879 1390 2920 nec
1447 2857 1819 2942 opposuistis
1873 2879 2119 2920 murum
2172 2877 2293 2941 pro
2347 2856 2528 2919 domo

207 2961 405 3049 Israel,
461 2993 575 3034 nec
632 2973 873 3036 stetistis
917 2973 994 3035 'in
1041 2973 1246 3059 prelio
1294 2974 1361 3036 in
1407 2972 1507 3036 die
1553 2972 1817 3037 Domini
1827 2965 1866 3032 ².
1955 2969 2043 3036 Et
2092 2989 2208 3035 nos
2255 2969 2527 3055 quidem,

206 3074 360 3146 filiali
413 3088 478 3149 et
531 3084 810 3151 fraterno
872 3084 1098 3153 affectu
1152 3087 1381 3152 vestris
1438 3086 1745 3169 angustiis
1804 3086 2287 3172 compatientes,
2345 3106 2528 3151 omne

207 3192 643 3267 incommodum
691 3207 972 3268 vestrum
1016 3202 1271 3269 domino
1331 3208 1394 3269 et
1449 3203 1617 3288 patri
1671 3207 1886 3268 nostro
1935 3203 2227 3290 episcopo
2272 3223 2529 3286 sugges-

207 3309 399 3399 simus,
436 3317 862 3404 supplicantes
895 3325 960 3386 et
1002 3319 1325 3386 hortantes
1357 3340 1522 3404 eum,
1567 3325 1658 3404 ut,
1694 3320 1992 3406 quoniam
2023 3319 2239 3385 divina
2267 3317 2529 3402 largitas

205 3429 381 3497 multa
435 3434 502 3500 in
549 3454 623 3500 eo
680 3436 966 3521 preciosa
1020 3457 1285 3504 munera
1338 3435 1634 3522 contulit,
1695 3457 1815 3520 que
1868 3436 1950 3502 ad
1994 3436 2418 3503 defensionem
2466 3440 2531 3502 et

209 3541 467 3616 decorem
514 3551 736 3618 domus
780 3553 902 3619 Dei
947 3557 1213 3641 possunt
1254 3551 1578 3640 proficere,
1631 3558 1769 3619 tota
1813 3553 2010 3619 animi
2054 3553 2402 3620 intentione
2448 3552 2528 3619 ad

206 3664 603 3748 repellendam
648 3668 811 3736 hanc
854 3671 1152 3736 iniuriam
1198 3675 1262 3736 et
1304 3670 1757 3756 protegendam
1801 3669 2170 3737 aecclesiam
2217 3691 2398 3737 suam
2427 3690 2529 3736 as-

208 3789 496 3869 surgeret,
553 3806 682 3853 non
733 3786 1022 3854 defuturo
1070 3786 1129 3853 ei
1174 3791 1427 3853 nostrae
1473 3787 1807 3872 parvitatis
1853 3787 2113 3854 consilio
2161 3793 2224 3854 et
2269 3787 2523 3854 auxilio.

209 3888 374 3964 Vobis
420 3921 663 3988 quoque
708 3910 773 3970 et
815 3905 935 3970 toti
979 3910 1233 3971 sanctae
1277 3904 1469 3970 matri
1513 3910 1767 3971 nostrae
1812 3903 2342 3971 Patherbornensi
2389 3923 2528 3971 aec-

207 4007 407 4082 clesiae
446 4025 729 4086 nostram
755 4019 1139 4106 facultatem,
1188 4020 1736 4108 quantulacunque
1751 4021 1774 4058 ¹·
1807 4027 1904 4089 est
1932 4022 2173 4105 ingenii
2202 4026 2264 4087 et
2292 4040 2525 4108 rerum,

208 4121 445 4200 fideliter
488 4142 551 4202 et
595 4136 819 4204 devote
866 4135 1185 4204 offerimus
1231 4137 1299 4203 in
1343 4137 1462 4204 hac
1505 4138 1913 4206 tribulatione
1960 4144 2024 4205 et
2054 4139 2124 4203 in
2165 4137 2356 4219 omni,
2406 4155 2524 4220 que

210 4260 301 4310 vos
342 4270 565 4318 vexare
612 4255 1039 4339 temptaverit,
1088 4254 1412 4321 vobiscum
1458 4255 1919 4342 participanda.
2004 4254 2299 4320 Ceterum
2343 4258 2525 4339 pater

211 4357 264 4417 et
312 4356 587 4433 dominus
644 4376 858 4437 noster
912 4371 1245 4459 episcopus
1293 4371 1373 4437 ad
1419 4373 1884 4456 suggestionem
1929 4376 2211 4438 nostram
2256 4370 2524 4453 benigne

334 4521 374 4556 a.
412 4513 610 4562 eiusdem
641 4517 709 4564 ὀίε
740 4519 904 4581 legitur
934 4524 979 4567 in
1013 4522 1117 4568 cod.
1239 4521 1284 4568 b.
1327 4522 1766 4583 quantulamcunque
1798 4524 1900 4570 cod.

335 4606 382 4658 1.
417 4606 535 4664 lsai.
562 4611 646 4679 56,
676 4613 762 4667 10.
903 4616 953 4670 2.
991 4615 1193 4672 Ezeeh.
1225 4618 1308 4687 13,
1333 4618 1385 4673 5.

298 4700 445 4754 ami.
475 4708 757 4754 Bibliotheca
788 4712 822 4756 1.
2028 4716 2095 4770 13
