3319 5242
1089 1318 1808 1418 PROOEMIUM.

281 1694 406 1803 Ex
460 1727 760 1803 assidua
811 1729 1264 1828 repetitaque
1314 1752 1583 1823 earum,
1642 1751 1828 1827 quae
1864 1728 2138 1804 fontem
2175 1749 2626 1823 cognoscen-

282 1869 533 1947 darum
584 1896 830 1946 rerum
884 1878 1248 1969 gestarum
1303 1873 1698 1965 continent,
1755 1872 2157 1947 litterarum
2203 1870 2631 1947 tractatione

284 2021 628 2112 quantum
684 2021 1022 2091 nascatur
1077 2017 1436 2109 utilitatis,
1495 2015 1901 2115 quibusque
1955 2015 2177 2110 igitur
2230 2013 2633 2090 rationibus

286 2158 580 2233 omnino
635 2159 987 2258 impulsus
1026 2160 1265 2237 denuo
1304 2166 1552 2236 vetera
1586 2159 1865 2260 patriae
1903 2162 2370 2235 monumenta
2405 2157 2631 2233 histo-

284 2302 430 2377 rica
485 2302 941 2402 susceperim
992 2304 1421 2401 colligenda,
1480 2325 1911 2403 expromere
1953 2326 2119 2378 cum
2154 2324 2292 2377 nec
2329 2299 2506 2376 mihi
2544 2300 2638 2375 sit

285 2444 355 2519 in
392 2445 643 2522 animo
680 2469 819 2522 nec
856 2446 1113 2523 lectori
1140 2447 1574 2544 intelligenti
1600 2446 2115 2538 necessarium,
2153 2444 2408 2545 paucis
2438 2467 2635 2520 com-

286 2612 692 2666 memorare
748 2590 920 2667 satis
975 2590 1231 2684 habeo,
1291 2615 1506 2691 quam
1562 2590 1653 2667 ad
1707 2613 2035 2667 normam
2086 2595 2166 2665 ut
2199 2587 2641 2665 bibliotheca

287 2732 559 2810 haecce
616 2733 1049 2829 dirigeretur
1103 2735 1480 2835 placuerit.
1566 2734 2036 2834 Amplissimo
2081 2734 2276 2809 enim
2311 2733 2418 2807 illi
2476 2756 2638 2810 cor-

286 2877 468 2975 pori,
528 2876 724 2974 quod
770 2878 1189 2954 inscribitur
1234 2879 1745 2972 „Monumenta
1779 2876 2208 2953 Germaniae
2246 2876 2632 2952 historica“

290 3021 644 3120 cuiusque
701 3021 965 3097 edendi
1021 3023 1298 3098 socium
1348 3020 1770 3122 complures
1808 3042 2039 3096 annos
2075 3043 2192 3096 me
2229 3021 2453 3097 fuisse
2489 3019 2639 3094 lae-

291 3167 433 3256 tor,
511 3189 679 3239 cum
748 3188 836 3240 ea
902 3166 996 3240 sit
1062 3166 1180 3240 lex
1249 3169 1547 3256 statuta,
1632 3169 1713 3238 ut
1778 3186 1927 3238 non
1997 3162 2214 3239 modo
2286 3162 2641 3261 quinque-

292 3306 635 3404 partitum
670 3308 745 3382 in
778 3307 1210 3407 ScriptoreS,
1260 3307 1517 3404 LegeS,
1553 3306 1940 3406 EpistolaS,
1970 3305 2402 3406 Diplomata,
2433 3306 2642 3381 Anti·

296 3450 606 3547 quitates
674 3457 1241 3550 proponeretur,
1325 3474 1576 3527 verum
1662 3450 1878 3526 etiam
1958 3450 2307 3549 temporis
2391 3449 2645 3526 ordine

296 3592 679 3669 observato
735 3598 957 3670 totam
1009 3593 1383 3669 materiem
1428 3616 1630 3669 suam
1670 3592 2007 3691 quodque
2048 3592 2446 3669 eorundem
2481 3593 2643 3669 illo-

294 3758 454 3811 rum
513 3737 756 3836 operis
811 3736 1298 3813 membrorum
1368 3734 2051 3836 comprehenderet,
2123 3736 2413 3812 circiter
2469 3759 2645 3836 qua-

297 3877 630 3975 draginta
681 3885 850 3980 post
903 3880 1110 3955 annis
1153 3879 1227 3955 id
1285 3879 1619 3955 evenisse
1659 3878 2007 3969 videmus,
2064 3884 2143 3954 ut
2197 3901 2288 3954 ex
2327 3878 2647 3977 quinque

295 4021 623 4119 partibus
679 4022 980 4098 duarum
1032 4024 1177 4098 iam
1225 4021 1482 4123 perdiu
1525 4022 2013 4122 inceptarum:
2074 4020 2524 4121 Scriptorum
2579 4027 2652 4096 et

296 4161 597 4260 Legum,
651 4189 893 4264 neque
950 4189 1093 4241 una
1147 4165 1379 4241 adhuc
1434 4189 1674 4264 neque
1733 4165 1957 4241 altera
2008 4164 2330 4264 perfecta
2384 4165 2497 4257 sit,
2565 4187 2649 4241 ac

298 4306 740 4405 reliquarum
806 4309 1119 4409 partium
1182 4310 1398 4384 trium
1477 4332 1572 4383 ne
1651 4309 1936 4384 initium
2020 4307 2311 4405 quidem
2378 4313 2645 4383 natum.

298 4447 554 4549 Neque
611 4474 759 4543 eoS,
817 4452 940 4550 qui
998 4452 1403 4548 gratissimo
1448 4452 1838 4528 Boehmeri
1878 4450 2236 4526 beneficio
2276 4450 2650 4541 debentur,
