3319 5242
555 606 697 662 1152

732 441 865 510 542
1486 459 1786 507 wmanm
1827 457 2161 507 semrom
2203 457 2313 506 404.

909 599 1307 668 Mendacium
1350 621 1499 668 vero
1558 600 1716 667 illud
1771 605 1834 667 et
1876 599 2092 667 fabula
2133 598 2442 683 heretica,
2501 598 2570 665 in
2615 618 2745 684 qua
2785 598 3065 680 refertur,

731 716 1213 784 Constantinum
1243 716 1549 784 Silvestro
1578 716 1936 803 imperialia
1966 716 2331 803 symoniace
2359 716 2766 799 concessisse,
2810 716 2881 781 in
2910 714 3067 781 Urbe

729 834 825 900 ita
878 833 1124 900 detecta
1180 839 1307 919 est,
1366 839 1440 900 ut
1495 832 1689 900 etiam
1744 833 2160 900 mercennarii
2207 836 2272 899 et
2314 832 2721 900 mulierculae
2764 830 3072 916 quoslibet

732 950 924 1016 etiam
969 949 1364 1017 doctissimos
1409 969 1600 1037 super
1641 949 1763 1016 hoc
1806 948 2212 1032 concludant,
2269 954 2333 1016 et
2377 948 2581 1015 dictus
2599 945 2618 976 ¹
2661 942 3071 1035 apostolicus²

730 1084 874 1132 cum
903 1067 1033 1132 suis
1063 1065 1484 1133 cardinalibus
1512 1067 1581 1131 in
1610 1065 1866 1132 civitate
1895 1085 2011 1152 pre
2042 1065 2281 1151 pudore
2312 1085 2618 1152 apparere
2644 1084 2772 1130 non
2793 1064 3024 1131 audeat
3033 1074 3071 1129 ·.

731 1179 1055 1267 Siquidem
1097 1187 1352 1250 sanctus
1386 1180 1767 1266 Meliciades,
1813 1182 2015 1248 sancti
2047 1180 2336 1248 Silvestri
2379 1181 2808 1267 predecessor,
2858 1182 2930 1247 in
2972 1179 3074 1246 de-

728 1299 917 1365 cretis
961 1293 1126 1365 suis⁸
1172 1298 1656 1366 Constantinum
1703 1317 1842 1365 esse
1883 1297 2279 1383 baptizatum
2324 1297 2570 1382 asserit,
2616 1297 2867 1364 dicens:
2927 1295 3074 1363 Cum

727 1418 891 1481 {anter
933 1417 1207 1482 turbineo
1249 1419 1476 1482 mundi
1516 1429 1920 1482 succresceret
1960 1417 2279 1497 aecclesia,
2329 1416 2416 1480 ad
2445 1437 2513 1480 eo
2545 1436 2743 1500 mque
2762 1418 3069 1501 pervenit,

727 1544 800 1598 ut
853 1532 1134 1599 Romani
1179 1536 1507 1620 principes
1562 1534 1650 1597 ad
1689 1533 1888 1616 fidem
1932 1531 2166 1598 Christi
2218 1546 2275 1600 et
2329 1533 2630 1618 baptismi
2679 1544 3073 1597 sacramanta

730 1662 1193 1726 concurr-eren&
1240 1652 1316 1715 de
1362 1650 1586 1736 quibus
1627 1652 1731 1713 vir
1773 1649 2304 1735 relliyiosissimus
2343 1646 2785 1713 Constantinus
2822 1650 3072 1734 pfimus

713 1766 912 1849 fidem
952 1768 1231 1830 veritam}
1277 1778 1367 1831 cst
1409 1767 1689 1852 adeptum
1768 1763 2133 1850 Tripartita·
2159 1764 2353 1831 etiam
2396 1762 2700 1849 hystoria,
2749 1782 2919 1846 eum,
2967 1782 3071 1828 an·

729 1885 985 1966 tequam
1024 1898 1326 1965 umquam
1357 1880 1495 1967 ipse
1523 1881 1871 1967 imperator
1897 1881 2220 1948 civitatem
2259 1879 2611 1963 intraverit,
2658 1877 3070 1946 christianum

728 1995 943 2079 fuisse,
987 2000 1278 2063 testatur.

907 2111 1078 2191 Quae
1121 2112 1363 2198 loquor,
1410 2111 1734 2179 attendite.
1802 2110 1997 2195 Esau,
2042 2132 2172 2178 non
2214 2111 2385 2179 domi
2420 2129 2679 2194 vacans,
2724 2110 3068 2177 elementa⁵

729 2228 961 2295 matris
1007 2233 1073 2295 et
1127 2228 1389 2296 consilia
1439 2228 1770 2314 ignorans,
1828 2228 2145 2297 silvestria
2197 2232 2452 2314 petens,
2511 2226 2552 2293 a
2602 2246 2749 2294 ceco
2795 2233 3069 2310 vocatus,

729 2365 929 2430 usque
970 2363 1139 2410 nunc
1183 2349 1354 2411 caret
1386 2345 1749 2431 promissis;
1796 2345 1981 2413 Iacob
2023 2364 2193 2428 vero,
2238 2343 2429 2409 matri
2458 2342 2777 2427 obediens,
2824 2343 2974 2409 colli
3014 2349 3072 2409 ct

727 2481 954 2528 manus
997 2456 1200 2526 nuda⁴
1247 2459 1588 2527 domestico
1633 2460 2112 2549 disciplinarum
2157 2460 2431 2543 tegmine
2476 2463 2727 2542 tegens,
2775 2480 2873 2543 ea,
2921 2479 3071 2545 quae

729 2583 911 2645 cecus
957 2576 1232 2644 silvestri
1275 2577 1587 2663 promisit,
1633 2576 1848 2644 divino
1886 2582 2045 2645 nutu
2075 2575 2406 2663 subripuit.
2467 2574 2926 2663 Imperatorem
2953 2595 3072 2642 non

730 2693 1083 2761 silvestrem
1151 2697 1249 2760 set
1313 2692 1525 2777 legum
1589 2695 1867 2780 peritum
1925 2693 2152 2761 debere
2208 2712 2343 2759 esse
2356 2743 2376 2776 ,
2433 2696 2703 2759 testatur
2762 2692 3071 2759 Iulianus⁶

730 2810 1074 2896 imperator
1116 2810 1184 2876 in
1226 2810 1432 2896 primo
1478 2811 1759 2876 omnium
1802 2809 2015 2895 legum
2059 2809 2248 2892 dicto,
2296 2807 2538 2875 dicens:
2589 2808 3075 2896 Imperator-ima

723 2929 1107 2993 maiestatem
1149 2949 1279 2992 non
1322 2927 1548 2999 solum,
1569 2930 1765 2992 armis
1811 2930 2168 2995 decoratam
2210 2939 2302 2993 set
2346 2928 2532 2991 etiam
2566 2926 2805 3012 Zeqibus
2839 2937 3075 3013 oportet

730 3066 858 3110 esse
900 3056 1243 3123 armatam,
1291 3056 1363 3109 ut
1401 3055 1735 3130 utrumque
1775 3058 2047 3131 tempus,
2110 3055 2166 3109 et
2209 3042 2511 3107 bellorum
2557 3054 2613 3107 et
2650 3045 2871 3129 pacis,
2917 3056 3073 3130 recte

720 3164 929 3248 possit
967 3153 1363 3247 quom-navi&
1457 3158 1633 3225 Idem
1678 3158 1900 3243 etiam,
1958 3157 2124 3225 unde
2166 3157 2462 3244 princeps
2507 3155 2830 3224 Romanus
2876 3159 3072 3244 impe-

729 3296 874 3343 rare
920 3279 985 3342 et
1026 3274 1196 3359 leges
1241 3274 1508 3342 condere
1552 3274 1801 3359 habeat,
1846 3274 2035 3361 paulo
2079 3278 2227 3360 post
2270 3272 2578 3354 ostendit3
2637 3278 2734 3340 set
2779 3279 2865 3358 et,
2914 3272 3075 3359 quod

729 3391 1006 3479 principi
1046 3390 1319 3478 placuit,
1363 3390 1520 3475 legis
1564 3389 1796 3458 habeat
1839 3391 2117 3474 vigorem
2165 3393 2229 3457 et
2274 3409 2498 3475 quare,
2545 3388 2888 3473 subinfert,
2936 3409 3075 3456 cum

728 3507 1002 3595 populus
1048 3506 1109 3573 ei
1153 3511 1217 3573 et
1258 3507 1328 3572 in
1359 3526 1515 3573 ‘eum
1561 3525 1745 3573 omne
1789 3528 1976 3573 suum
2019 3506 2357 3593 imperium
2402 3510 2468 3572 et
2509 3510 2893 3591 potestatem
2932 3525 3076 3573 con-

730 3623 939 3691 cessit.
1121 3622 1232 3689 Set
1274 3642 1420 3689 cum
1463 3622 1801 3709 imperium
1846 3628 1911 3690 et
1953 3623 2157 3690 omnis
2201 3622 2298 3688 rei
2340 3620 2631 3709 publicae
2676 3621 2952 3705 dignitas
2995 3623 3077 3687 sit

729 3737 1190 3823 Romanorum,
1249 3743 1312 3806 et
1366 3738 1518 3804 dum
1573 3739 1918 3826 imperator
1974 3738 2060 3805 sit
2111 3737 2537 3805 Romanorum
2551 3787 2570 3822 ,
2627 3757 2756 3803 non
2810 3736 3075 3804 Romani

730 3855 1165 3944 imperatoris,
1223 3855 1388 3940 quod
1443 3860 1741 3939 sequatur
1790 3854 2330 3922 considerantibus
2378 3903 2614 3921 ......
2620 3853 2644 3889 ‘¹
2735 3852 2909 3932 Quae
2954 3853 3074 3935 lex,

731 3993 893 4061 quae
939 3972 1101 4040 ratio
1148 3976 1436 4039 senatum
1480 3970 1907 4057 populumque
1950 3970 2272 4057 prohibet,
2330 3989 2545 4037 creare
2587 3969 3073 4056 imperatorem?

872 4139 914 4172 ι.
930 4125 1127 4188 audeant
1147 4142 1187 4171 c.
1247 4122 1292 4170 b.
1316 4141 1376 4168 aa
1398 4122 1734 4169 delenimenta?
1801 4136 1853 4169 ο,
1867 4126 1934 4170 sic
1949 4140 2035 4182 pro
2058 4122 2349 4169 lastinianus-
2427 4121 2473 4168 d.
2494 4123 2622 4182 potet
2641 4122 2870 4168 excidisse
2888 4122 3071 4168 videar.

877 4213 929 4268 1.
963 4212 1000 4267 i.
1026 4227 1074 4267 e.
1113 4224 1278 4280 quem
1315 4208 1510 4264 dicunt
1546 4206 1667 4275 (der
1689 4210 2067 4279 sogenannte).
2212 4210 2264 4263 2.
2299 4207 2586 4276 Eugenius
2612 4206 2719 4276 1113
2756 4222 2924 4276 quem
2960 4210 3071 4263 toto

732 4298 849 4357 fere
884 4316 1027 4356 anno
1065 4300 1204 4354 1152
1240 4296 1464 4368 Signiae
1500 4296 1790 4366 Albaeque
1826 4295 2013 4362 fuisse,
2049 4296 2251 4365 dieque
2286 4296 2320 4350 9
2352 4294 2675 4350 Decembris
2709 4294 2936 4350 demum
2974 4296 3073 4350 Bo-

735 4405 878 4446 mam
914 4404 1195 4444 reversum
1231 4403 1377 4454 esse,
1415 4384 1618 4441 docent
1652 4400 1795 4454 quae
1830 4385 1982 4442 edidi
2017 4385 2260 4453 Reg'esta
2293 4387 2447 4450 pont.
2470 4382 2628 4437 Rom.
2663 4397 2721 4453 p.
2746 4382 3069 4437 645—648.

733 4479 788 4535 3.
834 4474 1434 4533 Pseudo-Isidorianis.
1480 4474 1549 4530 V.
1574 4473 1894 4529 Decretales
1937 4474 2028 4528 Ps.
2044 4470 2207 4527 -lsid,
2242 4470 2331 4527 ed.
2367 4470 2668 4527 Hinschius
2712 4486 2771 4542 p.
2793 4473 2922 4528 247.
2951 4471 3065 4528 248.

733 4566 788 4622 4.
835 4564 920 4624 cf.
956 4565 1155 4622 Genea.
1180 4564 1267 4634 27,
1295 4564 1380 4618 16.
1523 4562 1577 4618 5.
1614 4562 1858 4618 Institut.
1882 4563 2134 4618 Prooem.
