3319 5242
486 3031 598 3081 Dec.
623 3034 684 3080 10

484 4437 580 4486 Dec

721 420 855 489 240
1475 438 1775 486 wmALm
1816 436 2147 486 nns‘rom
2192 435 2297 483 ιω.

548 587 686 708 ἓξ»
721 581 1154 765 contingbapt,
1212 600 1373 667 quae
1425 600 1540 648 nos
1596 581 1679 647 ad
1731 582 2014 666 regimen
2067 581 2352 667 ipsorum
2405 577 2736 644 favorabili
2752 587 2773 613 ·
2831 575 3058 644 affectu

720 711 921 766 mvita
964 719 1045 764 an
1077 748 1091 763 .

583 4441 681 4486 ‚11

896 814 989 880 At
1041 834 1188 881 vero
1235 813 1522 881 dominus
1566 817 1783 879 noster
1826 833 1941 879 rex
1982 812 2297 898 frequenti
2340 810 2618 878 iussione
2661 829 2780 876 nos
2826 809 2915 875 ad
2957 828 3063 875 cu-

720 930 882 996 riam
912 950 1092 997 suam
1120 929 1402 1015 vocabat,
1447 931 1726 1014 graviter
1754 948 2146 1012 succensens,
2194 927 2361 1013 quod
2388 926 2692 995 aecclesia
2721 924 3066 992 Corbeien-

722 1048 828 1131 sis,
886 1067 1013 1114 non
1056 1047 1371 1113 modicum
1416 1045 1712 1113 videlicet
1752 1046 1933 1130 regni
1978 1046 2076 1112 sui
2120 1044 2493 1129 membrum,
2539 1048 2759 1110 nostra
2789 1041 2915 1123 yel
2957 1061 3070 1108 ne-

720 1161 1019 1247 gligentia
1063 1163 1164 1229 vel
1205 1163 1503 1230 tarditate
1548 1161 1980 1230 collaberetur.
2040 1161 2342 1229 Venimus
2386 1161 2601 1246 itaque
2644 1159 2725 1226 ad
2756 1159 3074 1246 oppidum

563 1306 628 1338 00.
719 1277 1192 1346 Frankenevort
1244 1282 1286 1347 5
1332 1280 1477 1346 Idus
1522 1278 1922 1363 Decembris,
1979 1278 2301 1345 credentes
2315 1327 2334 1362 ,
2393 1277 2716 1343 dominum
2769 1282 3074 1343 nostrum

719 1416 932 1479 regem
977 1395 1210 1462 ibidem
1257 1416 1413 1480 esse,
1460 1396 1626 1462 sicut
1666 1396 1805 1483 ipse
1846 1394 2028 1462 nobis
2056 1414 2172 1482 per
2201 1395 2460 1461 nuncios
2490 1399 2556 1460 et
2583 1393 2833 1459 litteras
2865 1393 3076 1477 signi-

717 1509 1044 1595 ficaverat3
1093 1517 1158 1579 et
1199 1512 1552 1579 invenimus
1592 1511 1683 1578 ibi
1713 1511 2121 1579 Corbeienses
2150 1511 2511 1595 monachos,
2556 1509 2818 1576 clericos
2850 1515 2925 1576 et
2956 1508 3080 1576 lai-

718 1647 821 1695 cos
879 1648 1006 1695 non
1048 1646 1283 1715 paucos
1296 1678 1315 1713 ,
1377 1629 1486 1714 qui
1527 1648 1643 1715 pro
1691 1649 1808 1695 sua
1853 1628 2155 1696 electione
2202 1626 2541 1695 obtinenda
2584 1627 2867 1692 omnium
2922 1625 3080 1693 reli-

718 1764 985 1829 quorum
1039 1745 1337 1811 mandato
1395 1750 1458 1812 et
1510 1746 1870 1812 testimonio
1924 1746 2326 1812 advenerant.
2506 1743 2866 1810 Didicimus
2917 1749 3085 1810 tunc

719 1861 990 1945 quodam
1035 1880 1205 1945 casu,
1251 1881 1394 1928 cum
1432 1862 1551 1928 hoc
1578 1861 1819 1929 nollent
1847 1860 2274 1945 Corbeienses,
2320 1860 2620 1927 domnum
2649 1859 2834 1926 illum
2866 1858 3085 1927 Hein-

718 1977 918 2043 ricum
989 1976 1196 2043 adisse
1262 1976 1474 2044 domni
1539 1998 1744 2065 papae
1811 1997 1926 2064 pro
1996 1998 2111 2045 sua
2174 1976 2580 2044 restitucione
2647 1978 3085 2062 presentiam.

720 2090 965 2170 Quanto
1017 2099 1191 2159 metu
1245 2114 1319 2160 ac
1375 2092 1588 2161 dolore
1645 2092 1854 2161 affecti
1905 2094 2207 2160 fuerimus
2221 2144 2239 2179 ,
2297 2113 2693 2178 nequaquam
2738 2092 3091 2180 explicare

717 2207 926 2275 verbis
980 2228 1332 2295 possumus.
1404 2211 1797 2277 Tenebamur
1850 2210 2228 2294 obligatione
2274 2210 2472 2276 divini
2514 2210 2794 2296 precepti
2808 2258 2831 2293 ,
2897 2211 3092 2296 quod

717 2345 833 2411 per
876 2345 946 2391 os
991 2326 1260 2392 fratrum
1298 2325 1764 2393 Stabulensium
1809 2347 2268 2414 acceperamus,
2318 2327 2612 2411 quatinus
2657 2325 2737 2391 ad
2781 2329 3094 2394 vocatio-

717 2462 865 2507 nem
909 2440 1381 2509 Corbeiensium
1431 2447 1614 2529 cepto
1657 2443 1884 2511 itinere
1926 2443 2438 2530 procederemus3
2494 2440 2833 2509 resistebat
2878 2444 3097 2512 nobis

718 2558 879 2624 ratio
924 2563 1161 2644 nostra,
1209 2563 1272 2626 et
1316 2558 1675 2627 deterrebat
1715 2579 1831 2626 nos
1866 2580 1993 2627 non
2023 2558 2435 2647 inprobabilis
2465 2558 2847 2643 coniectura,
2897 2561 3099 2646 quod

717 2674 1044 2761 inpingere
1088 2696 1416 2762 possemus
1460 2678 1530 2743 in
1556 2676 1906 2744 Romanam
1952 2677 2319 2744 aecclesiam
2363 2681 2429 2744 et
2469 2676 2746 2760 graviter
2788 2676 2918 2743 sub
2963 2699 3100 2766 po-

716 2791 877 2857 tenti
932 2812 1122 2858 manu
1177 2791 1419 2876 collidi,
1476 2793 1533 2859 si
1584 2813 1841 2860 causam
1887 2792 2359 2860 Corbeiensium
2401 2797 2743 2859 retractare
2789 2792 3099 2862 domnus

717 2928 886 2995 papa
927 2908 1265 2975 insisteret.
1337 2907 1669 2975 Doluimus
1718 2915 1781 2976 et
1823 2908 2130 2994 flevimuS,
2176 2915 2242 2977 et
2284 2909 2451 2976 male
2494 2908 2675 2976 nobis
2722 2915 2882 2975 erat,

892 3024 1020 3090 Ad¹
1054 3025 1329 3111 primum
1385 3046 1532 3109 ergo
1587 3026 1907 3113 pullorum
1963 3030 2246 3108 cantum,
2304 3045 2447 3091 cum
2505 3025 2857 3092 dormirent
2912 3026 3105 3096 Cor-

716 3138 1030 3225 beienses,
1089 3160 1204 3207 nos
1262 3141 1427 3206 clam
1471 3142 1874 3227 recessimus,
1933 3147 2290 3228 speranteS,
2350 3142 2516 3227 quod
2559 3141 2628 3207 in
2672 3146 3102 3212 monasterio

716 3253 1186 3324 Laurisamensi
1231 3258 1556 3323 dominum
1598 3263 1886 3324 nostrum
1931 3278 2175 3342 regem,
2224 3259 2387 3324 sicut
2431 3258 2510 3325 ab
2552 3258 2692 3344 ipso
2735 3277 2854 3344 per
2898 3280 3103 3328 nun-

718 3371 884 3437 cium
952 3393 1422 3460 acceperamus,
1486 3373 1770 3441 invenire
1837 3395 2162 3462 possemus
2233 3379 2296 3440 et
2360 3373 2569 3460 aliquo
2634 3373 2823 3439 modo
2889 3380 3107 3463 apud

718 3488 928 3575 ipsum
985 3493 1299 3573 satagere,
1360 3489 1417 3555 si
1473 3490 1636 3556 forte
1680 3490 1970 3558 voluntas
2014 3490 2138 3557 Dei
2183 3495 2379 3575 esset,
2437 3495 2511 3556 ut
2552 3489 2887 3556 Corbeiam
2940 3513 3105 3561 non

716 3605 1206 3691 perveniremus.
1391 3606 1823 3692 Sequebantur
1878 3627 1992 3673 nos
2039 3606 2445 3673 Corbeienses
2503 3606 2667 3672 facto
2726 3626 2919 3673 mane
2976 3611 3107 3678 in-

718 3720 990 3804 dignati3
1050 3741 1124 3788 ac
1168 3722 1536 3809 disponente
1581 3724 1748 3808 Deo,
1795 3724 2094 3822 domnum
2139 3743 2383 3807 regem,
2432 3727 2768 3807 antequam
2813 3723 2897 3788 ad
2952 3746 3101 3795 nos

716 3837 1107 3923 perveniret,
1164 3839 1230 3905 in
1276 3840 1381 3906 via
1425 3840 1678 3908 obvium
1735 3839 2107 3906 habuerunt.
2172 3838 2259 3905 Et
2313 3839 2463 3905 totis
2520 3839 2757 3922 ingenii
2813 3839 3104 3912 viribus

719 3953 887 4039 apud
940 3953 1140 4039 ipsius
1193 3957 1739 4024 mansuetudinem
1796 3962 2085 4040 egerunt,
2145 3976 2225 4022 ne
2279 3957 2451 4042 ipsos
2504 3974 2617 4041 spe
2662 3975 2777 4021 sua
2820 3961 2887 4022 et
2939 3959 3102 4027 ele-

719 4071 923 4137 ctione
980 4091 1209 4138 vacuos
1269 4078 1332 4140 et
1389 4073 1504 4140 sub
1564 4073 1827 4160 ancipiti
1883 4071 2160 4160 periculo
2218 4073 2590 4139 constitutos
2636 4071 2702 4137 in
2749 4091 2818 4137 se
2865 4076 3102 4143 confi-

718 4186 935 4254 dentes
981 4188 1344 4256 dimitteret.
1416 4189 1787 4256 Consolatus
1835 4193 1933 4256 est
1977 4210 2081 4255 eos
2127 4188 2424 4272 benigne;
2483 4193 2547 4254 et
2591 4187 2809 4274 plenos
2856 4188 3101 4262 bonae

716 4305 1149 4389 promissionis
1192 4306 1344 4372 fecit
1385 4305 1694 4393 hospitari
1740 4325 1950 4372 secum
1995 4306 2065 4371 in
2108 4306 2261 4372 villa
2293 4304 2609 4373 Winheim
2642 4305 3003 4374 nominata.

895 4421 1016 4487 Die
1059 4422 1343 4490 insecuta
1385 4441 1521 4508 nos,
1567 4442 1694 4489 non
1741 4419 1943 4488 solum
1988 4424 2195 4488 vocati
2241 4427 2339 4508 set
2383 4423 2574 4488 etiam
2617 4441 2732 4509 per
2772 4419 2978 4491 fidem
3012 4433 3101 4495 et

862 4577 902 4610 a.
943 4564 1132 4611 favorali
1161 4583 1200 4612 c.
