3319 5242
746 454 879 521 512
1504 466 1802 515 wrsALm
1843 461 2175 513 sprsvrom
2219 461 2326 509 εει.

577 619 713 674 1152
748 627 922 695 sunt,
982 634 1310 699 nunquam
1363 612 1701 676 benedictio
1755 612 1889 674 mhi
1940 612 2009 673 in
2067 609 2169 672 die
2221 605 2698 670 resurrectionnis
2742 601 3083 666 dominicae

592 693 699 741 usi.

749 731 1083 811 tribuatur,
1132 732 1237 794 cui
1277 754 1321 794 a
1361 748 1611 816 vespere
1666 725 1915 791 sabbati
1976 725 2241 788 inicium
2308 733 2549 786 constat
2598 719 2870 794 ascribi,-
2942 739 3090 803 quae

752 850 941 914 tantu&
972 848 1332 912 divinarum
1367 847 1905 931 dispensationum
1932 842 2229 905 muster-iis
2260 851 2351 904 est
2378 848 2758 916 consecrata,
2795 847 2889 916 ut,
2924 837 3088 920 quic-

755 966 941 1050 quid·
974 968 1014 1027 ά
1044 963 1324 1028 Domino
1353 964 1668 1047 insiqnius
1698 973 1788 1026 est
1830 961 2247 1037 constitutum,
2295 959 2366 1021 in
2406 956 2590 1020 huius
2621 953 2756 1017 diei
2796 953 3096 1038 diynitate

753 1083 837 1146 sit
873 1093 1130 1166 yestum.
1202 1078 1283 1143 In
1326 1078 1444 1143 hac
1486 1078 1760 1142 mundus
1802 1076 2070 1162 sumpsit
2098 1075 2445 1152 exordium,
2494 1073 2566 1135 in
2595 1070 2714 1134 hac
2733 1091 2866 1156 per
2892 1089 3096 1132 reem·-

753 1200 1085 1262 rectionem
1115 1193 1348 1260 Chresti
1392 1207 1448 1260 et
1488 1216 1658 1258 mors
1704 1195 2021 1258 interitum
2066 1203 2125 1256 et
2166 1193 2298 1255 vita
2331 1190 2572 1274 accepit
2600 1189 3050 1251 incrementum»
3064 1176 3096 1245 ¹.

932 1310 1235 1398 Princeps
1280 1304 1536 1376 noster²
1558 1308 1789 1375 bonam
1835 1307 1913 1373 de
1947 1326 2016 1373 se
2045 1304 2431 1374 merentibus
2462 1302 2601 1390 spei
2628 1299 2934 1368 fiduciam
2962 1317 3096 1384 pre-

757 1433 903 1496 stat.
1063 1426 1183 1506 Qui
1227 1445 1459 1511 magna
1500 1445 1646 1492 cum
1693 1423 2115 1492 benivolentia
2158 1426 2224 1488 et
2263 1418 2650 1487 iocunditate
2678 1413 2973 1485 beneficii
3000 1434 3097 1480 ve-

760 1546 878 1613 stri
921 1543 1320 1629 recordatur,
1383 1542 1552 1628 quod
1596 1542 1654 1608 ei
1699 1541 1896 1626 gratis
1957 1545 2022 1607 et
2066 1538 2206 1626 plus
2255 1557 2442 1623 quam
2487 1535 2686 1619 gratis
2730 1532 2802 1598 in
2849 1531 2984 1598 suis
3027 1528 3102 1597 ad

759 1661 1014 1748 imperii
1057 1659 1305 1726 culmen
1348 1657 1749 1747 provectibus
1807 1655 2211 1739 exhibuistis,
2270 1658 2335 1720 et
2388 1650 2789 1740 postmodum
2852 1648 2923 1714 in
2981 1646 3105 1713 suis

763 1777 1127 1865 primordiis
1176 1774 1482 1860 singulari
1533 1772 1658 1841 fide
1711 1780 1775 1840 et
1818 1772 2172 1840 constantia
2230 1770 2312 1837 ad
2352 1769 2449 1836 rei
2502 1765 2831 1856 publicae*
2880 1771 2947 1830 et
3000 1782 3107 1829 sua

766 1893 1189 1961 emolumenta
1230 1889 1661 1958 indeficienter
1707 1890 2016 1956 astitistis.
2093 1887 2246 1955 Inde
2292 1890 2420 1969 est,
2468 1884 2636 1971 quod
2678 1901 2949 1966 regnum
2994 1877 3109 1944 Lo-

765 2009 1117 2093 tharingiae
1162 2012 1440 2073 vestrum
1487 2014 1614 2091 est,
1675 2010 1739 2073 et
1792 2026 1908 2093 per
1963 2010 2239 2071 vestram
2297 1999 2725 2089 provisionem
2784 2004 2850 2064 et
2893 2016 3105 2083 opera-

766 2127 1004 2193 tionem
1050 2128 1276 2190 cuncta
1320 2123 1652 2210 disponere
1697 2121 1972 2189 intendit
1981 2115 2021 2186 ⁸.
2093 2118 2340 2185 Fideles
2382 2117 2728 2184 monitores
2758 2133 2956 2200 super
3000 2112 3109 2177 hac

767 2263 837 2310 re
892 2247 1041 2308 sunt
1093 2235 1537 2307 cancellarius⁴
1579 2245 1646 2305 et
1701 2238 1986 2304 notarius
2002 2232 2046 2320 ³,
2093 2234 2389 2323 oportuni
2444 2252 2598 2300 sane
2654 2235 2919 2318 propter
2964 2248 3109 2315 quo-

767 2358 1037 2425 rundam
1079 2356 1383 2423 laicorum
1428 2355 1896 2422 oblatrationes.

946 2473 1043 2541 De
1088 2471 1345 2539 castello
1358 2521 1377 2555 ‚
1434 2471 1601 2557 quod
1655 2491 1858 2557 nuper
1913 2466 2183 2553 gloriose
2238 2464 2652 2554 expugnastis
2667 2513 2686 2547 ‚
2742 2463 2899 2529 licet
2939 2460 3109 2527 vobis

772 2590 1005 2677 absque
1049 2589 1260 2673 regiae
1304 2587 1533 2655 mentis
1580 2584 1838 2672 offensa,
1883 2584 2181 2672 quicquid
2225 2580 2806 2650 commodissimum
2855 2584 2974 2662 est,
3020 2597 3111 2643 or·

770 2706 1007 2775 dinare.

950 2822 1197 2889 Parcite
1225 2819 1582 2887 Prumiensi
1613 2818 1847 2903 abbati,
1891 2838 1970 2884 ne
2012 2837 2269 2884 serenus
2305 2818 2606 2898 augustus
2636 2814 2705 2879 in
2736 2811 2950 2879 Deum
2979 2830 3114 2898 pec·

771 2944 874 3008 cet
918 2958 1062 3006 cum
1106 2957 1257 3004 suae
1299 2936 1508 3004 famae
1553 2935 1652 3003 vel
1697 2935 1943 3001 modico
1990 2934 2385 3000 detrimento.

952 3055 1290 3122 Veniemus
1339 3053 1418 3119 ad
1462 3073 1573 3120 vos
1617 3052 1688 3118 in
1731 3051 2037 3137 martyrio
2084 3049 2511 3136 apostolorum
2539 3044 2715 3112 Petri
2762 3048 2827 3110 et
2872 3038 3113 3118 Pauli‘;

778 3177 907 3256 set,
952 3170 1102 3238 licet
1147 3172 1186 3237 a
1229 3170 1542 3236 Mindensi
1589 3169 1883 3256 episcopo
1930 3187 2047 3254 pro
2103 3185 2293 3233 causa
2336 3158 2570 3252 ipsius²
2618 3161 2851 3229 obnixe
2899 3158 3115 3245 rogati,

781 3289 950 3377 apud
994 3308 1106 3356 vos
1150 3292 1364 3354 tamen
1409 3291 1474 3352 et
1516 3284 1843 3352 vobiscum
1883 3283 2101 3351 futuri.

959 3403 1249 3472 Monachi
1281 3401 1498 3470 Sancti
1527 3400 1816 3486 Remigii,
1865 3400 1971 3486 qui
2001 3402 2150 3465 sunt
2177 3398 2245 3463 in
2284 3396 2526 3481 Marna,
2573 3395 2845 3461 multum
2895 3412 3119 3461 vexan-

782 3529 887 3588 tur
916 3520 1257 3588 calliditate
1286 3518 1607 3601 Gozwini3
1657 3537 1813 3603 quos
1842 3516 1969 3582 nisi
1997 3515 2199 3601 pietas
2226 3519 2443 3581 vestra
2468 3511 2840 3601 protexerit,
2877 3510 3118 3577 omnino

781 3636 1141 3705 illudentur.

931 3803 973 3837 a.
1015 3788 1226 3848 quicquic
1257 3805 1296 3833 e.
1418 3786 1463 3832 b.
1507 3801 1542 3832 r.
1574 3799 1621 3845 p.
1653 3801 1694 3831 c.

931 3877 981 3931 1.
1019 3872 1106 3932 Of.
1131 3873 1297 3928 Dect.
1322 3869 1474 3927 Grat.
1503 3871 1565 3926 P.
1592 3871 1634 3925 1.
1661 3870 1731 3925 D.
1758 3866 1842 3939 75,
1869 3870 1923 3925 5.
2055 3871 2107 3924 2.
2145 3866 2462 3923 Fridericus
2486 3880 2601 3921 rex.
2744 3864 2799 3919 3.
2836 3863 2915 3918 Et
2949 3861 3038 3918 hic
3069 3864 3120 3915 et

786 3966 883 4023 alii
917 3964 1082 4020 huius
1118 3961 1386 4032 epistolae
1421 3960 1530 4016 loci
1564 3959 1791 4028 docent,
1838 3974 1959 4015 eam
1996 3957 2055 4013 in
2091 3958 2245 4013 curia
2279 3956 2433 4026 regia
2467 3969 2590 4010 esse
2624 3953 2919 4021 scriptam,
2965 3952 3119 4020 idque

788 4062 853 4111 ut
886 4055 1108 4110 videtur
1143 4052 1200 4106 in
1238 4050 1390 4105 curia
1424 4049 1863 4120 Merseburgeusi
1899 4048 1955 4103 d.
1983 4049 2050 4101 18
2085 4046 2214 4101 Maii
2249 4044 2466 4114 habita,
2502 4042 2599 4098 ubi
2635 4048 2694 4098 et
2718 4041 3039 4096 wibaldum
3070 4043 3119 4093 et

789 4143 1109 4200 Heinricum
1147 4139 1467 4210 episcopum
1491 4138 1827 4194 Mindensem
1868 4136 2045 4205 (cuius
2071 4135 2275 4190 mentio
2312 4134 2369 4189 in
2406 4131 2510 4187 hac
2547 4130 2738 4186 eadem
2776 4129 3016 4198 epistola
3046 4125 3117 4191 fit>

790 4232 977 4300 fuisse,
1014 4229 1375 4301 intelligimus
1411 4245 1481 4285 ex
1515 4227 1784 4284 Friderici
1807 4227 1834 4282 1
1869 4225 2017 4296 regis
2051 4224 2241 4280 tabula
2273 4238 2362 4293 ap.
2387 4219 2598 4277 Ethai-d
2636 4219 2776 4288 Reg.
2802 4216 3053 4288 Westph.
3073 4213 3118 4268 Π

792 4321 928 4378 Cod.
953 4320 1086 4390 dipl.
1125 4336 1180 4390 p.
1204 4321 1292 4375 65.
1420 4320 1475 4375 4.
1512 4317 1812 4373 Amoldus.
1941 4313 1995 4369 5.
2030 4312 2339 4370 Heinricus.
2482 4309 2535 4365 6.
2571 4308 2716 4363 Iuni.
2739 4307 2830 4363 29.
2976 4307 3025 4361 7.
3058 4303 3117 4359 V.

790 4425 880 4483 ep.
903 4411 1007 4466 379
1043 4424 1212 4479 supra
1243 4424 1298 4478 p.
1322 4408 1447 4464 508.
