3319 5242
689 449 770 515 12
1501 464 1932 514 TRANSLATIO
1979 465 2034 514 s.
2065 465 2208 513 ππ

542 613 648 669 823
683 606 1107 675 venerabilem
1151 607 1360 673 virum
1403 606 1732 674 Walonem
1787 606 1869 673 ad
1922 605 2262 693 palatium,
2316 611 2390 672 ut
2432 604 2626 672 talem
2668 604 3030 672 libertatem

685 729 749 791 et
792 723 1123 790 tuitionem
1169 744 1246 790 ex
1291 728 1474 810 parte
1506 723 1754 790 domni·
1787 722 2187 810 imperatoris
2217 722 2341 788 loci
2368 721 2538 788 illius
2569 721 3031 788 habitatoribus

683 841 1073 927 impetraret,
1121 839 1371 925 qualem
1416 844 1626 906 cetera
1671 859 1916 924 quoque
1950 838 2246 905 sublimia
2273 837 2658 905 monasteria
2683 858 2800 924 per
2827 836 3032 904 Fran-

429 971 509 1018 1u1.
532 971 647 1030 Aug.
683 956 847 1023 ciam
890 956 1221 1023 habebant.
1292 955 1469 1035 Quod
1513 955 1622 1023 ille
1666 953 1935 1023 fideliter
1981 955 2110 1039 egit
2154 960 2218 1022 et
2247 955 2514 1021 domnus
2544 955 2890 1041 imperator
2919 954 3030 1022 be-

682 1073 873 1156 nigne
918 1072 1226 1139 concessit
1242 1067 1276 1138 ¹.
2577 1158 2584 1161 ¹

863 1187 1032 1267 Quae
1087 1194 1424 1275 postquam
1480 1192 1662 1271 gesta
1714 1191 1894 1272 sunt,
1947 1187 2178 1253 iterum
2224 1186 2433 1274 coepit
2475 1186 2780 1270 cogitare,
2839 1206 3030 1272 quem

684 1304 922 1372 eidem⁵
965 1304 1103 1371 loco
1158 1305 1360 1393 patris
1416 1303 1670 1371 nomine
1685 1315 1707 1340 ⁰
1754 1303 2045 1370 abbatem
2094 1303 2473 1389 praeferret,
2529 1304 2640 1388 qui
2683 1303 3030 1370 secundum

683 1420 1069 1488 voluntatem
1098 1420 1390 1488 Domini*¹
1432 1441 1650 1505 regere
1691 1426 1908 1506 posset
1933 1419 2384 1485 monachorum
2412 1439 2687 1505 gregem,
2734 1419 2843 1504 qui
2873 1440 3030 1504 quo-

682 1538 837 1605 tidie
896 1537 1241 1620 augebatur
1297 1543 1483 1624 atque
1536 1537 1874 1604 crescebat.
1964 1534 2124 1602 Erat
2166 1535 2387 1602 eodem
2429 1540 2715 1623 tempore
2758 1537 2828 1602 in
2873 1535 3030 1602 Cor-

683 1654 924 1722 beiensi
968 1655 1349 1721 monasterio
1396 1653 1652 1738 quidam
1698 1651 2056 1718 adolescens
2102 1652 2465 1736 monachus,
2514 1652 2623 1737 qui
2656 1672 2736 1718 ex
2765 1650 3030 1718 nobilis-

684 1771 845 1838 simo
890 1769 1275 1836 Francorum
1332 1775 1518 1854 atque
1564 1768 1889 1836 Saxonum
1944 1788 2171 1851 genere
2225 1768 2434 1834 fuerat
2490 1774 2666 1834 ortus
2680 1761 2726 1852 ²,
2771 1768 3030 1835 nomine

683 1885 999 1953 Warinus.
1083 1886 1205 1952 Hic
1250 1906 1288 1951 a
1330 1890 1509 1952 tanta
1552 1885 1936 1972 perfectione
1981 1885 2218 1971 coepit,
2264 1890 2338 1950 ut
2382 1904 2526 1952 cnm
2570 1890 2738 1951 esset
2780 1883 3029 1951 iuvenis

685 2006 875 2086 atque
928 2021 1159 2085 magna
1212 2006 1524 2088 potestate
1580 2001 1906 2089 praeditus
1962 2000 2344 2086 haberetque
2402 2000 2524 2068 sibi
2582 2001 3031 2088 desponsatam

685 2117 997 2201 virginem
1038 2117 1322 2204 pulcram
1370 2123 1556 2202 atque
1599 2117 2059 2185 nobilissimam
2104 2123 2169 2184 et
2212 2118 2342 2183 iam
2386 2117 2637 2203 iamque
2681 2117 2849 2184 inter
2893 2117 3028 2204 pri-

683 2253 821 2299 mos
878 2232 1101 2320 palatii
1156 2234 1554 2318 consisteret,
1611 2233 1803 2318 elegit
1857 2233 2067 2319 potius
2127 2234 2363 2301 servire
2417 2233 2689 2300 Domino
2704 2244 2726 2269 ·
2773 2239 3028 2300 aeterno

684 2369 873 2435 quam
916 2349 1051 2432 regi
1094 2349 1368 2434 mortali,
1414 2349 1777 2435 relictisque
1821 2349 2109 2416 omnibus
2137 2353 2394 2435 portum
2421 2350 2791 2416 monasterii
2818 2350 3026 2436 petiit.

682 2465 867 2533 Hunc
910 2466 1199 2532 iuvenem
1244 2466 1618 2533 venerabilis
1666 2471 1849 2552 pater
1891 2465 1962 2531 in
2006 2485 2172 2532 nova
2201 2464 2469 2532 Corbeia
2500 2465 2791 2533 abbatem
2819 2466 3029 2534 facere

683 2582 1030 2667 cogitabat,
1085 2580 1400 2651 confidens
1445 2581 1686 2650 scilicet
1729 2583 1807 2650 de
1850 2581 2137 2650 Domini‘
2180 2581 2641 2667 misericordia,
2687 2586 2787 2666 ut,
2834 2581 2945 2668 qui
2989 2601 3031 2650 a

683 2704 862 2766 tanta
925 2700 1308 2785 perfectione
1375 2696 1717 2786 coepisset,
1787 2699 2126 2787 perfectius
2195 2705 2678 2766 consummaret.
2769 2697 3029 2767 Fratres

684 2820 895 2883 autem
941 2816 1316 2883 studiosius⁸
1363 2815 1651 2900 agebant,
1700 2821 1772 2882 ut
1814 2814 2239 2884 venerabilem
2282 2815 2492 2882 virum
2529 2814 2859 2882 Walonem
2904 2815 3030 2883 sibi

683 2932 750 2998 in
794 2937 1041 3018 patrem
1088 2931 1409 3016 eligerent.
1460 2932 1744 2999 sInterim
1788 2952 1932 2999 cum
1976 2932 2104 2998 iam
2150 2932 2403 3016 iamque
2448 2932 2618 2999 diem
2647 2932 3029 3017 egressionis

682 3068 832 3115 suae
879 3049 1098 3116 adesse
1144 3049 1438 3134 sentiret,
1493 3050 1701 3135 misit,
1758 3055 1832 3117 ut
1875 3070 2063 3136 quem
2107 3048 2343 3117 vellent
2386 3047 2721 3134 eligerent,
2769 3054 3032 3136 accepta

679 3164 936 3233 licentia
979 3165 1399 3253 imperatoris.

523 3289 629 3343 826
858 3280 1118 3348 Interim
1164 3281 1315 3347 dum
1360 3279 1581 3349 electio
1626 3280 1998 3368 protelatur,
2042 3280 2374 3366 religiosus
2406 3280 2570 3347 abba
2607 3280 2777 3347 diem
2818 3279 3032 3350 finivit

506 3363 599 3410 ω’
617 3364 646 3409 ²
681 3402 1032 3464 extremum
1046 3392 1089 3461 ⁸.
1174 3395 1307 3475 Quo
1373 3397 1596 3462 nuntio
1655 3417 1873 3464 omnes
1929 3417 2213 3463 moerore
2268 3397 2588 3481 concussi,
2645 3395 2857 3480 Walo,
2917 3399 3030 3483 qui

681 3518 831 3579 tnnc
874 3513 964 3580 ibi
1011 3512 1334 3580 electionis
1379 3513 1584 3597 gratia
1626 3514 2021 3598 morabatur,
2066 3515 2274 3580 iussus
2318 3512 2529 3600 pergit
2572 3513 2653 3579 ad
2695 3512 3028 3600 palatium,

679 3629 827 3696 inde
872 3629 953 3694 ad
996 3630 1327 3716 proprium
1370 3630 1852 3713 monasterium3
1913 3630 2253 3714 statimque
2308 3627 2399 3696 ibi
2452 3628 2531 3695 ab
2579 3629 2866 3696 omnibus
2913 3630 3030 3697 eli—

680 3745 850 3828 gitur
895 3745 961 3811 in
976 3745 999 3780 '¹
1046 3744 1354 3812 abbatem.
1429 3746 1519 3813 At
1562 3767 1710 3812 vero
1755 3747 1843 3832 hi,
1891 3746 2001 3832 qui
2041 3746 2111 3812 in
2158 3745 2435 3812 Saxonia
2475 3744 2848 3812 habitabant
2891 3768 3030 3814 mo-

679 3860 895 3946 nachi,
949 3861 1026 3927 de
1072 3860 1373 3928 electione
1419 3862 1664 3930 abbatis
1721 3862 1821 3929 sui
1867 3863 2087 3930 beatae
2130 3862 2473 3929 memoriae
2516 3862 2786 3929 meritis¹
2828 3862 3031 3930 Adal-

683 4071 687 4076 ·
821 4052 862 4084 a.
896 4038 1050 4085 domni
1081 4055 1166 4084 om.
1190 4040 1232 4084 1.
1255 4040 1300 4085 3.
1392 4039 1437 4086 b.
1471 4040 1848 4099 quemadmodum
1877 4043 1920 4087 1.
1943 4043 1970 4087 3
1998 4059 2085 4102 pro
2118 4055 2252 4101 quem
2272 4042 2435 4090 eidem.
2529 4055 2568 4088 c.
2600 4040 2781 4087 nomine
2804 4057 2890 4086 on.
2914 4042 2956 4087 1.
2982 4043 3029 4088 3.

680 4119 727 4166 d.
758 4118 845 4165 Dei
877 4121 919 4165 2.
1019 4132 1059 4164 e.
1090 4118 1190 4165 Deo
1223 4121 1267 4166 2.
1368 4118 1401 4166 f.
1435 4119 1523 4166 Dei
1555 4122 1599 4166 2.
1693 4134 1735 4179 g.
1769 4121 2021 4168 studiosius
2053 4138 2139 4168 om.
2174 4122 2215 4167 1.
2249 4122 2294 4167 3.
2397 4121 2444 4168 h.
2477 4121 2536 4168 ad
2569 4123 2613 4168 2.
2646 4121 2690 4166 3.
2785 4120 2817 4166 i.
2850 4121 3029 4169 meritis

681 4215 764 4244 om.
801 4200 853 4255 13
882 4199 1031 4245 meriti
1062 4200 1105 4244 3.

825 4304 872 4357 l.
911 4303 981 4359 V.
1007 4302 1276 4359 Ludovici
1309 4304 1394 4358 Pii
1429 4304 1738 4374 diplomata
1771 4304 1902 4360 data
1935 4321 1986 4359 a.
2010 4305 2116 4360 823
2152 4304 2243 4360 die
2267 4305 2336 4360 27
2362 4303 2490 4359 Iulii
2515 4309 2573 4359 et
2608 4303 2660 4358 d.
2690 4304 2726 4359 8
2760 4302 2910 4375 Aug.
2935 4320 3029 4374 ap.

679 4389 892 4448 Erhard
930 4393 1066 4463 Reg.
1095 4392 1291 4449 Westf.
1324 4394 1368 4448 1.
1400 4393 1533 4449 Cod.
1560 4392 1697 4462 dipl.
1730 4409 1783 4463 p.
1813 4395 1848 4448 5
1871 4399 1930 4448 et
1953 4395 2005 4448 6.
2147 4395 2199 4448 2.
2239 4392 2324 4449 Cf.
2362 4392 2648 4448 Dflmmler
2684 4392 2881 4450 Gesch.
2923 4392 3027 4450 des

679 4479 963 4539 Ostfriink.
987 4481 1188 4537 Reichs
1223 4483 1268 4538 1.
1297 4483 1419 4538 142.
1454 4498 1508 4536 n.
1533 4483 1623 4538 25.
1766 4483 1820 4537 3.
1857 4483 1915 4537 in
1952 4482 2283 4539 monasterio
2320 4482 2586 4539 Gorbeiae
2620 4482 2883 4553 antiquae
2916 4483 3027 4539 826

679 4570 797 4626 Ian.
820 4572 874 4627 2.
929 4569 1013 4628 ef.
1049 4571 1215 4627 Vitae
1249 4570 1555 4626 Adalhardi
1591 4586 1641 4626 c.
1666 4572 1737 4626 82
1761 4575 1819 4627 et
1840 4571 1928 4627 87.
