3319 5242
1009 468 1309 517 wmALm
1349 467 1681 516 nprs‘rom
1723 468 1798 515 58.
2454 451 2577 518 137

237 615 542 693 augentur
605 610 883 677 rationes
942 609 1231 677 dolorum
1245 621 1285 676 ⁸.
1468 609 1684 694 Certe,
1756 615 1829 676 ut
1885 615 2133 677 caetera
2185 611 2583 678 incommoda
2622 616 2759 737 1337

235 726 564 810 sileamus,
622 726 805 793 nobis
859 746 1184 794 senescere
1227 747 1356 794 non
1400 727 1577 809 licet3
1635 727 1829 793 immo
1876 727 2256 793 senescimus
2304 727 2578 812 quidem,

235 843 340 909 sed
398 843 612 929 quies,
672 863 831 929 quae
887 843 1141 910 senibus
1200 848 1264 910 et
1315 844 1594 910 emeritis
1638 848 1992 930 prestatur,
2049 843 2231 909 nobis
2277 842 2580 912 Corbeiae

232 964 520 1043 negatur.
588 958 753 1025 Novi
795 958 1044 1025 labores
1057 1009 1076 1044 ,
1133 980 1301 1026 nova
1342 960 1686 1044 industria,
1732 979 1898 1025 nova
1943 959 2331 1045 eloquentia,
2376 980 2580 1028 novae

230 1074 588 1160 largitates,
646 1095 811 1141 nova
863 1074 1332 1160 magnificentia
1377 1077 1416 1143 a
1457 1075 1639 1142 nobis
1688 1075 1916 1142 cotidie
1963 1080 2376 1161 expetuntur,
2433 1096 2577 1143 cum

230 1192 357 1257 iam
419 1191 531 1257 diu
584 1191 836 1275 fatigati
893 1191 1171 1277 aliquam
1225 1191 1514 1258 laborum
1569 1197 1931 1258 nostrorum
1976 1196 2212 1258 metam
2256 1193 2577 1279 prospice-

228 1328 465 1392 remus,
514 1306 792 1393 aliquam
835 1307 1279 1392 fatigationum
1322 1310 1605 1394 requiem
1651 1327 2067 1394 speraremus.
2137 1307 2271 1374 Aut
2311 1328 2577 1394 peccau-

229 1425 383 1491 dum
451 1429 550 1491 est
614 1425 684 1489 in
749 1444 885 1490 rem
943 1424 1263 1510 publicam
1322 1430 1432 1491 aut
1485 1425 1814 1491 hominum
1870 1422 2244 1490 offensiones
2302 1424 2577 1491 toleran-

229 1541 366 1607 dae.
442 1540 605 1607 Tum
646 1546 935 1627 preterea
978 1547 1198 1607 nostra
1242 1545 1448 1608 aetate
1492 1541 1696 1606 omnis
1741 1540 1943 1626 pudor
1990 1540 2324 1624 abscessit,
2372 1542 2576 1608 omnis

229 1657 591 1724 reverentia
647 1657 927 1723 extincta
979 1662 1105 1741 est,
1173 1655 1329 1723 fides
1386 1657 1630 1723 interiit
1685 1661 1749 1723 et
1801 1657 2099 1723 honestas
2152 1661 2403 1723 mortua
2461 1662 2575 1724 est.

228 1773 397 1852 Quid
451 1773 647 1857 igitur
701 1772 941 1859 placuit
983 1773 1162 1839 vobis
1219 1772 1540 1859 duplicare
1590 1772 1838 1839 labores
1883 1774 2173 1839 nostros?
2262 1773 2579 1851 Quantum

228 1891 294 1956 in
341 1888 749 1956 reformanda
793 1894 857 1954 et
900 1889 1294 1955 observanda
1333 1889 1637 1973 religione
1681 1890 1957 1956 fructum
1999 1891 2207 1956 facere
2236 1889 2578 1974 valeamus,

228 2007 430 2073 vestri
477 2005 775 2088 defectus,
819 2006 1013 2070 vestri
1054 2005 1324 2089 labores,
1371 2006 1481 2091 qui
1510 2026 1589 2072 ex
1618 2025 1961 2091 pravorum
1988 2006 2372 2091 inprobitate
2402 2006 2579 2073 vobis

230 2123 464 2189 cotidie
509 2126 893 2203 accrescunt,
940 2121 1164 2188 docere
1208 2142 1320 2188 vos
1364 2121 1667 2208 perfacile
1710 2127 1994 2208 possunt.
2077 2120 2272 2188 Porro
2320 2123 2579 2190 divitiae

230 2239 385 2324 quid
426 2244 698 2325 prosunt
741 2238 1083 2324 inquietis?
1175 2236 1486 2321 Colligitis
1529 2238 1773 2322 itaque,
1822 2237 1988 2323 quod
2031 2258 2235 2323 neque
2279 2238 2346 2304 in
2391 2240 2579 2324 spiri-

230 2355 512 2422 tualibus
556 2375 759 2439 neque
804 2356 870 2420 in
912 2353 1297 2420 secularibus
1330 2353 1601 2420 solidum
1631 2353 1932 2437 gaudium
1959 2353 2190 2419 habere
2221 2374 2576 2439 possumus.

232 2471 341 2539 Set
387 2491 538 2558 spes
585 2476 804 2538 nostra
846 2471 1050 2553 Deus,
1097 2470 1297 2536 honor
1340 2475 1583 2553 noster,
1631 2490 1827 2553 genus
1872 2474 2178 2554 nostrum,
2226 2470 2578 2537 sublimitas

229 2593 483 2673 nostra,
546 2587 851 2655 exultatio
905 2593 1153 2672 nostra,
1211 2588 1280 2653 in
1340 2586 1908 2653 amministratione
1953 2607 2102 2654 suae
2149 2587 2243 2654 rei
2286 2587 2578 2674 publicae

228 2711 452 2772 nostra
495 2704 813 2791 parvitate
855 2710 1162 2790 tanquam
1206 2724 1318 2770 suo
1363 2704 1813 2787 instrumento,
1872 2703 2020 2770 licet
2061 2704 2175 2769 vili
2220 2710 2284 2770 et
2327 2705 2576 2789 exiguo,

228 2823 463 2906 utitur,
524 2841 763 2907 nosque
802 2800 923 2907 'per
968 2841 1123 2907 quos
1168 2820 1306 2886 vult
1348 2820 1657 2903 graduum
1702 2824 2036 2905 provectus
2050 2869 2068 2903 ,
2115 2825 2418 2906 tanquam
2461 2840 2578 2907 per

229 2937 609 3004 munuscula
653 2937 941 3022 quedam,
991 2937 1071 3003 ad
1115 2938 1215 3003 sui
1257 2936 1532 3002 nominis
1573 2956 1851 3002 amorem
1883 2935 2222 3002 clementer
2253 2936 2467 3020 allicit,
2514 2942 2578 3003 et

229 3060 491 3121 nostrae
544 3053 910 3137 fragilitatis
966 3074 1260 3120 excessus
1318 3052 1650 3118 cotidianis
1703 3051 1896 3117 immo
1943 3052 2211 3117 assiduis
2256 3052 2576 3119 laboribus

230 3171 404 3237 velut
448 3169 827 3256 quibusdam
870 3168 1136 3254 flagellis
1183 3175 1247 3235 et
1291 3166 1834 3251 amaritudinibus,
1886 3188 1967 3234 ne
2013 3167 2091 3233 ab
2137 3168 2276 3253 ipso
2320 3168 2577 3234 receda-

231 3308 403 3371 mus,
473 3287 889 3372 comprimere
947 3286 1259 3370 dignatur.
1441 3284 1539 3350 De
1594 3284 1905 3351 Turnines
1962 3289 2211 3350 tantum
2270 3283 2573 3370 dolemus,

232 3410 541 3488 quantum
586 3402 793 3468 verbis
842 3404 1195 3489 exprimere
1239 3422 1367 3467 non
1394 3421 1750 3487 possumus.
1822 3400 2059 3486 Super*
2091 3421 2216 3486 qua
2244 3421 2313 3467 re
2344 3401 2573 3467 domno

232 3519 569 3586 Leodiensi
599 3521 893 3605 episcopo
926 3519 1292 3604 scripsimus
1311 3514 1347 3600 ¹,
1391 3519 1554 3583 sicut
1581 3518 1650 3582 in
1680 3517 2035 3584 litterarum
2065 3517 2374 3603 exemplo,
2408 3518 2574 3603 quod

233 3637 410 3703 vobis
456 3636 948 3719 transmisimus,
992 3635 1207 3701 videre
1251 3633 1534 3720 potestis.
1606 3633 1676 3699 Si
1722 3633 1986 3699 domnus
2017 3654 2204 3719 papa,
2252 3639 2336 3705 ut,
2351 3633 2571 3719 fertur,

237 3753 559 3820 Treverim
602 3758 903 3819 venturus
957 3756 1085 3835 est,
1142 3770 1259 3816 nos
1302 3751 1474 3836 ipsos
1521 3750 1602 3815 ad
1643 3750 1807 3815 hanc
1851 3769 2105 3815 causam
2149 3750 2573 3836 peragendam

237 3869 681 3955 expectabitis3
737 3869 835 3934 sin
879 3872 1091 3945 autem
1138 3887 1335 3933 vanus
1348 3878 1367 3902 ⁰
1413 3886 1629 3932 rumor
1677 3871 1803 3949 est,
1848 3865 2109 3932 fratrem
2154 3865 2571 3951 H(enricum),

237 3990 520 4051 nostrum
576 3984 875 4052 dilectum
931 3982 1132 4050 filium
1147 4032 1166 4067 ,
1226 3988 1292 4050 et
1333 3978 1776 4049 Erleboldum‘¹
1820 3982 2081 4050 fratrem
2137 3983 2220 4049 ad
2273 3983 2572 4050 domnum

239 4121 466 4187 papm
509 4106 758 4167 mature
802 4100 1088 4183 mittetis,
1133 4100 1405 4166 ferentes
1447 4118 1658 4165 secum
1689 4100 1903 4165 omnia
1929 4099 2365 4182 instrumenta,
2412 4119 2574 4184 quae

241 4216 321 4284 de
373 4217 675 4284 Tornines
732 4216 892 4284 bene
950 4216 1126 4283 salva
1182 4236 1298 4301 per
1334 4235 1465 4291 nos
1519 4214 1765 4281 habetis
1778 4264 1796 4298 ,
1855 4221 1920 4281 et
1975 4215 2272 4302 precipue
2326 4215 2571 4283 litteras

386 4395 691 4471 astomorum
731 4413 772 4441 c.
910 4393 956 4440 b.
999 4393 1146 4453 Super
1193 4417 1242 4425 —
1290 4393 1554 4453 scripsimus
1600 4410 1738 4439 ηοω
1777 4402 1882 4440 enne
1921 4396 1967 4440 in
2008 4394 2111 4439 cod.
2255 4406 2295 4440 c.
2338 4394 2486 4440 minus
2529 4411 2569 4441 c.

243 4470 289 4519 d.
335 4471 464 4521 Erleb
493 4493 533 4521 e.

386 4580 433 4634 1.
477 4596 566 4650 ep.
591 4580 660 4635 57
696 4594 863 4648 supra
895 4595 950 4649 p.
978 4577 1096 4633 134.
