3319 5242
756 426 881 493 188
1399 423 1711 493 ”mum
1752 443 2125 493 nusi-om
2165 444 2271 503 m.
2304 444 2410 491 113.

576 590 716 647 1148
927 585 1218 654 Raditum
1258 591 1538 653 vestrum
1581 587 1663 653 ad
1704 607 1820 653 nos
1865 556 2138 671 gratanti
2183 587 2394 653 animo
2439 588 2803 676 accipimus,
2848 587 3072 674 quippe

750 704 925 771 cuius
982 704 1330 771 absentiam
1385 709 1518 770 tam
1571 704 1933 770 diuturnam
1982 707 2241 791 propter
2287 704 2561 791 plurima
2602 704 2783 773 nobis
2826 704 3072 788 negotia

750 822 1106 889 communia
1150 822 1304 888 satis
1350 842 1496 905 egre
1536 821 1818 888 tulimus.
1856 870 1863 877 .
1897 820 2212 905 Rogamus
2255 820 2469 907 itaque
2513 825 2579 888 et
2620 822 2855 888 iterum
2897 840 3071 906 roga-

750 958 921 1022 mus,
983 939 1273 1022 quatinus
1317 938 1491 1004 nulla
1532 938 1985 1005 interveniente
2032 938 2355 1004 occasione
2398 937 2848 1025 hospitalitatis
2891 956 3076 1005 causa

752 1055 834 1122 ad
875 1075 989 1121 nos
1035 1054 1389 1138 declinetis,
1447 1054 1888 1140 omnibusque,
1947 1074 2069 1140 que
2112 1054 2183 1120 in
2227 1054 2411 1121 domo
2454 1061 2677 1123 nostra
2719 1058 2901 1138 sunt,
2954 1073 3074 1120 11011

751 1175 996 1237 tantum
1052 1171 1134 1239 ad
1187 1171 1624 1238 necessitatem
1680 1191 1900 1238 verum
1955 1172 2147 1237 etiam
2207 1171 2289 1239 ad
2337 1171 2725 1239 voluntatem
2777 1176 3077 1257 tanquam

747 1289 1023 1375 propriis
1067 1288 1351 1355 utamini.
1422 1285 1781 1353 Habeamus
1825 1288 2016 1353 etiam
2057 1287 2414 1356 libertatem
2461 1289 2538 1355 de
2583 1286 2849 1373 singulis
2890 1287 3076 1354 collo-

750 1405 979 1490 quendi
1021 1410 1366 1492 presentes,
1414 1424 1680 1489 quorum
1721 1403 1998 1490 plurima
2039 1424 2155 1471 1100
2198 1405 2562 1472 meminisse
2589 1424 2708 1473 nec
2733 1405 2909 1491 loqui
2937 1425 3078 1492 pos-

750 1542 964 1589 sumus
1010 1522 1317 1588 absentes.
1386 1518 1550 1586 Huic
1588 1519 1887 1607 peticioni
1917 1521 1972 1587 si
2002 1521 2531 1608 contradixeritis,
2577 1522 2656 1591 de
2684 1527 2899 1590 vestra
2928 1521 3081 1590 ami-

747 1640 906 1707 cicia
946 1658 1062 1704 nos
1105 1635 1388 1705 diffidere
1431 1637 1684 1721 cogetis.

756 1843 791 1912 1
810 1843 844 1912 1
860 1842 927 1914 3.
962 1845 1280 1911 Wibaldue
1306 1844 1581 1910 Gnidom’
1609 1844 1977 1910 cancellario
1993 1844 2221 1931 papali
2242 1845 2540 1909 Amilium
2563 1845 2848 1910 abbatem
2868 1843 3085 1910 Brun-

966 1961 1351 2026 wilaremem
1407 1961 1816 2042 commendat,
1875 1962 1984 2048 qui
2040 1962 2115 2026 ob
2170 1961 2582 2026 valetudinem
2642 1961 2730 2025 ad
2782 1962 3088 2048 synodum

967 2079 1328 2143 Romen-sem
1371 2100 1496 2141 non
1538 2079 1785 2141 venerit.
2800 2074 2916 2157 (Μ.
2954 2076 3086 2159 96.)

574 2211 713 2268 1148
923 2200 1285 2268 Reverendo
1331 2201 1501 2287 patri
1544 2220 1656 2266 suo
1705 2204 1769 2266 et
1811 2198 2065 2267 domino
2111 2197 2432 2282 G(uidoni)
2479 2205 2734 2267 sanctae
2762 2199 3088 2268 Romanae

748 2318 1081 2387 aecclesiae
1123 2317 1466 2385 venerabili
1512 2313 1818 2383 cardinali
1862 2316 2124 2383 diacono
2143 2312 2180 2401 ¹,
2228 2317 2608 2404 apostolicae
2641 2317 2807 2384 sedis
2840 2317 3089 2385 cancel·

745 2435 924 2521 lario,
970 2435 1167 2501 ‘ti-ater
1193 2433 1571 2516 W(ibaldus)
1601 2432 1723 2501 Dei
1755 2433 1959 2517 gratia
1984 2432 2072 2517 id,
2119 2433 2284 2518 quod
2316 2437 2412 2501 est
2438 2434 2509 2500 in
2539 2433 2844 2501 aecclesia
2873 2435 3092 2502 catho-

745 2532 887 2638 lica,
933 2551 1188 2618 devotas
1235 2551 1547 2618 orationes
1595 2554 1659 2617 et
1704 2570 1771 2616 se
1816 2550 2044 2637 ipsum.

922 2669 1192 2735 Divinae
1243 2668 1554 2753 largitatis
1613 2667 2090 2734 similitudinem
2145 2667 2308 2750 gerit
2361 2667 2511 2753 hoc,
2570 2667 2737 2753 quod
2786 2667 2861 2734 in
2908 2668 3097 2736 nobis

747 2791 959 2853 vestra
1015 2785 1308 2852 exhibere
1363 2805 1492 2851 non
1546 2787 1751 2850 cessat
1802 2782 2149 2849 clementia.
2245 2782 2568 2869 Siquidem
2611 2783 2801 2852 nullis
2849 2786 3095 2852 nostris

749 2902 1138 2971 exstantibus
1183 2902 1449 2987 meritis,
1496 2905 1677 2968 tanta
1707 2901 1776 2966 in
1804 2919 1919 2965 nos
1950 2898 2392 2967 beneficiorum
2423 2904 2773 2967 vestrorum
2804 2902 3100 2970 abundat

745 3019 1112 3105 liberalitas,
1166 3023 1237 3085 ut
1279 3039 1406 3084 non
1448 3017 1744 3085 inmerito
1790 3036 1933 3083 cum
1979 3015 2412 3082 admirationis
2456 3016 2899 3101 magnitudine
2946 3039 3100 3108 pro-

748 3137 967 3204 testari
1026 3155 1351 3220 cogamur:
1412 3136 1582 3217 Quid
1634 3136 1972 3201 retribuam
2017 3135 2264 3200 domino
2298 3158 2426 3222 pro
2474 3137 2769 3216 omnibus,
2818 3158 2948 3224 que
2996 3160 3098 3201 re·

748 3257 959 3321 tribuit
999 3249 1224 3320 milu'?²
1294 3251 1422 3319 Sub
1465 3255 1644 3317 tanta
1673 3249 1885 3335 itaque
1914 3248 2264 3316 indefessae
2295 3249 2547 3336 pietatis
2575 3253 2823 3316 vestrae
2855 3248 3105 3318 fiducia

748 3376 1000 3437 nostrae
1045 3368 1344 3456 parvitati
1391 3364 1767 3432 confidentia
1810 3366 2054 3450 crescit,
2099 3369 2170 3431 ut
2215 3366 2405 3431 etiam
2448 3385 2580 3452 pro.
2598 3366 2816 3432 amicis
2849 3368 3104 3435 nostris

747 3486 1133 3554 intercedere
1176 3502 1645 3572 presumamus‚
1704 3502 1847 3549 cum
1891 3482 2071 3550 nobis
2116 3486 2331 3569 posset
2375 3480 2661 3549 sufficere
2706 3487 2770 3549 et
2815 3461 3106 3551 arduum

748 3602 1060 3690 reputari,
1118 3599 1282 3687 quod
1340 3604 1586 3666 vestrae
1645 3598 1996 3665 dilectionis
2054 3597 2447 3665 dulcedinem
2502 3598 2715 3684 aliqua
2769 3619 2850 3665 ex
2910 3607 3109 3688 parte

748 3720 1171 3803 degustamus,
1242 3715 1765 3783 Commendamus
1811 3716 2006 3800 igitur
2045 3715 2223 3781 vobis
2262 3715 2469 3780 virum
2507 3714 2939 3782 venerabilem
2992 3718 3107 3784 ab-

748 3835 959 3902 batem
1001 3827 1623 3917 Brunwilerensem³,
1679 3832 1786 3916 qui
1801 3881 1819 3915 ,
1868 3833 2031 3898 sicut
2075 3837 2315 3899 certum
2361 3835 2486 3917 est,
2531 3831 2906 3900 infirmitate
2960 3853 3108 3901 cor-

747 3950 949 4039 porali
996 3951 1284 4017 detentus
1321 3949 1402 4015 ad
1430 3950 1721 4016 sinodum
1750 3947 2122 4015 Remensem
2152 3948 2368 4015 venire
2397 3969 2525 4014 non
2554 3948 2783 4037 potuit,
2829 3954 2900 4015 et
2933 3951 3113 4018 sicut

748 4067 827 4134 ab
871 4067 1009 4155 ipso
1055 4065 1302 4152 plenius
1350 4067 1635 4151 audietis,
1684 4066 1762 4131 de
1805 4065 1944 4149 hoc,
1991 4065 2157 4150 quod
2201 4065 2323 4132 sibi
2355 4065 2431 4131 ab
2465 4065 2687 4132 emulis
2717 4065 3110 4152 impositum

748 4190 875 4268 est,
936 4203 1183 4252 omnem
1241 4184 1307 4249 in
1366 4184 1619 4249 modum
1678 4182 1976 4249 innocens
2035 4181 2173 4249 fuit.
2252 4181 2377 4247 Vos
2432 4182 2628 4266 igitur
2671 4202 2786 4270 pro
2831 4189 3115 4252 nostrae

746 4300 1076 4388 peticionis
1121 4300 1354 4366 intuitu
1397 4300 1597 4387 ipsius
1645 4302 1709 4365 et
1751 4303 1935 4385 pater
1980 4303 2042 4365 et
2086 4303 2389 4386 patronus
2436 4299 2633 4364 eritis.
2750 4315 2755 4318 ·

887 4416 936 4469 1.
976 4412 1072 4469 SS.
1099 4413 1329 4470 Cosmae
1356 4418 1414 4469 01
1440 4412 1714 4468 Damiani.
1856 4412 1909 4466 2.
1946 4413 2037 4466 Ps.
2064 4411 2184 4479 115,
2217 4412 2302 4466 12.
2446 4412 2499 4466 3.
2536 4410 2821 4467 Amilium.
2860 4410 2961 4469 cf.
2988 4412 3113 4470 An-

747 4503 900 4560 nales
934 4503 1400 4560 Brunwilarenses
1438 4502 1578 4558 1148
1615 4502 1783 4566 (Mon.
1809 4499 1994 4557 Germ.
2022 4499 2115 4556 SS.
2142 4499 2294 4557 XVI.
2320 4500 2467 4570 727).
