3319 5242
852 473 1455 547 onnonoqnffnus
1501 472 1944 523 conssmnsm
2477 457 2566 522 55

256 614 414 682 valde
453 615 643 682 nimis
688 615 931 700 timide,
977 617 1147 702 cepit
1185 620 1398 682 tamen
1429 615 1507 682 de
1536 616 1636 682 his
1667 635 1809 681 cum
1837 635 2007 700 rege,
2051 620 2125 681 ut
2153 614 2566 700 oportunitati
2621 620 2759 675 1147

254 737 488 798 noverat
529 738 895 819 conpetere,
938 732 1250 798 insistere.
1319 731 1454 797 Rex
1500 736 1708 798 autem
1722 781 1742 815 ,
1790 751 2169 817 quamquam
2212 749 2339 796 non
2379 730 2566 798 facile
2598 693 2690 741 Im
2713 694 2773 741 ²⁹

253 848 668 932 acquiesceret,
712 848 969 914 tandem
1014 848 1337 913 convictus
1383 847 1587 913 amica
1630 848 1764 914 eius
1809 847 2142 914 dilectione
2172 851 2237 913 et
2263 846 2568 913 nonnulla

249 962 509 1029 laborum
569 984 825 1030 suorum
881 964 1049 1029 circa
1103 964 1314 1049 ipsum
1358 962 1847 1030 commonicione
1860 1012 1879 1046 ,
1936 961 2287 1047 blandaque
2331 982 2456 1048 qua
2500 968 2566 1029 et

249 1078 585 1145 abundabat
638 1080 1048 1146 conventione
1063 1128 1082 1161 ,
1139 1079 1205 1144 in
1262 1079 1606 1145 fructuario
1664 1079 1813 1145 boni
1862 1078 2098 1144 fenoris
2144 1077 2562 1146 emolumento

246 1195 518 1279 peticioni
568 1196 813 1262 abbatis
860 1195 1111 1278 annuit,
1167 1200 1232 1261 et
1274 1194 1531 1261 ecclesie
1573 1200 1788 1260 nostre
1834 1193 2188 1261 abbaciolas
2233 1194 2388 1260 duas
2430 1194 2561 1282 Ky-

243 1311 530 1378 menaden
549 1306 568 1338 ¹
613 1315 678 1377 et
720 1311 780 1377 ei
820 1310 1092 1377 vicinam
1124 1305 1418 1376 Visbike²
1465 1311 1794 1395 concessit,
1841 1329 1915 1375 ac
1956 1330 2071 1397 per
2102 1308 2358 1376 anulum
2387 1294 2560 1395 gem-

243 1427 420 1492 mario
461 1427 681 1513 lapide
724 1425 1279 1493 condecorosum·⁸
1324 1426 1406 1492 ad
1445 1447 1562 1493 nos
1607 1426 1978 1493 transmisit.
2048 1425 2247 1504 Quem
2276 1430 2341 1493 et
2368 1426 2561 1494 abbas

242 1542 512 1609 scriniolo
578 1542 782 1608 sancti
839 1541 1143 1629 Stephani
1197 1543 1392 1609 inseri
1451 1543 1763 1631 precepit,
1821 1543 2115 1629 quatinus
2172 1547 2238 1609 et
2289 1542 2560 1628 posteris

240 1659 453 1725 nostris
496 1657 807 1726 beneficia
848 1658 1015 1741 regis
1061 1663 1126 1724 et
1170 1658 1415 1725 abbatis
1458 1659 1773 1725 industria
1817 1659 1985 1725 circa
2022 1658 2232 1726 locum
2273 1663 2559 1725 nostrum

239 1793 347 1838 non
397 1773 588 1839 facile
633 1772 982 1840 oblitterari
1024 1774 1244 1860 possit.
1325 1773 1490 1840 Nam
1533 1795 1612 1842 ne
1657 1776 1866 1841 minus
1914 1780 1978 1841 et
2018 1795 2134 1841 rex
2178 1773 2324 1841 hinc
2365 1793 2557 1858 regno

237 1888 668 1976 prwioeretb,
715 1889 1273 1974 quocienscumque
1318 1890 1541 1955 serviri
1585 1890 1709 1958 sibi
1748 1891 1826 1957 de
1855 1890 1991 1957 loco
2019 1896 2234 1956 nostro
2263 1889 2421 1975 legis
2452 1890 2559 1957 de-

239 2002 350 2070 bito
402 2010 468 2072 et
528 2005 815 2091 priorum
868 2004 1054 2088 longe
1099 2005 1339 2071 dierum
1386 2006 1680 2072 instituto
1725 2007 2139 2090 contingeret:
2199 2007 2255 2072 si
2300 2012 2559 2090 argento

237 2119 659 2209 anticipanda⁸
703 2120 896 2205 foret,
943 2120 1142 2187 denae
1186 2121 1727 2208 appenderentur*¹
1769 2122 1998 2206 librae,
2046 2123 2147 2188 sin
2191 2127 2401 2189 autem
2445 2142 2558 2209 pa-

234 2236 445 2322 stibus,
509 2241 1062 2303 aucmentarentur
1115 2237 1279 2302 tanti
1337 2237 1534 2323 precii
1589 2258 1707 2324 pro
1765 2239 2070 2324 temporis
2128 2236 2431 2323 qualitate
2484 2257 2559 2305 ac

236 2353 713 2440 comparationis
758 2353 1219 2420 commoditate.
1289 2352 1412 2419 Pro
1455 2353 1555 2420 his
1600 2373 1750 2437 ergo
1796 2354 2188 2421 stabiliendis
2234 2358 2298 2420 et
2332 2351 2558 2420 confir-

232 2469 482 2555 mandis,
540 2469 692 2535 licet
732 2489 859 2535 non
902 2468 1061 2535 nulli
1107 2470 1464 2556 principum
1509 2470 1607 2536 his
1653 2468 1946 2537 affuerint
1990 2475 2054 2536 et
2097 2470 2557 2538 consentientes

233 2583 447 2653 fuerint
506 2586 711 2653 eciam
724 2635 743 2669 ,
799 2584 1329 2653 Frankenevurde
1382 2606 1451 2653 se
1495 2586 1618 2654 sibi
1663 2605 1987 2654 occurrere
2032 2591 2270 2654 statuta
2313 2586 2416 2654 die
2458 2587 2556 2652 in·

230 2699 393 2786 dixit,
436 2702 557 2769 ubi
601 2706 667 2768 et
707 2702 1010 2788 primates
1055 2702 1233 2785 regni
1275 2722 1393 2787 pro
1440 2701 1694 2788 publica
1735 2722 1826 2786 re,
1871 2704 2152 2786 generali
2196 2703 2557 2770 evocatione

230 2816 513 2885 advenire
556 2817 851 2883 instituit.

386 2933 562 3001 Hinc
605 2931 871 2999 domnus
917 2932 1109 3001 abbas
1155 2931 1234 2998 ad
1279 2951 1394 2998 nos
1441 2932 1675 3018 absque
1720 2932 1901 2999 devio
1944 2954 2231 3000 reversus
2245 2983 2264 3018 ,
2310 2934 2555 3000 modico
2586 2954 2717 3003 Febr.

231 3047 455 3116 dierum
514 3048 852 3116 intervallo
907 3049 1121 3115 habito
1175 3048 1533 3132 nobiscum,
1592 3047 1990 3115 ambiciosius
2047 3055 2119 3116 ut
2174 3050 2304 3116 suis
2347 3051 2555 3116 visum

232 3170 315 3231 est
351 3163 750 3232 Kimenaden
802 3164 1113 3251 perrexit,
1168 3164 1535 3249 regiumque
1580 3135 1970 3247 satellitem&
2028 3165 2262 3252 scripto
2307 3165 2552 3250 signato

230 3279 409 3364 ipsius
456 3280 632 3365 regis
678 3280 1012 3363 munitum,
1058 3280 1126 3345 in
1173 3284 1426 3365 promtu
1468 3280 1689 3347 habuit
1700 3276 1738 3345 ⁴.
1808 3279 1988 3359 Quod
2025 3286 2097 3346 ut
2122 3282 2456 3348 recitatum
2484 3283 2552 3348 in

233 3397 470 3464 auribus
517 3394 803 3463 omnium
828 3395 970 3479 fuit,
1017 3415 1394 3480 quamquam
1422 3415 1550 3461 non
1580 3395 1716 3461 sine
1746 3396 2084 3463 admodum
2110 3399 2554 3466 retractatione

234 3510 514 3579 intricata
540 3516 1032 3595 assentarentur,
1078 3516 1291 3577 tamen
1324 3515 1647 3597 presentes
1693 3532 1929 3596 omnes,
1977 3519 2187 3598 preter
2230 3513 2555 3600 puellulis‘

234 3627 565 3697 scolaribus
611 3626 940 3715 prelatam,
989 3627 1105 3693 sub
1151 3626 1396 3692 dicione
1412 3636 1436 3671 ⁸
1482 3626 1725 3693 abbatis
1771 3648 1838 3694 se
1882 3629 2326 3696 submiserunt.

388 3743 738 3812 Procedere
797 3748 1008 3809 autem
1064 3747 1130 3809 et
1170 3742 1427 3810 Visbike
1478 3742 1726 3827 volone,
1781 3746 2073 3830 premisit
2128 3746 2428 3830 quosdam
2474 3747 2552 3813 de

358 3907 400 3940 a.
430 3894 741 3942 condecoroso
773 3911 813 3939 c.
904 3892 950 3940 b.
981 3875 1233 3954 prsssiceret
1265 3911 1303 3939 c.
1354 3893 1469 3939 Nam
1497 3906 1582 3939 nec
1612 3893 1763 3940 minus
1794 3898 1841 3941 et
1872 3909 1948 3941 rex
1987 3893 2094 3942 huic
2133 3908 2272 3954 reguo
2310 3895 2553 3955 proficeret

233 3988 299 4030 cp.
316 3977 549 4021 Pettium.
676 3986 715 4020 e.
745 3973 993 4033 pmstttio
1023 3974 1249 4020 excidisse
1278 3973 1465 4020 videm.
1599 3972 1644 4019 d.
1676 3974 2008 4034 uppederentur
2037 3992 2076 4021 c.
2201 3989 2240 4021 e.
2273 3975 2476 4022 satellem
2510 3994 2550 4022 c.

231 4049 259 4096 f-
284 4054 521 4111 pnffluhm
553 4071 632 4111 ορ.
655 4055 895 4101 Panium.
1019 4065 1062 4110 g.
1094 4052 1262 4098 dicioni
1294 4071 1333 4098 c.

361 4140 409 4193 1.
434 4138 722 4195 Kemnade
739 4136 1099 4193 adWiseram
1117 4135 1190 4205 fl„
1215 4153 1249 4191 a
1266 4136 1671 4193 Bodenwerder
1687 4137 1757 4192 ad
1775 4139 2210 4208 septemtriones.
2283 4142 2337 4195 2.
2361 4140 2548 4197 Fisch-
2601 4209 2604 4213 .

232 4221 380 4296 beck,
412 4227 485 4283 ab
506 4226 741 4283 Hameln
771 4226 915 4281 inter
948 4224 1294 4284 occidentem
1331 4230 1389 4282 et
1421 4227 1857 4297 septemtriones.
1982 4229 2036 4284 3.
2071 4227 2156 4285 Of.
2192 4229 2432 4286 Gom-adi
2467 4230 2546 4285 111

233 4313 367 4383 regis
409 4315 653 4386 diploma
698 4318 806 4384 (ap.
833 4313 1046 4369 Erhard
1081 4315 1220 4385 Reg.
1244 4315 1323 4384 11,
1371 4315 1495 4372 cod.
1529 4315 1665 4385 dipl.
1701 4331 1758 4385 p.
1779 4317 1898 4382 46):
1947 4332 2086 4386 „per
2119 4333 2344 4373 aureum
2381 4317 2547 4374 dona-

232 4400 387 4458 tionis
422 4409 637 4462 nostrae
670 4403 896 4459 anulum
908 4403 953 4458 “.
1094 4403 1148 4459 4.
1192 4402 1277 4460 Of.
1306 4403 1546 4461 Wibaldi
1582 4404 1653 4460 ad
1690 4404 1999 4461 conradum
2035 4422 2222 4476 regem
2257 4406 2545 4475 epistolam

236 4503 280 4543 u.
304 4492 405 4546 201
441 4492 594 4560 infra,
632 4493 691 4547 in
725 4508 837 4563 qua
870 4492 953 4548 sic
988 4497 1100 4548 est:
1136 4508 1274 4562 „per
1306 4493 1650 4549 auctoritatis
1684 4499 1901 4550 vestrae
1935 4493 2163 4564 litteras,
2197 4495 2545 4550 Kaminatam

235 4590 325 4644 per
356 4582 630 4651 proprium
662 4582 907 4656 legatum
943 4581 1306 4652 transmissas,
1343 4582 1794 4641 Kaminateusem
1823 4584 2109 4643 ecclesiam
2147 4582 2545 4644 introivimus“.
