3319 5242
718 443 850 511 556
1384 454 1683 505 wmALm
1725 453 2101 503 smeromn
2140 451 2249 500 419.
2284 451 2393 500 ιω.

474 618 612 674 1153
717 604 838 671 hoc
883 602 1087 670 eidem
1115 600 1323 668 villico
1367 604 1583 666 nostro
1628 617 1860 685 panem
1904 595 2146 684 nuptiis
2180 595 2311 663 suis
2342 601 2754 682 preparatum
2785 601 2851 662 et
2875 595 3053 663 boves

384 707 423 741 ⁰·
442 696 556 751 '⁴¹¹⁸'
572 693 699 754 ΒΨ·
720 741 853 804 seit,
898 721 1106 806 ipsum
1151 738 1381 804 panem
1427 715 1862 799 subvehentes,
1911 712 2218 780 violenter
2262 713 2642 799 rapuissent,
2689 732 2820 780 non
2864 712 3058 780 solum

719 836 913 905 nichil
958 835 1365 923 profecimus3
1422 853 1676 916 verum,
1730 833 1892 897 sicut
1936 829 2263 914 sequentia
2307 828 2777 914 demonstrant,
2826 835 3061 896 vestros

721 973 955 1038 omnes,
1002 956 1074 1018 ut
1117 950 1414 1033 creditur,
1461 950 1542 1016 ad
1589 947 2063 1035 oppressionem
2106 950 2391 1013 nostram
2432 945 2784 1013 animastis.
2852 946 3065 1033 Neque

717 3166 1108 3235 Stabulensis
1153 3166 1490 3234 aecclesiae
1533 3165 1831 3251 conqueri
1875 3164 2194 3232 habemus.

718 3380 897 3451 420.
938 3381 1244 3447 Henrious
1300 3405 1496 3448 comes
1552 3382 1628 3446 de
1679 3359 1946 3462 Salmm,
2002 3378 2351 3445 Wibaldum
2398 3376 2734 3444 stabulaus
2785 3380 3057 3453 rediisse,

934 3499 1181 3584 yatcdet.
1271 3498 1376 3564 De
1412 3520 1575 3584 pace
1620 3499 1867 3563 turbata
1911 3519 1976 3560 se
2009 3506 2401 3583 praesentem
2459 3517 2597 3559 cum
2653 3516 2725 3559 eo
2779 3506 3058 3559 acturum

942 3638 1082 3679 esse.
2731 3607 2845 3689 (Μ.
2879 3608 3054 3689 402.)

470 3764 610 3819 1153
895 3744 1233 3828 wibaldo)
1271 3745 1392 3812 Dei
1436 3746 1644 3830 gratia
1675 3744 2034 3816 Stabulensi
2079 3743 2292 3812 abbati
2319 3741 2679 3826 H(enricus)
2726 3762 2940 3831 comes
2984 3743 3058 3810 de

380 3841 550 3897 ΨΜ·
569 3838 697 3899 ⁸⁰⁰²·
718 3864 983 3948 Salmes‚
1031 3862 1326 3949 quicquid
1370 3861 1608 3928 amicus
1654 3862 1877 3956 amico..

893 3978 1231 4047 Dilectioni
1276 3982 1522 4045 vestrae
1565 3983 1787 4045 notum
1832 3977 1935 4061 sit,
1981 3976 2059 4043 de
2104 3976 2376 4043 adventu
2406 3979 2614 4042 vestro
2659 3995 3055 4062 summopere

714 4119 817 4166 me
876 4096 1180 4181 gaudere,
1237 4099 1371 4161 tum
1432 4116 1544 4182 spe
1602 4093 1860 4161 discreti
1916 4092 2160 4159 consilii
2204 4092 2401 4159 vestri
2455 4096 2591 4160 tum
2648 4091 2833 4159 solite
2882 4093 3053 4179 pacis

714 4215 881 4281 inter
922 4232 1097 4279 meos
1143 4211 1427 4278 homines
1475 4217 1537 4278 et
1567 4215 1811 4278 vestros
1854 4209 2317 4277 reformatione.
2379 4208 2677 4288 Quamvis
2719 4209 2890 4274 enim
2920 4209 3053 4275 vin-

715 4329 924 4396 culum
970 4328 1320 4396 dilectionis
1366 4333 1620 4395 nostrae
1663 4327 1948 4394 homines
1994 4326 2190 4393 vestri
2232 4326 2425 4391 immo
2471 4323 2820 4391 adversarii
2864 4325 3051 4393 vestri

714 4466 1007 4532 rumpere
1053 4445 1427 4529 moliuntur,
1474 4444 1608 4511 Deo
1654 4445 1913 4529 gratiss,
1957 4444 2388 4529 incorruptum
2434 4441 2758 4508 remansit.
2851 4440 3047 4508 Enar-

715 4582 857 4630 rare
889 4582 1038 4629 vero
1082 4561 1336 4647 longum
1385 4565 1502 4645 est,
1549 4581 1710 4648 quae
1756 4568 1819 4628 et
1864 4565 2098 4646 quanta
2142 4581 2220 4628 ex
2266 4559 2588 4645 utriusque
2622 4556 2823 4625 latere
2854 4558 3044 4646 partis
