<?xml version="1.0" encoding="UTF-8"?>
<!DOCTYPE html PUBLIC "-//W3C//DTD XHTML 1.0 Transitional//EN"
    "http://www.w3.org/TR/xhtml1/DTD/xhtml1-transitional.dtd">
<html xmlns="http://www.w3.org/1999/xhtml" xml:lang="en" lang="en">
 <head>
  <title>
</title>
<meta http-equiv="Content-Type" content="text/html;charset=utf-8" />
  <meta name='ocr-system' content='tesseract 3.04.00' />
  <meta name='ocr-capabilities' content='ocr_page ocr_carea ocr_par ocr_line ocrx_word'/>
</head>
<body>
  <div class='ocr_page' id='page_1' title='image "./monumentacorbei00corvgoog_0526.png"; bbox 0 0 3319 5242; ppageno 0'>
   <div class='ocr_carea' id='block_1_1' title="bbox 737 457 2313 529">
    <p class='ocr_par' dir='ltr' id='par_1_1' title="bbox 737 457 2313 529">
     <span class='ocr_line' id='line_1_1' title="bbox 737 457 2313 529; baseline -0.006 0"><span class='ocrx_word' id='word_1_1' title='bbox 737 457 869 529; x_wconf 81' lang='lat'><strong>516</strong></span> <span class='ocrx_word' id='word_1_2' title='bbox 1493 474 1792 525; x_wconf 65' lang='lat' dir='ltr'><strong>wmAnm</strong></span> <span class='ocrx_word' id='word_1_3' title='bbox 1833 474 2161 525; x_wconf 66' lang='lat' dir='ltr'><strong>urrerem</strong></span> <span class='ocrx_word' id='word_1_4' title='bbox 2207 471 2313 521; x_wconf 57' lang='lat' dir='ltr'><strong>sse</strong></span> 
     </span>
    </p>
   </div>
   <div class='ocr_carea' id='block_1_2' title="bbox 551 612 3063 702">
    <p class='ocr_par' dir='ltr' id='par_1_2' title="bbox 551 612 3063 702">
     <span class='ocr_line' id='line_1_2' title="bbox 551 612 3063 702; baseline -0 -22"><span class='ocrx_word' id='word_1_5' title='bbox 551 624 690 684; x_wconf 80' lang='lat'>1152</span> <span class='ocrx_word' id='word_1_6' title='bbox 732 619 1102 687; x_wconf 88' lang='lat' dir='ltr'><strong>fidelitatem</strong></span> <span class='ocrx_word' id='word_1_7' title='bbox 1166 617 1533 685; x_wconf 86' lang='lat' dir='ltr'><strong>iuraverunt</strong></span> <span class='ocrx_word' id='word_1_8' title='bbox 1589 623 1655 686; x_wconf 89' lang='lat' dir='ltr'><strong>et</strong></span> <span class='ocrx_word' id='word_1_9' title='bbox 1708 637 1941 702; x_wconf 84' lang='lat' dir='ltr'><strong>magna</strong></span> <span class='ocrx_word' id='word_1_10' title='bbox 1993 613 2295 684; x_wconf 86' lang='lat' dir='ltr'><strong>beneficia</strong></span> <span class='ocrx_word' id='word_1_11' title='bbox 2347 633 2387 680; x_wconf 85' lang='lat' dir='ltr'><strong>a</strong></span> <span class='ocrx_word' id='word_1_12' title='bbox 2437 612 2618 681; x_wconf 88' lang='lat' dir='ltr'><strong>nobis</strong></span> <span class='ocrx_word' id='word_1_13' title='bbox 2675 612 2938 694; x_wconf 82' lang='lat' dir='ltr'><strong>habent3</strong></span> <span class='ocrx_word' id='word_1_14' title='bbox 3002 615 3063 679; x_wconf 83' lang='lat' dir='ltr'><strong>et</strong></span> 
     </span>
    </p>
   </div>
   <div class='ocr_carea' id='block_1_3' title="bbox 538 698 699 746">
    <p class='ocr_par' dir='ltr' id='par_1_3' title="bbox 538 698 699 746">
     <span class='ocr_line' id='line_1_3' title="bbox 538 698 699 746; baseline 0.007 -1"><span class='ocrx_word' id='word_1_15' title='bbox 538 698 649 746; x_wconf 83' lang='lat' dir='ltr'><strong>IuL&#39;</strong></span> <span class='ocrx_word' id='word_1_16' title='bbox 635 713 699 746; x_wconf 87' lang='grc' dir='ltr'><strong>ιιι.</strong></span> 
     </span>
    </p>
   </div>
   <div class='ocr_carea' id='block_1_4' title="bbox 714 729 3068 4162">
    <p class='ocr_par' dir='ltr' id='par_1_4' title="bbox 714 729 3068 4162">
     <span class='ocr_line' id='line_1_4' title="bbox 735 729 3065 820; baseline -0.003 -18"><span class='ocrx_word' id='word_1_17' title='bbox 735 740 981 803; x_wconf 86' lang='lat' dir='ltr'><strong>armata</strong></span> <span class='ocrx_word' id='word_1_18' title='bbox 1028 754 1220 802; x_wconf 90' lang='lat' dir='ltr'><strong>manu</strong></span> <span class='ocrx_word' id='word_1_19' title='bbox 1264 734 1659 801; x_wconf 86' lang='lat' dir='ltr'><strong>intraverunt</strong></span> <span class='ocrx_word' id='word_1_20' title='bbox 1702 733 2005 820; x_wconf 88' lang='lat' dir='ltr'><strong>oppidum</strong></span> <span class='ocrx_word' id='word_1_21' title='bbox 2048 737 2334 800; x_wconf 85' lang='lat' dir='ltr'><strong>nostrum</strong></span> <span class='ocrx_word' id='word_1_22' title='bbox 2380 729 2733 798; x_wconf 85' lang='lat' dir='ltr'><strong>Huxariam</strong></span> <span class='ocrx_word' id='word_1_23' title='bbox 2779 734 2876 812; x_wconf 89' lang='lat' dir='ltr'><strong>et,</strong></span> <span class='ocrx_word' id='word_1_24' title='bbox 2930 748 3065 815; x_wconf 89' lang='lat' dir='ltr'><strong>pre-</strong></span> 
     </span>
     <span class='ocr_line' id='line_1_5' title="bbox 733 846 3065 937; baseline -0.003 -20"><span class='ocrx_word' id='word_1_25' title='bbox 733 851 930 917; x_wconf 88' lang='lat' dir='ltr'><strong>missa</strong></span> <span class='ocrx_word' id='word_1_26' title='bbox 971 850 1278 937; x_wconf 88' lang='lat' dir='ltr'><strong>paulatim</strong></span> <span class='ocrx_word' id='word_1_27' title='bbox 1321 856 1387 918; x_wconf 91' lang='lat' dir='ltr'><strong>et</strong></span> <span class='ocrx_word' id='word_1_28' title='bbox 1426 871 1543 937; x_wconf 90' lang='lat' dir='ltr'><strong>per</strong></span> <span class='ocrx_word' id='word_1_29' title='bbox 1584 855 1829 917; x_wconf 86' lang='lat' dir='ltr'><strong>turmas</strong></span> <span class='ocrx_word' id='word_1_30' title='bbox 1871 848 2120 933; x_wconf 90' lang='lat' dir='ltr'><strong>militia,</strong></span> <span class='ocrx_word' id='word_1_31' title='bbox 2167 848 2420 916; x_wconf 88' lang='lat' dir='ltr'><strong>tandem</strong></span> <span class='ocrx_word' id='word_1_32' title='bbox 2467 846 2696 914; x_wconf 84' lang='lat' dir='ltr'><strong>armati</strong></span> <span class='ocrx_word' id='word_1_33' title='bbox 2740 851 2807 912; x_wconf 91' lang='lat' dir='ltr'><strong>et</strong></span> <span class='ocrx_word' id='word_1_34' title='bbox 2849 850 3065 932; x_wconf 87' lang='lat' dir='ltr'><strong>paten-</strong></span> 
     </span>
     <span class='ocr_line' id='line_1_6' title="bbox 733 960 3065 1053; baseline -0.003 -20"><span class='ocrx_word' id='word_1_35' title='bbox 733 966 902 1034; x_wconf 84' lang='lat' dir='ltr'>tibus</span> <span class='ocrx_word' id='word_1_36' title='bbox 955 966 1205 1034; x_wconf 87' lang='lat' dir='ltr'><strong>vexillis</strong></span> <span class='ocrx_word' id='word_1_37' title='bbox 1261 986 1451 1053; x_wconf 91' lang='lat' dir='ltr'><strong>super</strong></span> <span class='ocrx_word' id='word_1_38' title='bbox 1502 965 1787 1032; x_wconf 88' lang='lat' dir='ltr'><strong>incautos</strong></span> <span class='ocrx_word' id='word_1_39' title='bbox 1842 964 2194 1048; x_wconf 88' lang='lat' dir='ltr'><strong>irruerunt,</strong></span> <span class='ocrx_word' id='word_1_40' title='bbox 2249 963 2604 1031; x_wconf 84' lang='lat' dir='ltr'><strong>Folcwinus</strong></span> <span class='ocrx_word' id='word_1_41' title='bbox 2660 960 2957 1028; x_wconf 87' lang='lat' dir='ltr'><strong>videlicet</strong></span> <span class='ocrx_word' id='word_1_42' title='bbox 3005 965 3065 1026; x_wconf 89' lang='lat' dir='ltr'><strong>et</strong></span> 
     </span>
     <span class='ocr_line' id='line_1_7' title="bbox 731 1078 3064 1164; baseline -0.004 -13"><span class='ocrx_word' id='word_1_43' title='bbox 731 1082 1144 1151; x_wconf 87' lang='lat' dir='ltr'><strong>Widekindus</strong></span> <span class='ocrx_word' id='word_1_44' title='bbox 1188 1082 1445 1164; x_wconf 74' lang='lat' dir='ltr'><strong>stati-es3</strong></span> <span class='ocrx_word' id='word_1_45' title='bbox 1491 1086 1558 1148; x_wconf 90' lang='lat' dir='ltr'><strong>et</strong></span> <span class='ocrx_word' id='word_1_46' title='bbox 1598 1080 1669 1147; x_wconf 90' lang='lat' dir='ltr'><strong>in</strong></span> <span class='ocrx_word' id='word_1_47' title='bbox 1703 1080 2000 1148; x_wconf 80' lang='lat' dir='ltr'><strong>vastitate</strong></span> <span class='ocrx_word' id='word_1_48' title='bbox 2044 1079 2260 1148; x_wconf 83' lang='lat' dir='ltr'><strong>hostili</strong></span> <span class='ocrx_word' id='word_1_49' title='bbox 2302 1084 2507 1146; x_wconf 89' lang='lat' dir='ltr'><strong>totum</strong></span> <span class='ocrx_word' id='word_1_50' title='bbox 2548 1078 2759 1145; x_wconf 85' lang='lat' dir='ltr'><strong>locum</strong></span> <span class='ocrx_word' id='word_1_51' title='bbox 2804 1096 3064 1163; x_wconf 83' lang='lat' dir='ltr'><strong>oocupa-</strong></span> 
     </span>
     <span class='ocr_line' id='line_1_8' title="bbox 730 1193 3065 1283; baseline -0.004 -16"><span class='ocrx_word' id='word_1_52' title='bbox 730 1204 974 1268; x_wconf 86' lang='lat' dir='ltr'><strong>verunt.</strong></span> <span class='ocrx_word' id='word_1_53' title='bbox 1078 1199 1312 1266; x_wconf 89' lang='lat' dir='ltr'>Triduo</span> <span class='ocrx_word' id='word_1_54' title='bbox 1379 1198 1594 1283; x_wconf 88' lang='lat' dir='ltr'><strong>itaque</strong></span> <span class='ocrx_word' id='word_1_55' title='bbox 1657 1195 1891 1263; x_wconf 84' lang='lat' dir='ltr'>ibidem</span> <span class='ocrx_word' id='word_1_56' title='bbox 1959 1201 2424 1264; x_wconf 83' lang='lat' dir='ltr'><strong>commanentes</strong></span> <span class='ocrx_word' id='word_1_57' title='bbox 2480 1201 2547 1261; x_wconf 93' lang='lat' dir='ltr'><strong>et</strong></span> <span class='ocrx_word' id='word_1_58' title='bbox 2598 1213 2851 1261; x_wconf 91' lang='lat' dir='ltr'><strong>omnem</strong></span> <span class='ocrx_word' id='word_1_59' title='bbox 2906 1193 3065 1259; x_wconf 84' lang='lat' dir='ltr'><strong>circa</strong></span> 
     </span>
     <span class='ocr_line' id='line_1_9' title="bbox 727 1310 3067 1401; baseline -0.003 -20"><span class='ocrx_word' id='word_1_60' title='bbox 727 1315 1048 1399; x_wconf 81' lang='lat' dir='ltr'><strong>regionem</strong></span> <span class='ocrx_word' id='word_1_61' title='bbox 1062 1365 1081 1400; x_wconf 92' lang='lat'><strong>,</strong></span> <span class='ocrx_word' id='word_1_62' title='bbox 1137 1335 1296 1401; x_wconf 91' lang='lat' dir='ltr'><strong>quae</strong></span> <span class='ocrx_word' id='word_1_63' title='bbox 1342 1314 1424 1380; x_wconf 88' lang='lat' dir='ltr'><strong>ad</strong></span> <span class='ocrx_word' id='word_1_64' title='bbox 1466 1313 1852 1400; x_wconf 89' lang='lat' dir='ltr'><strong>prebendam</strong></span> <span class='ocrx_word' id='word_1_65' title='bbox 1894 1313 2165 1379; x_wconf 80' lang='lat' dir='ltr'><strong>fratrum</strong></span> <span class='ocrx_word' id='word_1_66' title='bbox 2208 1310 2563 1399; x_wconf 78' lang='lat' dir='ltr'><strong>specialiter</strong></span> <span class='ocrx_word' id='word_1_67' title='bbox 2606 1310 2917 1397; x_wconf 85' lang='lat' dir='ltr'><strong>pertinet,</strong></span> <span class='ocrx_word' id='word_1_68' title='bbox 2960 1328 3067 1394; x_wconf 52' lang='lat' dir='ltr'><strong>per</strong></span> 
     </span>
     <span class='ocr_line' id='line_1_10' title="bbox 726 1425 3065 1514; baseline -0.003 -17"><span class='ocrx_word' id='word_1_69' title='bbox 726 1432 898 1497; x_wconf 88' lang='lat' dir='ltr'><strong>nitus</strong></span> <span class='ocrx_word' id='word_1_70' title='bbox 943 1431 1364 1514; x_wconf 86' lang='lat' dir='ltr'><strong>devastantes,</strong></span> <span class='ocrx_word' id='word_1_71' title='bbox 1407 1430 1861 1498; x_wconf 87' lang='lat' dir='ltr'><strong>nefandissima</strong></span> <span class='ocrx_word' id='word_1_72' title='bbox 1904 1427 2140 1496; x_wconf 87' lang='lat' dir='ltr'><strong>scelera</strong></span> <span class='ocrx_word' id='word_1_73' title='bbox 2183 1429 2251 1495; x_wconf 91' lang='lat' dir='ltr'><strong>in</strong></span> <span class='ocrx_word' id='word_1_74' title='bbox 2278 1428 2448 1495; x_wconf 91' lang='lat' dir='ltr'><strong>viros</strong></span> <span class='ocrx_word' id='word_1_75' title='bbox 2495 1446 2569 1494; x_wconf 88' lang='lat' dir='ltr'><strong>ac</strong></span> <span class='ocrx_word' id='word_1_76' title='bbox 2596 1425 2896 1493; x_wconf 88' lang='lat' dir='ltr'><strong>mulieres</strong></span> <span class='ocrx_word' id='word_1_77' title='bbox 2924 1444 3065 1511; x_wconf 89' lang='lat' dir='ltr'><strong>pas-</strong></span> 
     </span>
     <span class='ocr_line' id='line_1_11' title="bbox 726 1542 3065 1633; baseline -0.003 -20"><span class='ocrx_word' id='word_1_78' title='bbox 726 1547 849 1616; x_wconf 91' lang='lat' dir='ltr'><strong>sim</strong></span> <span class='ocrx_word' id='word_1_79' title='bbox 893 1546 1373 1629; x_wconf 89' lang='lat' dir='ltr'><strong>commiserunt;</strong></span> <span class='ocrx_word' id='word_1_80' title='bbox 1432 1551 1497 1613; x_wconf 87' lang='lat' dir='ltr'><strong>et</strong></span> <span class='ocrx_word' id='word_1_81' title='bbox 1538 1552 1687 1633; x_wconf 90' lang='lat' dir='ltr'><strong>post</strong></span> <span class='ocrx_word' id='word_1_82' title='bbox 1726 1545 2045 1633; x_wconf 86' lang='lat' dir='ltr'><strong>publicam</strong></span> <span class='ocrx_word' id='word_1_83' title='bbox 2090 1550 2277 1630; x_wconf 88' lang='lat' dir='ltr'><strong>atque</strong></span> <span class='ocrx_word' id='word_1_84' title='bbox 2320 1562 2715 1612; x_wconf 90' lang='lat' dir='ltr'><strong>communem</strong></span> <span class='ocrx_word' id='word_1_85' title='bbox 2756 1542 3065 1628; x_wconf 76' lang='lat' dir='ltr'><strong>rapinam,</strong></span> 
     </span>
     <span class='ocr_line' id='line_1_12' title="bbox 727 1656 3067 1748; baseline 0 -20"><span class='ocrx_word' id='word_1_86' title='bbox 727 1682 888 1748; x_wconf 87' lang='lat' dir='ltr'><strong>quae</strong></span> <span class='ocrx_word' id='word_1_87' title='bbox 943 1665 1239 1730; x_wconf 89' lang='lat' dir='ltr'><strong>estimata</strong></span> <span class='ocrx_word' id='word_1_88' title='bbox 1292 1667 1390 1730; x_wconf 88' lang='lat' dir='ltr'><strong>est</strong></span> <span class='ocrx_word' id='word_1_89' title='bbox 1439 1661 1634 1729; x_wconf 81' lang='lat' dir='ltr'><strong>fuisse</strong></span> <span class='ocrx_word' id='word_1_90' title='bbox 1689 1665 2149 1745; x_wconf 85' lang='lat' dir='ltr'><strong>nongentarum</strong></span> <span class='ocrx_word' id='word_1_91' title='bbox 2191 1660 2498 1728; x_wconf 87' lang='lat' dir='ltr'><strong>librarum</strong></span> <span class='ocrx_word' id='word_1_92' title='bbox 2541 1659 2978 1740; x_wconf 89' lang='lat' dir='ltr'><strong>denariorum,</strong></span> <span class='ocrx_word' id='word_1_93' title='bbox 3030 1656 3067 1728; x_wconf 68' lang='grc' dir='ltr'><strong>εἰ,</strong></span> 
     </span>
     <span class='ocr_line' id='line_1_13' title="bbox 725 1773 3066 1865; baseline -0.002 -22"><span class='ocrx_word' id='word_1_94' title='bbox 725 1778 993 1865; x_wconf 87' lang='lat' dir='ltr'><strong>captivis</strong></span> <span class='ocrx_word' id='word_1_95' title='bbox 1035 1778 1423 1863; x_wconf 91' lang='lat' dir='ltr'><strong>melioribus,</strong></span> <span class='ocrx_word' id='word_1_96' title='bbox 1477 1798 1632 1864; x_wconf 89' lang='lat' dir='ltr'><strong>quos</strong></span> <span class='ocrx_word' id='word_1_97' title='bbox 1678 1778 1717 1844; x_wconf 79' lang='lat' dir='ltr'><strong>a</strong></span> <span class='ocrx_word' id='word_1_98' title='bbox 1759 1778 2134 1864; x_wconf 80' lang='lat' dir='ltr'><strong>pauperiore</strong></span> <span class='ocrx_word' id='word_1_99' title='bbox 2178 1778 2366 1844; x_wconf 91' lang='lat' dir='ltr'><strong>turba</strong></span> <span class='ocrx_word' id='word_1_100' title='bbox 2408 1778 2912 1860; x_wconf 78' lang='lat' dir='ltr'><strong>segregaverant,</strong></span> <span class='ocrx_word' id='word_1_101' title='bbox 2958 1773 3066 1839; x_wconf 88' lang='lat' dir='ltr'><strong>du·</strong></span> 
     </span>
     <span class='ocr_line' id='line_1_14' title="bbox 724 1889 3066 1980; baseline -0.003 -20"><span class='ocrx_word' id='word_1_102' title='bbox 724 1897 939 1960; x_wconf 87' lang='lat' dir='ltr'><strong>centas</strong></span> <span class='ocrx_word' id='word_1_103' title='bbox 985 1895 1439 1980; x_wconf 86' lang='lat' dir='ltr'><strong>quinquaginta</strong></span> <span class='ocrx_word' id='word_1_104' title='bbox 1481 1900 1611 1960; x_wconf 91' lang='lat' dir='ltr'><strong>tres</strong></span> <span class='ocrx_word' id='word_1_105' title='bbox 1656 1893 1852 1961; x_wconf 91' lang='lat' dir='ltr'><strong>libras</strong></span> <span class='ocrx_word' id='word_1_106' title='bbox 1894 1914 2293 1961; x_wconf 85' lang='lat' dir='ltr'><strong>nummorum</strong></span> <span class='ocrx_word' id='word_1_107' title='bbox 2325 1894 2742 1977; x_wconf 85' lang='lat' dir='ltr'><strong>extorserunt.</strong></span> <span class='ocrx_word' id='word_1_108' title='bbox 2803 1889 3066 1975; x_wconf 80' lang='lat' dir='ltr'><strong>Insuper</strong></span> 
     </span>
     <span class='ocr_line' id='line_1_15' title="bbox 722 2004 3068 2095; baseline -0.001 -22"><span class='ocrx_word' id='word_1_109' title='bbox 722 2008 959 2074; x_wconf 88' lang='lat' dir='ltr'><strong>vallum</strong></span> <span class='ocrx_word' id='word_1_110' title='bbox 1004 2015 1070 2076; x_wconf 91' lang='lat' dir='ltr'><strong>et</strong></span> <span class='ocrx_word' id='word_1_111' title='bbox 1112 2011 1490 2077; x_wconf 86' lang='lat' dir='ltr'><strong>munitiones</strong></span> <span class='ocrx_word' id='word_1_112' title='bbox 1507 2060 1524 2094; x_wconf 93' lang='lat'><strong>,</strong></span> <span class='ocrx_word' id='word_1_113' title='bbox 1582 2031 1743 2095; x_wconf 87' lang='lat' dir='ltr'><strong>quae</strong></span> <span class='ocrx_word' id='word_1_114' title='bbox 1789 2013 2163 2078; x_wconf 86' lang='lat' dir='ltr'><strong>auctoritate</strong></span> <span class='ocrx_word' id='word_1_115' title='bbox 2207 2010 2383 2094; x_wconf 89' lang='lat' dir='ltr'><strong>regia</strong></span> <span class='ocrx_word' id='word_1_116' title='bbox 2427 2014 2491 2075; x_wconf 92' lang='lat' dir='ltr'><strong>et</strong></span> <span class='ocrx_word' id='word_1_117' title='bbox 2532 2007 2835 2094; x_wconf 79' lang='lat' dir='ltr'><strong>precipue</strong></span> <span class='ocrx_word' id='word_1_118' title='bbox 2875 2004 3068 2093; x_wconf 86' lang='lat' dir='ltr'><strong>privi-</strong></span> 
     </span>
     <span class='ocr_line' id='line_1_16' title="bbox 719 2123 3067 2213; baseline -0.001 -24"><span class='ocrx_word' id='word_1_119' title='bbox 719 2123 885 2209; x_wconf 88' lang='lat' dir='ltr'><strong>legio</strong></span> <span class='ocrx_word' id='word_1_120' title='bbox 941 2126 1162 2193; x_wconf 84' lang='lat' dir='ltr'><strong>beatae</strong></span> <span class='ocrx_word' id='word_1_121' title='bbox 1216 2126 1667 2193; x_wconf 89' lang='lat' dir='ltr'><strong>recordationis</strong></span> <span class='ocrx_word' id='word_1_122' title='bbox 1731 2127 1945 2213; x_wconf 88' lang='lat' dir='ltr'><strong>patrui</strong></span> <span class='ocrx_word' id='word_1_123' title='bbox 2014 2147 2087 2193; x_wconf 88' lang='lat' dir='ltr'><strong>ac</strong></span> <span class='ocrx_word' id='word_1_124' title='bbox 2142 2123 2602 2212; x_wconf 82' lang='lat' dir='ltr'><strong>predecessoris</strong></span> <span class='ocrx_word' id='word_1_125' title='bbox 2656 2123 2857 2188; x_wconf 84' lang='lat' dir='ltr'><strong>vestri</strong></span> <span class='ocrx_word' id='word_1_126' title='bbox 2923 2140 3067 2189; x_wconf 80' lang='lat' dir='ltr'><strong>con·</strong></span> 
     </span>
     <span class='ocr_line' id='line_1_17' title="bbox 721 2238 3063 2326; baseline -0.001 -20"><span class='ocrx_word' id='word_1_127' title='bbox 721 2246 997 2308; x_wconf 85' lang='lat' dir='ltr'><strong>structae</strong></span> <span class='ocrx_word' id='word_1_128' title='bbox 1040 2242 1311 2326; x_wconf 88' lang='lat' dir='ltr'><strong>fuerant,</strong></span> <span class='ocrx_word' id='word_1_129' title='bbox 1357 2262 1501 2309; x_wconf 88' lang='lat' dir='ltr'><strong>cum</strong></span> <span class='ocrx_word' id='word_1_130' title='bbox 1542 2241 1832 2309; x_wconf 85' lang='lat' dir='ltr'><strong>advocati</strong></span> <span class='ocrx_word' id='word_1_131' title='bbox 1862 2249 2071 2310; x_wconf 89' lang='lat' dir='ltr'><strong>essent</strong></span> <span class='ocrx_word' id='word_1_132' title='bbox 2102 2243 2378 2320; x_wconf 88' lang='lat' dir='ltr'><strong>eiusdem</strong></span> <span class='ocrx_word' id='word_1_133' title='bbox 2407 2240 2550 2324; x_wconf 86' lang='lat' dir='ltr'><strong>loci,</strong></span> <span class='ocrx_word' id='word_1_134' title='bbox 2597 2238 3063 2305; x_wconf 81' lang='lat' dir='ltr'><strong>destruxerunt.</strong></span> 
     </span>
     <span class='ocr_line' id='line_1_18' title="bbox 720 2353 3063 2450; baseline -0.002 -27"><span class='ocrx_word' id='word_1_135' title='bbox 720 2355 948 2450; x_wconf 85' lang='lat' dir='ltr'><strong>Nullae</strong></span> <span class='ocrx_word' id='word_1_136' title='bbox 999 2359 1167 2423; x_wconf 90' lang='lat' dir='ltr'><strong>inter</strong></span> <span class='ocrx_word' id='word_1_137' title='bbox 1219 2378 1334 2423; x_wconf 92' lang='lat' dir='ltr'><strong>nos</strong></span> <span class='ocrx_word' id='word_1_138' title='bbox 1390 2363 1453 2424; x_wconf 93' lang='lat' dir='ltr'><strong>et</strong></span> <span class='ocrx_word' id='word_1_139' title='bbox 1494 2358 1667 2444; x_wconf 90' lang='lat' dir='ltr'><strong>ipsos</strong></span> <span class='ocrx_word' id='word_1_140' title='bbox 1713 2357 2089 2450; x_wconf 79' lang='lat' dir='ltr'><strong>inimiciciae</strong></span> <span class='ocrx_word' id='word_1_141' title='bbox 2135 2362 2345 2441; x_wconf 89' lang='lat' dir='ltr'><strong>erant,</strong></span> <span class='ocrx_word' id='word_1_142' title='bbox 2400 2362 2528 2439; x_wconf 89' lang='lat' dir='ltr'><strong>set,</strong></span> <span class='ocrx_word' id='word_1_143' title='bbox 2573 2353 2870 2441; x_wconf 85' lang='lat' dir='ltr'><strong>proxime</strong></span> <span class='ocrx_word' id='word_1_144' title='bbox 2927 2371 3063 2418; x_wconf 89' lang='lat' dir='ltr'><strong>cum</strong></span> 
     </span>
     <span class='ocr_line' id='line_1_19' title="bbox 720 2468 3064 2561; baseline -0.003 -22"><span class='ocrx_word' id='word_1_145' title='bbox 720 2472 800 2550; x_wconf 81' lang='lat' dir='ltr'><strong>ab</strong></span> <span class='ocrx_word' id='word_1_146' title='bbox 847 2474 938 2540; x_wconf 89' lang='lat' dir='ltr'><strong>eis</strong></span> <span class='ocrx_word' id='word_1_147' title='bbox 982 2474 1051 2539; x_wconf 89' lang='lat' dir='ltr'><strong>in</strong></span> <span class='ocrx_word' id='word_1_148' title='bbox 1097 2473 1307 2540; x_wconf 90' lang='lat' dir='ltr'><strong>osculo</strong></span> <span class='ocrx_word' id='word_1_149' title='bbox 1352 2474 1527 2561; x_wconf 85' lang='lat' dir='ltr'><strong>pacis</strong></span> <span class='ocrx_word' id='word_1_150' title='bbox 1573 2493 2031 2540; x_wconf 87' lang='lat' dir='ltr'><strong>recesseramus</strong></span> <span class='ocrx_word' id='word_1_151' title='bbox 2049 2523 2067 2558; x_wconf 90' lang='lat'><strong>,</strong></span> <span class='ocrx_word' id='word_1_152' title='bbox 2114 2473 2353 2540; x_wconf 91' lang='lat' dir='ltr'><strong>nullam</strong></span> <span class='ocrx_word' id='word_1_153' title='bbox 2409 2490 2707 2556; x_wconf 86' lang='lat' dir='ltr'><strong>umquam</strong></span> <span class='ocrx_word' id='word_1_154' title='bbox 2752 2468 3064 2555; x_wconf 89' lang='lat' dir='ltr'><strong>querimo-</strong></span> 
     </span>
     <span class='ocr_line' id='line_1_20' title="bbox 719 2586 3065 2677; baseline -0.002 -22"><span class='ocrx_word' id='word_1_155' title='bbox 719 2589 893 2656; x_wconf 83' lang='lat' dir='ltr'><strong>niam</strong></span> <span class='ocrx_word' id='word_1_156' title='bbox 922 2588 1027 2656; x_wconf 92' lang='lat' dir='ltr'><strong>vel</strong></span> <span class='ocrx_word' id='word_1_157' title='bbox 1070 2588 1250 2657; x_wconf 91' lang='lat' dir='ltr'><strong>nobis</strong></span> <span class='ocrx_word' id='word_1_158' title='bbox 1280 2588 1383 2656; x_wconf 91' lang='lat' dir='ltr'><strong>vel</strong></span> <span class='ocrx_word' id='word_1_159' title='bbox 1427 2588 1614 2657; x_wconf 86' lang='lat' dir='ltr'><strong>alicui</strong></span> <span class='ocrx_word' id='word_1_160' title='bbox 1662 2610 1853 2677; x_wconf 88' lang='lat' dir='ltr'><strong>super</strong></span> <span class='ocrx_word' id='word_1_161' title='bbox 1894 2590 2211 2677; x_wconf 89' lang='lat' dir='ltr'><strong>predictos</strong></span> <span class='ocrx_word' id='word_1_162' title='bbox 2259 2589 2601 2673; x_wconf 86' lang='lat' dir='ltr'><strong>burgenses</strong></span> <span class='ocrx_word' id='word_1_163' title='bbox 2636 2586 2924 2653; x_wconf 88' lang='lat' dir='ltr'><strong>fecerant</strong></span> <span class='ocrx_word' id='word_1_164' title='bbox 2952 2602 3065 2652; x_wconf 87' lang='lat' dir='ltr'><strong>nec</strong></span> 
     </span>
     <span class='ocr_line' id='line_1_21' title="bbox 721 2699 3063 2797; baseline -0.002 -27"><span class='ocrx_word' id='word_1_165' title='bbox 721 2703 983 2770; x_wconf 86' lang='lat' dir='ltr'><strong>alicuius</strong></span> <span class='ocrx_word' id='word_1_166' title='bbox 1041 2704 1194 2797; x_wconf 87' lang='lat' dir='ltr'><strong>mali</strong></span> <span class='ocrx_word' id='word_1_167' title='bbox 1247 2705 1519 2792; x_wconf 90' lang='lat' dir='ltr'><strong>suspicio</strong></span> <span class='ocrx_word' id='word_1_168' title='bbox 1563 2706 1732 2773; x_wconf 89' lang='lat' dir='ltr'><strong>inter</strong></span> <span class='ocrx_word' id='word_1_169' title='bbox 1776 2707 1948 2793; x_wconf 89' lang='lat' dir='ltr'><strong>ipsos</strong></span> <span class='ocrx_word' id='word_1_170' title='bbox 1996 2711 2060 2772; x_wconf 91' lang='lat' dir='ltr'><strong>et</strong></span> <span class='ocrx_word' id='word_1_171' title='bbox 2101 2710 2350 2771; x_wconf 88' lang='lat' dir='ltr'><strong>nostros</strong></span> <span class='ocrx_word' id='word_1_172' title='bbox 2395 2703 2760 2770; x_wconf 88' lang='lat' dir='ltr'><strong>habebatur.</strong></span> <span class='ocrx_word' id='word_1_173' title='bbox 2944 2699 3063 2767; x_wconf 90' lang='lat' dir='ltr'><strong>Pro</strong></span> 
     </span>
     <span class='ocr_line' id='line_1_22' title="bbox 716 2810 3061 2905; baseline -0.001 -20"><span class='ocrx_word' id='word_1_174' title='bbox 716 2819 835 2885; x_wconf 86' lang='lat' dir='ltr'><strong>hac</strong></span> <span class='ocrx_word' id='word_1_175' title='bbox 878 2826 1012 2886; x_wconf 84' lang='lat' dir='ltr'><strong>tam</strong></span> <span class='ocrx_word' id='word_1_176' title='bbox 1058 2820 1254 2886; x_wconf 89' lang='lat' dir='ltr'><strong>atroci</strong></span> <span class='ocrx_word' id='word_1_177' title='bbox 1290 2821 1673 2888; x_wconf 89' lang='lat' dir='ltr'><strong>contumelia</strong></span> <span class='ocrx_word' id='word_1_178' title='bbox 1704 2822 1933 2889; x_wconf 87' lang='lat' dir='ltr'><strong>fratres</strong></span> <span class='ocrx_word' id='word_1_179' title='bbox 1964 2821 2188 2905; x_wconf 89' lang='lat' dir='ltr'><strong>nostri,</strong></span> <span class='ocrx_word' id='word_1_180' title='bbox 2234 2840 2379 2886; x_wconf 90' lang='lat' dir='ltr'><strong>cum</strong></span> <span class='ocrx_word' id='word_1_181' title='bbox 2411 2819 2699 2886; x_wconf 86' lang='lat' dir='ltr'><strong>absentes</strong></span> <span class='ocrx_word' id='word_1_182' title='bbox 2729 2836 3010 2885; x_wconf 88' lang='lat' dir='ltr'><strong>essemus</strong></span> <span class='ocrx_word' id='word_1_183' title='bbox 3026 2810 3061 2899; x_wconf 89' lang='lat'><strong>¹,</strong></span> 
     </span>
     <span class='ocr_line' id='line_1_23' title="bbox 716 2920 3061 3023; baseline -0.001 -20"><span class='ocrx_word' id='word_1_184' title='bbox 716 2955 983 3022; x_wconf 90' lang='lat' dir='ltr'><strong>corpora</strong></span> <span class='ocrx_word' id='word_1_185' title='bbox 1039 2941 1395 3003; x_wconf 85' lang='lat' dir='ltr'><strong>sanctorum</strong></span> <span class='ocrx_word' id='word_1_186' title='bbox 1446 2937 1576 3004; x_wconf 91' lang='lat' dir='ltr'><strong>Viti</strong></span> <span class='ocrx_word' id='word_1_187' title='bbox 1635 2943 1700 3005; x_wconf 93' lang='lat' dir='ltr'><strong>et</strong></span> <span class='ocrx_word' id='word_1_188' title='bbox 1744 2937 1999 3021; x_wconf 90' lang='lat' dir='ltr'><strong>Iustini,</strong></span> <span class='ocrx_word' id='word_1_189' title='bbox 2057 2957 2217 3023; x_wconf 90' lang='lat' dir='ltr'><strong>quae</strong></span> <span class='ocrx_word' id='word_1_190' title='bbox 2271 2935 2439 3022; x_wconf 88' lang='lat' dir='ltr'><strong>apud</strong></span> <span class='ocrx_word' id='word_1_191' title='bbox 2481 2955 2597 3001; x_wconf 92' lang='lat' dir='ltr'><strong>nos</strong></span> <span class='ocrx_word' id='word_1_192' title='bbox 2641 2920 3061 3020; x_wconf 71' lang='lat' dir='ltr'><strong>requiescunt,</strong></span> 
     </span>
     <span class='ocr_line' id='line_1_24' title="bbox 714 3042 3062 3138; baseline -0 -21"><span class='ocrx_word' id='word_1_193' title='bbox 714 3050 783 3117; x_wconf 90' lang='lat' dir='ltr'><strong>in</strong></span> <span class='ocrx_word' id='word_1_194' title='bbox 839 3055 1075 3119; x_wconf 89' lang='lat' dir='ltr'><strong>terram</strong></span> <span class='ocrx_word' id='word_1_195' title='bbox 1130 3052 1584 3138; x_wconf 88' lang='lat' dir='ltr'><strong>deposuerunt,</strong></span> <span class='ocrx_word' id='word_1_196' title='bbox 1645 3059 1708 3119; x_wconf 91' lang='lat' dir='ltr'><strong>et</strong></span> <span class='ocrx_word' id='word_1_197' title='bbox 1752 3052 2097 3119; x_wconf 89' lang='lat' dir='ltr'><strong>humiliatis</strong></span> <span class='ocrx_word' id='word_1_198' title='bbox 2143 3051 2427 3119; x_wconf 84' lang='lat' dir='ltr'><strong>crucifixi</strong></span> <span class='ocrx_word' id='word_1_199' title='bbox 2473 3042 2819 3117; x_wconf 84' lang='lat' dir='ltr'><strong>Salvatoris</strong></span> <span class='ocrx_word' id='word_1_200' title='bbox 2863 3048 3062 3116; x_wconf 86' lang='lat' dir='ltr'><strong>nostri</strong></span> 
     </span>
     <span class='ocr_line' id='line_1_25' title="bbox 716 3162 3060 3255; baseline -0 -23"><span class='ocrx_word' id='word_1_201' title='bbox 716 3167 1117 3253; x_wconf 86' lang='lat' dir='ltr'><strong>imaginibus,</strong></span> <span class='ocrx_word' id='word_1_202' title='bbox 1147 3168 1244 3235; x_wconf 62' lang='lat' dir='ltr'><strong>“ab</strong></span> <span class='ocrx_word' id='word_1_203' title='bbox 1289 3168 1461 3234; x_wconf 93' lang='lat' dir='ltr'><strong>omni</strong></span> <span class='ocrx_word' id='word_1_204' title='bbox 1506 3168 1800 3255; x_wconf 88' lang='lat' dir='ltr'><strong>deinceps</strong></span> <span class='ocrx_word' id='word_1_205' title='bbox 1847 3168 2180 3255; x_wconf 88' lang='lat' dir='ltr'><strong>sollempni</strong></span> <span class='ocrx_word' id='word_1_206' title='bbox 2226 3167 2429 3234; x_wconf 86' lang='lat' dir='ltr'><strong>officio</strong></span> <span class='ocrx_word' id='word_1_207' title='bbox 2477 3167 2686 3233; x_wconf 90' lang='lat' dir='ltr'><strong>divino</strong></span> <span class='ocrx_word' id='word_1_208' title='bbox 2735 3170 2800 3255; x_wconf 84' lang='lat' dir='ltr'><strong>et</strong></span> <span class='ocrx_word' id='word_1_209' title='bbox 2846 3165 2887 3232; x_wconf 75' lang='lat' dir='ltr'><strong>a</strong></span> <span class='ocrx_word' id='word_1_210' title='bbox 2925 3162 3060 3253; x_wconf 70' lang='lat' dir='ltr'><strong>pul-&#39;-</strong></span> 
     </span>
     <span class='ocr_line' id='line_1_26' title="bbox 716 3278 3061 3371; baseline -0.001 -22"><span class='ocrx_word' id='word_1_211' title='bbox 716 3284 959 3350; x_wconf 89' lang='lat' dir='ltr'><strong>satione</strong></span> <span class='ocrx_word' id='word_1_212' title='bbox 1026 3304 1475 3371; x_wconf 86' lang='lat' dir='ltr'><strong>campanarum</strong></span> <span class='ocrx_word' id='word_1_213' title='bbox 1542 3284 1996 3351; x_wconf 88' lang='lat' dir='ltr'><strong>abstinuerunt.</strong></span> <span class='ocrx_word' id='word_1_214' title='bbox 2193 3282 2518 3350; x_wconf 88' lang='lat' dir='ltr'><strong>Provoluti</strong></span> <span class='ocrx_word' id='word_1_215' title='bbox 2585 3301 2732 3367; x_wconf 90' lang='lat' dir='ltr'><strong>ergo</strong></span> <span class='ocrx_word' id='word_1_216' title='bbox 2798 3278 3061 3365; x_wconf 77' lang='lat' dir='ltr'><strong>gem‘bus</strong></span> 
     </span>
     <span class='ocr_line' id='line_1_27' title="bbox 717 3396 3060 3489; baseline -0 -24"><span class='ocrx_word' id='word_1_217' title='bbox 717 3405 968 3467; x_wconf 85' lang='lat' dir='ltr'><strong>vestrae</strong></span> <span class='ocrx_word' id='word_1_218' title='bbox 1012 3400 1395 3485; x_wconf 80' lang='lat' dir='ltr'><strong>maiestatiS,</strong></span> <span class='ocrx_word' id='word_1_219' title='bbox 1438 3406 1572 3467; x_wconf 89' lang='lat' dir='ltr'><strong>tam</strong></span> <span class='ocrx_word' id='word_1_220' title='bbox 1617 3421 1733 3467; x_wconf 91' lang='lat' dir='ltr'><strong>nos</strong></span> <span class='ocrx_word' id='word_1_221' title='bbox 1780 3421 1969 3485; x_wconf 92' lang='lat' dir='ltr'><strong>quam</strong></span> <span class='ocrx_word' id='word_1_222' title='bbox 2014 3400 2241 3466; x_wconf 83' lang='lat' dir='ltr'><strong>fratres</strong></span> <span class='ocrx_word' id='word_1_223' title='bbox 2287 3400 2488 3466; x_wconf 89' lang='lat' dir='ltr'><strong>nostri</strong></span> <span class='ocrx_word' id='word_1_224' title='bbox 2535 3404 2599 3466; x_wconf 93' lang='lat' dir='ltr'><strong>et</strong></span> <span class='ocrx_word' id='word_1_225' title='bbox 2638 3402 2775 3489; x_wconf 82' lang='lat' dir='ltr'><strong>tota</strong></span> <span class='ocrx_word' id='word_1_226' title='bbox 2817 3396 3060 3465; x_wconf 84' lang='lat' dir='ltr'><strong>familia</strong></span> 
     </span>
     <span class='ocr_line' id='line_1_28' title="bbox 718 3498 3059 3602; baseline -0.001 -20"><span class='ocrx_word' id='word_1_227' title='bbox 718 3512 1111 3582; x_wconf 89' lang='lat' dir='ltr'><strong>Corbeiensis</strong></span> <span class='ocrx_word' id='word_1_228' title='bbox 1163 3515 1562 3582; x_wconf 89' lang='lat' dir='ltr'><strong>clementiam</strong></span> <span class='ocrx_word' id='word_1_229' title='bbox 1605 3521 1881 3582; x_wconf 89' lang='lat' dir='ltr'><strong>vestram</strong></span> <span class='ocrx_word' id='word_1_230' title='bbox 1927 3515 2296 3602; x_wconf 88' lang='lat' dir='ltr'><strong>suppliciter</strong></span> <span class='ocrx_word' id='word_1_231' title='bbox 2341 3498 2703 3599; x_wconf 72' lang='lat' dir='ltr'><strong>exoramuS,</strong></span> <span class='ocrx_word' id='word_1_232' title='bbox 2750 3518 2853 3599; x_wconf 89' lang='lat' dir='ltr'><strong>ut,</strong></span> <span class='ocrx_word' id='word_1_233' title='bbox 2900 3513 3059 3581; x_wconf 88' lang='lat' dir='ltr'><strong>sicut</strong></span> 
     </span>
     <span class='ocr_line' id='line_1_29' title="bbox 719 3624 3055 3718; baseline 0 -22"><span class='ocrx_word' id='word_1_234' title='bbox 719 3629 900 3697; x_wconf 88' lang='lat' dir='ltr'><strong>decet</strong></span> <span class='ocrx_word' id='word_1_235' title='bbox 941 3631 1357 3718; x_wconf 90' lang='lat' dir='ltr'><strong>principalem</strong></span> <span class='ocrx_word' id='word_1_236' title='bbox 1404 3630 1860 3717; x_wconf 82' lang='lat' dir='ltr'><strong>excellentiam,</strong></span> <span class='ocrx_word' id='word_1_237' title='bbox 1906 3631 2227 3699; x_wconf 91' lang='lat' dir='ltr'><strong>vindicare</strong></span> <span class='ocrx_word' id='word_1_238' title='bbox 2271 3652 2397 3698; x_wconf 92' lang='lat' dir='ltr'><strong>non</strong></span> <span class='ocrx_word' id='word_1_239' title='bbox 2441 3629 2742 3698; x_wconf 86' lang='lat' dir='ltr'><strong>differatis</strong></span> <span class='ocrx_word' id='word_1_240' title='bbox 2770 3630 2984 3697; x_wconf 71' lang='lat' dir='ltr'><strong>hanc·</strong></span> <span class='ocrx_word' id='word_1_241' title='bbox 2963 3624 3055 3696; x_wconf 86' lang='grc' dir='ltr'><strong>ιιι-</strong></span> 
     </span>
     <span class='ocr_line' id='line_1_30' title="bbox 718 3746 3053 3845; baseline 0.001 -33"><span class='ocrx_word' id='word_1_242' title='bbox 718 3746 960 3831; x_wconf 90' lang='lat' dir='ltr'><strong>signem</strong></span> <span class='ocrx_word' id='word_1_243' title='bbox 1022 3746 1498 3832; x_wconf 86' lang='lat' dir='ltr'><strong>contumeliam,</strong></span> <span class='ocrx_word' id='word_1_244' title='bbox 1556 3766 1717 3832; x_wconf 89' lang='lat' dir='ltr'><strong>quae</strong></span> <span class='ocrx_word' id='word_1_245' title='bbox 1760 3753 2037 3814; x_wconf 87' lang='lat' dir='ltr'><strong>vestram</strong></span> <span class='ocrx_word' id='word_1_246' title='bbox 2092 3747 2465 3831; x_wconf 89' lang='lat' dir='ltr'><strong>dignitatem</strong></span> <span class='ocrx_word' id='word_1_247' title='bbox 2519 3767 2645 3813; x_wconf 94' lang='lat' dir='ltr'><strong>non</strong></span> <span class='ocrx_word' id='word_1_248' title='bbox 2687 3746 2941 3845; x_wconf 76' lang='lat' dir='ltr'><strong>modica</strong></span> <span class='ocrx_word' id='word_1_249' title='bbox 2980 3765 3053 3814; x_wconf 83' lang='lat' dir='ltr'><strong>ex</strong></span> 
     </span>
     <span class='ocr_line' id='line_1_31' title="bbox 715 3861 3053 3965; baseline -0 -37"><span class='ocrx_word' id='word_1_250' title='bbox 715 3867 898 3949; x_wconf 87' lang='lat' dir='ltr'><strong>parte</strong></span> <span class='ocrx_word' id='word_1_251' title='bbox 943 3863 1252 3929; x_wconf 88' lang='lat' dir='ltr'><strong>obscurat.</strong></span> <span class='ocrx_word' id='word_1_252' title='bbox 1315 3861 1617 3948; x_wconf 88' lang='lat' dir='ltr'><strong>Alioquin</strong></span> <span class='ocrx_word' id='word_1_253' title='bbox 1662 3883 1787 3929; x_wconf 91' lang='lat' dir='ltr'><strong>non</strong></span> <span class='ocrx_word' id='word_1_254' title='bbox 1835 3862 2039 3929; x_wconf 89' lang='lat' dir='ltr'><strong>solum</strong></span> <span class='ocrx_word' id='word_1_255' title='bbox 2066 3862 2244 3930; x_wconf 90' lang='lat' dir='ltr'><strong>vobis</strong></span> <span class='ocrx_word' id='word_1_256' title='bbox 2280 3869 2343 3930; x_wconf 88' lang='lat' dir='ltr'><strong>et</strong></span> <span class='ocrx_word' id='word_1_257' title='bbox 2371 3883 2562 3948; x_wconf 87' lang='lat' dir='ltr'><strong>regno</strong></span> <span class='ocrx_word' id='word_1_258' title='bbox 2594 3862 2854 3965; x_wconf 82' lang='lat' dir='ltr'><strong>servire,</strong></span> <span class='ocrx_word' id='word_1_259' title='bbox 2898 3862 3053 3930; x_wconf 81' lang='lat' dir='ltr'><strong>sicut</strong></span> 
     </span>
     <span class='ocr_line' id='line_1_32' title="bbox 714 3974 3046 4101; baseline 0 -57"><span class='ocrx_word' id='word_1_260' title='bbox 714 3975 785 4044; x_wconf 90' lang='lat' dir='ltr'><strong>in</strong></span> <span class='ocrx_word' id='word_1_261' title='bbox 827 3978 1128 4071; x_wconf 89' lang='lat' dir='ltr'><strong>precipuo</strong></span> <span class='ocrx_word' id='word_1_262' title='bbox 1175 3977 1482 4045; x_wconf 86' lang='lat' dir='ltr'><strong>desiderio</strong></span> <span class='ocrx_word' id='word_1_263' title='bbox 1526 3977 1863 4064; x_wconf 90' lang='lat' dir='ltr'><strong>habemus,</strong></span> <span class='ocrx_word' id='word_1_264' title='bbox 1919 3978 2089 4045; x_wconf 87' lang='lat' dir='ltr'><strong>ultra</strong></span> <span class='ocrx_word' id='word_1_265' title='bbox 2130 3999 2257 4045; x_wconf 91' lang='lat' dir='ltr'><strong>non</strong></span> <span class='ocrx_word' id='word_1_266' title='bbox 2299 3979 2678 4067; x_wconf 74' lang='lat' dir='ltr'><strong>poterimuS,</strong></span> <span class='ocrx_word' id='word_1_267' title='bbox 2724 3983 2825 4091; x_wconf 79' lang='lat' dir='ltr'><strong>set</strong></span> <span class='ocrx_word' id='word_1_268' title='bbox 2867 3974 3046 4101; x_wconf 75' lang='lat' dir='ltr'><strong>etiam</strong></span> 
     </span>
     <span class='ocr_line' id='line_1_33' title="bbox 717 4093 2736 4162; baseline 0.001 -2"><span class='ocrx_word' id='word_1_269' title='bbox 717 4093 785 4160; x_wconf 91' lang='lat' dir='ltr'><strong>in</strong></span> <span class='ocrx_word' id='word_1_270' title='bbox 832 4099 1006 4161; x_wconf 89' lang='lat' dir='ltr'><strong>terra</strong></span> <span class='ocrx_word' id='word_1_271' title='bbox 1051 4093 1364 4161; x_wconf 85' lang='lat' dir='ltr'><strong>Saxoniae</strong></span> <span class='ocrx_word' id='word_1_272' title='bbox 1406 4115 1550 4161; x_wconf 90' lang='lat' dir='ltr'><strong>cum</strong></span> <span class='ocrx_word' id='word_1_273' title='bbox 1593 4094 1829 4162; x_wconf 92' lang='lat' dir='ltr'><strong>honore</strong></span> <span class='ocrx_word' id='word_1_274' title='bbox 1873 4093 2158 4161; x_wconf 89' lang='lat' dir='ltr'><strong>habitare</strong></span> <span class='ocrx_word' id='word_1_275' title='bbox 2202 4115 2330 4162; x_wconf 92' lang='lat' dir='ltr'><strong>non</strong></span> <span class='ocrx_word' id='word_1_276' title='bbox 2373 4094 2736 4162; x_wconf 82' lang='lat' dir='ltr'><strong>valebimus.</strong></span> 
     </span>
    </p>
   </div>
   <div class='ocr_carea' id='block_1_5' title="bbox 860 4249 2987 4324">
    <p class='ocr_par' dir='ltr' id='par_1_5' title="bbox 860 4249 2987 4324">
     <span class='ocr_line' id='line_1_34' title="bbox 860 4249 2987 4324; baseline 0.001 -19"><span class='ocrx_word' id='word_1_277' title='bbox 860 4253 910 4305; x_wconf 95' lang='lat'><strong>1.</strong></span> <span class='ocrx_word' id='word_1_278' title='bbox 947 4251 1223 4322; x_wconf 83' lang='lat' dir='ltr'><strong>Coloniae,</strong></span> <span class='ocrx_word' id='word_1_279' title='bbox 1259 4252 1389 4308; x_wconf 86' lang='lat' dir='ltr'><strong>circ.</strong></span> <span class='ocrx_word' id='word_1_280' title='bbox 1413 4252 1485 4308; x_wconf 82' lang='grc'><strong>29</strong></span> <span class='ocrx_word' id='word_1_281' title='bbox 1508 4251 1651 4308; x_wconf 85' lang='lat' dir='ltr'><strong>Iuni.</strong></span> <span class='ocrx_word' id='word_1_282' title='bbox 1706 4250 1778 4308; x_wconf 88' lang='lat' dir='ltr'><strong>V.</strong></span> <span class='ocrx_word' id='word_1_283' title='bbox 1802 4266 1891 4322; x_wconf 85' lang='lat' dir='ltr'><strong>ep.</strong></span> <span class='ocrx_word' id='word_1_284' title='bbox 1915 4252 2018 4308; x_wconf 83' lang='lat'><strong>381</strong></span> <span class='ocrx_word' id='word_1_285' title='bbox 2056 4267 2225 4322; x_wconf 86' lang='lat' dir='ltr'><strong>supra</strong></span> <span class='ocrx_word' id='word_1_286' title='bbox 2258 4267 2312 4322; x_wconf 88' lang='lat' dir='ltr'><strong>p.</strong></span> <span class='ocrx_word' id='word_1_287' title='bbox 2339 4252 2445 4308; x_wconf 79' lang='lat'><strong>512</strong></span> <span class='ocrx_word' id='word_1_288' title='bbox 2481 4257 2540 4309; x_wconf 87' lang='lat' dir='ltr'><strong>et</strong></span> <span class='ocrx_word' id='word_1_289' title='bbox 2575 4267 2664 4324; x_wconf 92' lang='lat' dir='ltr'><strong>ep.</strong></span> <span class='ocrx_word' id='word_1_290' title='bbox 2688 4251 2796 4307; x_wconf 82' lang='lat'><strong>385</strong></span> <span class='ocrx_word' id='word_1_291' title='bbox 2831 4249 2987 4308; x_wconf 76' lang='lat' dir='ltr'><strong>infra.</strong></span> 
     </span>
    </p>
   </div>
   <div class='ocr_carea' id='block_1_6' title="bbox 1678 4448 2099 4461">
    <p class='ocr_par' dir='ltr' id='par_1_6' title="bbox 1678 4448 2099 4461">
     <span class='ocr_line' id='line_1_35' title="bbox 1678 4448 2099 4461; baseline 0 781"><span class='ocrx_word' id='word_1_292' title='bbox 1678 4448 2099 4461; x_wconf 95' lang='lat' dir='ltr'><strong> </strong></span> 
     </span>
    </p>
   </div>
  </div>
 </body>
</html>
