<?xml version="1.0" encoding="UTF-8"?>
<!DOCTYPE html PUBLIC "-//W3C//DTD XHTML 1.0 Transitional//EN"
    "http://www.w3.org/TR/xhtml1/DTD/xhtml1-transitional.dtd">
<html xmlns="http://www.w3.org/1999/xhtml" xml:lang="en" lang="en">
 <head>
  <title>
</title>
<meta http-equiv="Content-Type" content="text/html;charset=utf-8" />
  <meta name='ocr-system' content='tesseract 3.04.00' />
  <meta name='ocr-capabilities' content='ocr_page ocr_carea ocr_par ocr_line ocrx_word'/>
</head>
<body>
  <div class='ocr_page' id='page_1' title='image "./monumentacorbei00corvgoog_0416.png"; bbox 0 0 3319 5242; ppageno 0'>
   <div class='ocr_carea' id='block_1_1' title="bbox 706 429 2388 496">
    <p class='ocr_par' dir='ltr' id='par_1_1' title="bbox 706 429 2388 496">
     <span class='ocr_line' id='line_1_1' title="bbox 706 429 2388 496; baseline -0.004 0"><span class='ocrx_word' id='word_1_1' title='bbox 706 429 840 496; x_wconf 88' lang='lat'>406</span> <span class='ocrx_word' id='word_1_2' title='bbox 1377 445 1676 495; x_wconf 66' lang='lat' dir='ltr'>wmamr</span> <span class='ocrx_word' id='word_1_3' title='bbox 1719 443 2097 494; x_wconf 67' lang='lat' dir='ltr'>amsi-om</span> <span class='ocrx_word' id='word_1_4' title='bbox 2136 444 2246 492; x_wconf 77' lang='lat' dir='ltr'>m.</span> <span class='ocrx_word' id='word_1_5' title='bbox 2278 443 2388 491; x_wconf 76' lang='lat'>279.</span> 
     </span>
    </p>
   </div>
   <div class='ocr_carea' id='block_1_2' title="bbox 423 587 3049 1721">
    <p class='ocr_par' dir='ltr' id='par_1_2' title="bbox 423 587 3042 910">
     <span class='ocr_line' id='line_1_2' title="bbox 479 587 3039 675; baseline 0.003 -27"><span class='ocrx_word' id='word_1_6' title='bbox 479 593 621 648; x_wconf 86' lang='lat'>1150</span> <span class='ocrx_word' id='word_1_7' title='bbox 709 608 896 675; x_wconf 89' lang='lat' dir='ltr'>quem</span> <span class='ocrx_word' id='word_1_8' title='bbox 940 588 1115 656; x_wconf 91' lang='lat' dir='ltr'>Deus</span> <span class='ocrx_word' id='word_1_9' title='bbox 1173 588 1241 655; x_wconf 93' lang='lat' dir='ltr'>in</span> <span class='ocrx_word' id='word_1_10' title='bbox 1287 587 1505 655; x_wconf 89' lang='lat' dir='ltr'>eadem</span> <span class='ocrx_word' id='word_1_11' title='bbox 1552 587 1856 654; x_wconf 87' lang='lat' dir='ltr'>aecclesia</span> <span class='ocrx_word' id='word_1_12' title='bbox 1898 593 2047 674; x_wconf 88' lang='lat' dir='ltr'>post</span> <span class='ocrx_word' id='word_1_13' title='bbox 2088 607 2205 654; x_wconf 93' lang='lat' dir='ltr'>nos</span> <span class='ocrx_word' id='word_1_14' title='bbox 2251 587 2670 675; x_wconf 79' lang='lat' dir='ltr'><strong>ordinaverit,</strong></span> <span class='ocrx_word' id='word_1_15' title='bbox 2724 589 2795 655; x_wconf 90' lang='lat' dir='ltr'>in</span> <span class='ocrx_word' id='word_1_16' title='bbox 2838 589 3039 656; x_wconf 82' lang='lat' dir='ltr'>eadem</span> 
     </span>
     <span class='ocr_line' id='line_1_3' title="bbox 423 668 3042 793; baseline -0.002 -15"><span class='ocrx_word' id='word_1_17' title='bbox 423 668 669 788; x_wconf 35' lang='lat' dir='ltr'>1213thss</span> <span class='ocrx_word' id='word_1_18' title='bbox 707 725 865 793; x_wconf 83' lang='lat' dir='ltr'>pace</span> <span class='ocrx_word' id='word_1_19' title='bbox 910 710 973 771; x_wconf 91' lang='lat' dir='ltr'>et</span> <span class='ocrx_word' id='word_1_20' title='bbox 1017 704 1377 789; x_wconf 88' lang='lat' dir='ltr'>concordia,</span> <span class='ocrx_word' id='word_1_21' title='bbox 1437 725 1557 789; x_wconf 92' lang='lat' dir='ltr'>que</span> <span class='ocrx_word' id='word_1_22' title='bbox 1601 704 1955 790; x_wconf 88' lang='lat' dir='ltr'>prescripta</span> <span class='ocrx_word' id='word_1_23' title='bbox 2000 709 2130 789; x_wconf 89' lang='lat' dir='ltr'>est,</span> <span class='ocrx_word' id='word_1_24' title='bbox 2176 705 2499 772; x_wconf 84' lang='lat' dir='ltr'>vobiscum</span> <span class='ocrx_word' id='word_1_25' title='bbox 2544 710 2610 772; x_wconf 91' lang='lat' dir='ltr'>et</span> <span class='ocrx_word' id='word_1_26' title='bbox 2652 726 2797 772; x_wconf 88' lang='lat' dir='ltr'>cum</span> <span class='ocrx_word' id='word_1_27' title='bbox 2841 712 3042 773; x_wconf 83' lang='lat' dir='ltr'>sancta</span> 
     </span>
     <span class='ocr_line' id='line_1_4' title="bbox 707 819 3042 910; baseline 0.001 -23"><span class='ocrx_word' id='word_1_28' title='bbox 707 821 1022 887; x_wconf 87' lang='lat' dir='ltr'>Mindensi</span> <span class='ocrx_word' id='word_1_29' title='bbox 1072 821 1374 887; x_wconf 88' lang='lat' dir='ltr'>aecclesia</span> <span class='ocrx_word' id='word_1_30' title='bbox 1415 819 1539 888; x_wconf 90' lang='lat' dir='ltr'>fide</span> <span class='ocrx_word' id='word_1_31' title='bbox 1581 820 1888 887; x_wconf 86' lang='lat' dir='ltr'>inviolata</span> <span class='ocrx_word' id='word_1_32' title='bbox 1933 821 2254 887; x_wconf 80' lang='lat' dir='ltr'><strong>consistat.</strong></span> <span class='ocrx_word' id='word_1_33' title='bbox 2345 821 2618 906; x_wconf 89' lang='lat' dir='ltr'>Eadem,</span> <span class='ocrx_word' id='word_1_34' title='bbox 2666 842 2789 908; x_wconf 89' lang='lat' dir='ltr'>que</span> <span class='ocrx_word' id='word_1_35' title='bbox 2831 842 3042 910; x_wconf 88' lang='lat' dir='ltr'>prepo-</span> 
     </span>
    </p>

    <p class='ocr_par' dir='ltr' id='par_1_3' title="bbox 708 935 3043 1006">
     <span class='ocr_line' id='line_1_5' title="bbox 708 935 3043 1006; baseline 0.001 -3"><span class='ocrx_word' id='word_1_36' title='bbox 708 938 866 1003; x_wconf 81' lang='lat' dir='ltr'>situs</span> <span class='ocrx_word' id='word_1_37' title='bbox 895 935 1276 1004; x_wconf 88' lang='lat' dir='ltr'>Warnherus</span> <span class='ocrx_word' id='word_1_38' title='bbox 1307 937 1611 1004; x_wconf 87' lang='lat' dir='ltr'>Corbeiae</span> <span class='ocrx_word' id='word_1_39' title='bbox 1654 936 1836 1003; x_wconf 87' lang='lat' dir='ltr'>nobis</span> <span class='ocrx_word' id='word_1_40' title='bbox 1882 956 2095 1004; x_wconf 91' lang='lat' dir='ltr'>coram</span> <span class='ocrx_word' id='word_1_41' title='bbox 2139 938 2441 1005; x_wconf 85' lang='lat' dir='ltr'>fratribus</span> <span class='ocrx_word' id='word_1_42' title='bbox 2486 938 2721 1005; x_wconf 88' lang='lat' dir='ltr'>nostris</span> <span class='ocrx_word' id='word_1_43' title='bbox 2758 939 2912 1005; x_wconf 85' lang='lat' dir='ltr'>data</span> <span class='ocrx_word' id='word_1_44' title='bbox 2934 938 3043 1006; x_wconf 89' lang='lat' dir='ltr'>fide</span> 
     </span>
    </p>

    <p class='ocr_par' dir='ltr' id='par_1_4' title="bbox 707 1052 3044 1140">
     <span class='ocr_line' id='line_1_6' title="bbox 707 1052 3044 1140; baseline 0.002 -22"><span class='ocrx_word' id='word_1_45' title='bbox 707 1054 773 1118; x_wconf 86' lang='lat' dir='ltr'>in</span> <span class='ocrx_word' id='word_1_46' title='bbox 829 1073 1088 1119; x_wconf 91' lang='lat' dir='ltr'>manum</span> <span class='ocrx_word' id='word_1_47' title='bbox 1142 1058 1425 1120; x_wconf 89' lang='lat' dir='ltr'>nostram</span> <span class='ocrx_word' id='word_1_48' title='bbox 1483 1053 1825 1140; x_wconf 83' lang='lat' dir='ltr'>spopondit</span> <span class='ocrx_word' id='word_1_49' title='bbox 1880 1058 1944 1119; x_wconf 90' lang='lat' dir='ltr'>et</span> <span class='ocrx_word' id='word_1_50' title='bbox 1997 1052 2305 1137; x_wconf 85' lang='lat' dir='ltr'>firmavit,</span> <span class='ocrx_word' id='word_1_51' title='bbox 2371 1055 2673 1138; x_wconf 80' lang='lat' dir='ltr'>magister</span> <span class='ocrx_word' id='word_1_52' title='bbox 2731 1054 3044 1122; x_wconf 78' lang='lat' dir='ltr'>Conradus</span> 
     </span>
    </p>

    <p class='ocr_par' dir='ltr' id='par_1_5' title="bbox 707 1167 3048 1259">
     <span class='ocr_line' id='line_1_7' title="bbox 707 1167 3048 1259; baseline 0.001 -24"><span class='ocrx_word' id='word_1_53' title='bbox 707 1169 875 1254; x_wconf 90' lang='lat' dir='ltr'>apud</span> <span class='ocrx_word' id='word_1_54' title='bbox 905 1167 1449 1237; x_wconf 88' lang='lat' dir='ltr'>Patherbrunnam</span> <span class='ocrx_word' id='word_1_55' title='bbox 1497 1169 1724 1236; x_wconf 91' lang='lat' dir='ltr'>domno</span> <span class='ocrx_word' id='word_1_56' title='bbox 1773 1170 2065 1259; x_wconf 90' lang='lat' dir='ltr'>episcopo</span> <span class='ocrx_word' id='word_1_57' title='bbox 2095 1169 2460 1237; x_wconf 87' lang='lat' dir='ltr'>Bernhardo</span> <span class='ocrx_word' id='word_1_58' title='bbox 2506 1189 2721 1237; x_wconf 88' lang='lat' dir='ltr'>coram</span> <span class='ocrx_word' id='word_1_59' title='bbox 2757 1171 3048 1239; x_wconf 83' lang='lat' dir='ltr'>aecclesia</span> 
     </span>
    </p>

    <p class='ocr_par' dir='ltr' id='par_1_6' title="bbox 707 1285 3046 1374">
     <span class='ocr_line' id='line_1_8' title="bbox 707 1285 3046 1374; baseline 0.002 -23"><span class='ocrx_word' id='word_1_60' title='bbox 707 1306 851 1369; x_wconf 87' lang='lat' dir='ltr'>sua,</span> <span class='ocrx_word' id='word_1_61' title='bbox 909 1285 1059 1352; x_wconf 91' lang='lat' dir='ltr'>data</span> <span class='ocrx_word' id='word_1_62' title='bbox 1099 1285 1224 1353; x_wconf 90' lang='lat' dir='ltr'>fide</span> <span class='ocrx_word' id='word_1_63' title='bbox 1268 1287 1338 1352; x_wconf 89' lang='lat' dir='ltr'>in</span> <span class='ocrx_word' id='word_1_64' title='bbox 1379 1306 1640 1353; x_wconf 89' lang='lat' dir='ltr'>manum</span> <span class='ocrx_word' id='word_1_65' title='bbox 1687 1287 1853 1370; x_wconf 91' lang='lat' dir='ltr'>eius,</span> <span class='ocrx_word' id='word_1_66' title='bbox 1906 1307 2022 1374; x_wconf 90' lang='lat' dir='ltr'>pro</span> <span class='ocrx_word' id='word_1_67' title='bbox 2068 1287 2245 1353; x_wconf 84' lang='lat' dir='ltr'>vobis</span> <span class='ocrx_word' id='word_1_68' title='bbox 2290 1288 2358 1353; x_wconf 91' lang='lat' dir='ltr'>in</span> <span class='ocrx_word' id='word_1_69' title='bbox 2402 1288 2681 1353; x_wconf 88' lang='lat' dir='ltr'>animam</span> <span class='ocrx_word' id='word_1_70' title='bbox 2726 1308 2910 1355; x_wconf 87' lang='lat' dir='ltr'>suam</span> <span class='ocrx_word' id='word_1_71' title='bbox 2950 1287 3046 1354; x_wconf 91' lang='lat' dir='ltr'>fir-</span> 
     </span>
    </p>

    <p class='ocr_par' dir='ltr' id='par_1_7' title="bbox 705 1402 3049 1721">
     <span class='ocr_line' id='line_1_9' title="bbox 705 1402 3047 1492; baseline 0.002 -25"><span class='ocrx_word' id='word_1_72' title='bbox 705 1402 934 1484; x_wconf 81' lang='lat' dir='ltr'>mavit3</span> <span class='ocrx_word' id='word_1_73' title='bbox 993 1408 1058 1469; x_wconf 89' lang='lat' dir='ltr'>et</span> <span class='ocrx_word' id='word_1_74' title='bbox 1111 1409 1378 1489; x_wconf 89' lang='lat' dir='ltr'>uterque</span> <span class='ocrx_word' id='word_1_75' title='bbox 1433 1422 1651 1469; x_wconf 88' lang='lat' dir='ltr'>eorum</span> <span class='ocrx_word' id='word_1_76' title='bbox 1709 1423 1824 1489; x_wconf 90' lang='lat' dir='ltr'>per</span> <span class='ocrx_word' id='word_1_77' title='bbox 1875 1402 2159 1469; x_wconf 91' lang='lat' dir='ltr'>osculum</span> <span class='ocrx_word' id='word_1_78' title='bbox 2200 1405 2375 1492; x_wconf 90' lang='lat' dir='ltr'>pacis</span> <span class='ocrx_word' id='word_1_79' title='bbox 2420 1423 2604 1487; x_wconf 88' lang='lat' dir='ltr'>suae,</span> <span class='ocrx_word' id='word_1_80' title='bbox 2664 1404 2831 1489; x_wconf 91' lang='lat' dir='ltr'>quod</span> <span class='ocrx_word' id='word_1_81' title='bbox 2877 1405 3047 1472; x_wconf 88' lang='lat' dir='ltr'>nobis</span> 
     </span>
     <span class='ocr_line' id='line_1_10' title="bbox 705 1517 3048 1605; baseline 0.001 -21"><span class='ocrx_word' id='word_1_82' title='bbox 705 1518 1031 1603; x_wconf 81' lang='lat' dir='ltr'>dederunt,</span> <span class='ocrx_word' id='word_1_83' title='bbox 1078 1520 1436 1605; x_wconf 91' lang='lat' dir='ltr'>prepositus</span> <span class='ocrx_word' id='word_1_84' title='bbox 1483 1519 1737 1604; x_wconf 91' lang='lat' dir='ltr'>quidem</span> <span class='ocrx_word' id='word_1_85' title='bbox 1780 1517 2162 1586; x_wconf 88' lang='lat' dir='ltr'>Wernherus</span> <span class='ocrx_word' id='word_1_86' title='bbox 2207 1519 2529 1605; x_wconf 85' lang='lat' dir='ltr'>Corbeiae,</span> <span class='ocrx_word' id='word_1_87' title='bbox 2574 1521 2881 1604; x_wconf 82' lang='lat' dir='ltr'>magister</span> <span class='ocrx_word' id='word_1_88' title='bbox 2908 1542 3048 1588; x_wconf 83' lang='lat' dir='ltr'>vero</span> 
     </span>
     <span class='ocr_line' id='line_1_11' title="bbox 706 1634 3049 1721; baseline 0.002 -20"><span class='ocrx_word' id='word_1_89' title='bbox 706 1634 1082 1716; x_wconf 85' lang='lat' dir='ltr'>C(onradus)</span> <span class='ocrx_word' id='word_1_90' title='bbox 1151 1635 1319 1721; x_wconf 88' lang='lat' dir='ltr'>apud</span> <span class='ocrx_word' id='word_1_91' title='bbox 1375 1634 1920 1702; x_wconf 88' lang='lat' dir='ltr'>Patherbrunnam</span> <span class='ocrx_word' id='word_1_92' title='bbox 1936 1685 1955 1720; x_wconf 88' lang='lat'>,</span> <span class='ocrx_word' id='word_1_93' title='bbox 2020 1636 2595 1704; x_wconf 74' lang='lat' dir='ltr'>reconciliationem</span> <span class='ocrx_word' id='word_1_94' title='bbox 2646 1642 2928 1705; x_wconf 82' lang='lat' dir='ltr'>vestram</span> <span class='ocrx_word' id='word_1_95' title='bbox 2989 1642 3049 1705; x_wconf 83' lang='lat' dir='ltr'>et</span> 
     </span>
    </p>
   </div>
   <div class='ocr_carea' id='block_1_3' title="bbox 708 1750 2255 1820">
    <p class='ocr_par' dir='ltr' id='par_1_8' title="bbox 708 1750 2255 1820">
     <span class='ocr_line' id='line_1_12' title="bbox 708 1750 2255 1820; baseline 0.001 -4"><span class='ocrx_word' id='word_1_96' title='bbox 708 1751 1060 1817; x_wconf 78' lang='lat' dir='ltr'>amiciciam</span> <span class='ocrx_word' id='word_1_97' title='bbox 1104 1752 1285 1819; x_wconf 89' lang='lat' dir='ltr'>nobis</span> <span class='ocrx_word' id='word_1_98' title='bbox 1329 1752 1664 1819; x_wconf 78' lang='lat' dir='ltr'><strong>reddentes</strong></span> <span class='ocrx_word' id='word_1_99' title='bbox 1710 1750 2255 1820; x_wconf 84' lang='lat' dir='ltr'>confirmaverunt.</span> 
     </span>
    </p>
   </div>
   <div class='ocr_carea' id='block_1_4' title="bbox 1669 1885 2094 1896">
    <p class='ocr_par' dir='ltr' id='par_1_9' title="bbox 1669 1885 2094 1896">
     <span class='ocr_line' id='line_1_13' title="bbox 1669 1885 2094 1896; baseline 0 0"><span class='ocrx_word' id='word_1_100' title='bbox 1669 1885 2094 1896; x_wconf 95' lang='lat' dir='ltr'> </span> 
     </span>
    </p>
   </div>
   <div class='ocr_carea' id='block_1_5' title="bbox 712 1963 3056 2170">
    <p class='ocr_par' dir='ltr' id='par_1_10' title="bbox 712 1963 3056 2170">
     <span class='ocr_line' id='line_1_14' title="bbox 712 1963 3051 2055; baseline 0 -21"><span class='ocrx_word' id='word_1_101' title='bbox 712 1963 888 2035; x_wconf 78' lang='lat'>279.</span> <span class='ocrx_word' id='word_1_102' title='bbox 925 1965 1243 2032; x_wconf 76' lang='lat' dir='ltr'>Wibaldus</span> <span class='ocrx_word' id='word_1_103' title='bbox 1291 1968 1576 2034; x_wconf 77' lang='lat' dir='ltr'>Conrado</span> <span class='ocrx_word' id='word_1_104' title='bbox 1618 1966 1735 2034; x_wconf 91' lang='grc' dir='ltr'>ΙΠ</span> <span class='ocrx_word' id='word_1_105' title='bbox 1761 1967 1897 2053; x_wconf 71' lang='lat' dir='ltr'>reyi</span> <span class='ocrx_word' id='word_1_106' title='bbox 1937 1968 2241 2047; x_wconf 72' lang='lat' dir='ltr'>rescribit,</span> <span class='ocrx_word' id='word_1_107' title='bbox 2288 1978 2354 2032; x_wconf 62' lang='grc' dir='ltr'>δέ</span> <span class='ocrx_word' id='word_1_108' title='bbox 2395 1990 2513 2033; x_wconf 71' lang='lat' dir='ltr'>sua</span> <span class='ocrx_word' id='word_1_109' title='bbox 2545 1971 2824 2055; x_wconf 77' lang='lat' dir='ltr'>pecunia</span> <span class='ocrx_word' id='word_1_110' title='bbox 2866 1972 3051 2035; x_wconf 66' lang='lat' dir='ltr'>moi-</span> 
     </span>
     <span class='ocr_line' id='line_1_15' title="bbox 919 2083 3056 2170; baseline 0.002 -23"><span class='ocrx_word' id='word_1_111' title='bbox 919 2105 1079 2169; x_wconf 82' lang='lat' dir='ltr'>pere</span> <span class='ocrx_word' id='word_1_112' title='bbox 1124 2083 1487 2170; x_wconf 63' lang='lat' dir='ltr'>legationem</span> <span class='ocrx_word' id='word_1_113' title='bbox 1531 2085 1887 2150; x_wconf 81' lang='lat' dir='ltr'>Romanam</span> <span class='ocrx_word' id='word_1_114' title='bbox 1930 2106 2057 2148; x_wconf 75' lang='lat' dir='ltr'>non</span> <span class='ocrx_word' id='word_1_115' title='bbox 2089 2105 2292 2170; x_wconf 81' lang='lat' dir='ltr'>posse.</span> <span class='ocrx_word' id='word_1_116' title='bbox 2367 2085 2545 2168; x_wconf 71' lang='lat' dir='ltr'>Petit,</span> <span class='ocrx_word' id='word_1_117' title='bbox 2591 2096 2662 2150; x_wconf 75' lang='lat' dir='ltr'>ut</span> <span class='ocrx_word' id='word_1_118' title='bbox 2692 2084 3056 2151; x_wconf 75' lang='lat' dir='ltr'>Heinricum</span> 
     </span>
    </p>
   </div>
   <div class='ocr_carea' id='block_1_6' title="bbox 934 2198 3051 2286">
    <p class='ocr_par' dir='ltr' id='par_1_11' title="bbox 934 2198 3051 2286">
     <span class='ocr_line' id='line_1_16' title="bbox 934 2198 3051 2286; baseline 0.002 -22"><span class='ocrx_word' id='word_1_119' title='bbox 934 2202 1288 2286; x_wconf 77' lang='lat' dir='ltr'>episcopum</span> <span class='ocrx_word' id='word_1_120' title='bbox 1330 2200 1720 2266; x_wconf 76' lang='lat' dir='ltr'>Mindensem</span> <span class='ocrx_word' id='word_1_121' title='bbox 1761 2201 1831 2264; x_wconf 76' lang='lat' dir='ltr'>in</span> <span class='ocrx_word' id='word_1_122' title='bbox 1868 2201 2082 2286; x_wconf 70' lang='lat' dir='ltr'>qratia</span> <span class='ocrx_word' id='word_1_123' title='bbox 2124 2198 2364 2265; x_wconf 71' lang='lat' dir='ltr'>habeat.</span> <span class='ocrx_word' id='word_1_124' title='bbox 2731 2199 2842 2282; x_wconf 80' lang='lat' dir='ltr'>(M.</span> <span class='ocrx_word' id='word_1_125' title='bbox 2876 2202 3051 2283; x_wconf 80' lang='lat'>260.)</span> 
     </span>
    </p>
   </div>
   <div class='ocr_carea' id='block_1_7' title="bbox 515 2331 3060 4385">
    <p class='ocr_par' dir='ltr' id='par_1_12' title="bbox 536 2331 3055 2420">
     <span class='ocr_line' id='line_1_17' title="bbox 536 2331 3055 2420; baseline 0.002 -25"><span class='ocrx_word' id='word_1_126' title='bbox 536 2340 676 2396; x_wconf 84' lang='lat'>1150</span> <span class='ocrx_word' id='word_1_127' title='bbox 888 2331 1109 2399; x_wconf 88' lang='lat' dir='ltr'>Inclito</span> <span class='ocrx_word' id='word_1_128' title='bbox 1155 2332 1601 2420; x_wconf 80' lang='lat' dir='ltr'>triumphatori</span> <span class='ocrx_word' id='word_1_129' title='bbox 1648 2332 1900 2399; x_wconf 91' lang='lat' dir='ltr'>domino</span> <span class='ocrx_word' id='word_1_130' title='bbox 1948 2352 2060 2398; x_wconf 89' lang='lat' dir='ltr'>suo</span> <span class='ocrx_word' id='word_1_131' title='bbox 2098 2331 2439 2416; x_wconf 85' lang='lat' dir='ltr'>C(om·ado)</span> <span class='ocrx_word' id='word_1_132' title='bbox 2482 2332 2607 2401; x_wconf 91' lang='lat' dir='ltr'>Dei</span> <span class='ocrx_word' id='word_1_133' title='bbox 2661 2336 2870 2418; x_wconf 83' lang='lat' dir='ltr'>gratia</span> <span class='ocrx_word' id='word_1_134' title='bbox 2921 2333 3055 2419; x_wconf 84' lang='lat' dir='ltr'>glo—</span> 
     </span>
    </p>

    <p class='ocr_par' dir='ltr' id='par_1_13' title="bbox 544 2415 3058 2767">
     <span class='ocr_line' id='line_1_18' title="bbox 544 2415 3055 2536; baseline 0.002 -20"><span class='ocrx_word' id='word_1_135' title='bbox 544 2415 660 2474; x_wconf 60' lang='lat' dir='ltr'>Aug&#39;</span> <span class='ocrx_word' id='word_1_136' title='bbox 709 2450 877 2517; x_wconf 89' lang='lat' dir='ltr'>rioso</span> <span class='ocrx_word' id='word_1_137' title='bbox 935 2449 1362 2516; x_wconf 91' lang='lat' dir='ltr'>Romanorum</span> <span class='ocrx_word' id='word_1_138' title='bbox 1417 2449 1788 2536; x_wconf 89' lang='lat' dir='ltr'>imperatori</span> <span class='ocrx_word' id='word_1_139' title='bbox 1845 2454 2110 2533; x_wconf 85' lang='lat' dir='ltr'>augusto</span> <span class='ocrx_word' id='word_1_140' title='bbox 2164 2449 2360 2517; x_wconf 87' lang='lat' dir='ltr'>frater</span> <span class='ocrx_word' id='word_1_141' title='bbox 2402 2448 2781 2532; x_wconf 82' lang='lat' dir='ltr'>W(ibaldus)</span> <span class='ocrx_word' id='word_1_142' title='bbox 2836 2452 3055 2520; x_wconf 84' lang='lat' dir='ltr'>eadem</span> 
     </span>
     <span class='ocr_line' id='line_1_19' title="bbox 708 2564 3058 2656; baseline 0.002 -23"><span class='ocrx_word' id='word_1_143' title='bbox 708 2567 917 2651; x_wconf 84' lang='lat' dir='ltr'>gratia</span> <span class='ocrx_word' id='word_1_144' title='bbox 958 2565 1028 2632; x_wconf 92' lang='lat' dir='ltr'>id</span> <span class='ocrx_word' id='word_1_145' title='bbox 1074 2565 1240 2652; x_wconf 91' lang='lat' dir='ltr'>quod</span> <span class='ocrx_word' id='word_1_146' title='bbox 1286 2571 1383 2634; x_wconf 89' lang='lat' dir='ltr'>est</span> <span class='ocrx_word' id='word_1_147' title='bbox 1425 2565 1496 2632; x_wconf 92' lang='lat' dir='ltr'>in</span> <span class='ocrx_word' id='word_1_148' title='bbox 1542 2564 1845 2634; x_wconf 88' lang='lat' dir='ltr'>aecclesia</span> <span class='ocrx_word' id='word_1_149' title='bbox 1889 2566 2218 2654; x_wconf 85' lang='lat' dir='ltr'>catholica,</span> <span class='ocrx_word' id='word_1_150' title='bbox 2263 2566 2533 2635; x_wconf 84' lang='lat' dir='ltr'>salutem</span> <span class='ocrx_word' id='word_1_151' title='bbox 2565 2568 2636 2635; x_wconf 90' lang='lat' dir='ltr'>in</span> <span class='ocrx_word' id='word_1_152' title='bbox 2665 2588 2761 2654; x_wconf 93' lang='lat' dir='ltr'>eo,</span> <span class='ocrx_word' id='word_1_153' title='bbox 2810 2569 2919 2656; x_wconf 89' lang='lat' dir='ltr'>qui</span> <span class='ocrx_word' id='word_1_154' title='bbox 2948 2570 3058 2637; x_wconf 85' lang='lat' dir='ltr'>dat</span> 
     </span>
     <span class='ocr_line' id='line_1_20' title="bbox 708 2678 1324 2767; baseline -0.003 -17"><span class='ocrx_word' id='word_1_155' title='bbox 708 2683 977 2750; x_wconf 85' lang='lat' dir='ltr'>salutem</span> <span class='ocrx_word' id='word_1_156' title='bbox 1017 2682 1271 2767; x_wconf 83' lang='lat' dir='ltr'>regibus</span> <span class='ocrx_word' id='word_1_157' title='bbox 1289 2678 1324 2748; x_wconf 90' lang='lat'>¹.</span> 
     </span>
    </p>

    <p class='ocr_par' dir='ltr' id='par_1_14' title="bbox 705 2797 3060 3820">
     <span class='ocr_line' id='line_1_21' title="bbox 885 2797 3056 2888; baseline 0.002 -23"><span class='ocrx_word' id='word_1_158' title='bbox 885 2798 1076 2867; x_wconf 90' lang='lat' dir='ltr'>Venit</span> <span class='ocrx_word' id='word_1_159' title='bbox 1132 2799 1213 2865; x_wconf 88' lang='lat' dir='ltr'>ad</span> <span class='ocrx_word' id='word_1_160' title='bbox 1268 2819 1383 2880; x_wconf 90' lang='lat' dir='ltr'>nos</span> <span class='ocrx_word' id='word_1_161' title='bbox 1436 2797 1771 2866; x_wconf 83' lang='lat' dir='ltr'>Corbeiam</span> <span class='ocrx_word' id='word_1_162' title='bbox 1826 2799 2187 2887; x_wconf 81' lang='lat' dir='ltr'>capellanus</span> <span class='ocrx_word' id='word_1_163' title='bbox 2229 2807 2438 2866; x_wconf 85' lang='lat' dir='ltr'>vester</span> <span class='ocrx_word' id='word_1_164' title='bbox 2481 2799 2860 2888; x_wconf 90' lang='lat' dir='ltr'>Heripertus</span> <span class='ocrx_word' id='word_1_165' title='bbox 2914 2823 3056 2870; x_wconf 90' lang='lat' dir='ltr'>cum</span> 
     </span>
     <span class='ocr_line' id='line_1_22' title="bbox 705 2911 3059 3004; baseline 0.003 -23"><span class='ocrx_word' id='word_1_166' title='bbox 705 2919 953 2982; x_wconf 86' lang='lat' dir='ltr'>vestrae</span> <span class='ocrx_word' id='word_1_167' title='bbox 1010 2915 1393 3000; x_wconf 82' lang='lat' dir='ltr'>dignationis</span> <span class='ocrx_word' id='word_1_168' title='bbox 1439 2914 1671 2983; x_wconf 90' lang='lat' dir='ltr'>litteris</span> <span class='ocrx_word' id='word_1_169' title='bbox 1685 2911 1730 3000; x_wconf 81' lang='lat'>²,</span> <span class='ocrx_word' id='word_1_170' title='bbox 1790 2936 1950 3002; x_wconf 90' lang='lat' dir='ltr'>quae</span> <span class='ocrx_word' id='word_1_171' title='bbox 1993 2915 2112 2984; x_wconf 92' lang='lat' dir='ltr'>hoc</span> <span class='ocrx_word' id='word_1_172' title='bbox 2155 2916 2589 3001; x_wconf 83' lang='lat' dir='ltr'>continebant,</span> <span class='ocrx_word' id='word_1_173' title='bbox 2647 2919 2946 3004; x_wconf 79' lang='lat' dir='ltr'>quatinus</span> <span class='ocrx_word' id='word_1_174' title='bbox 2990 2922 3059 2987; x_wconf 88' lang='lat' dir='ltr'>in</span> 
     </span>
     <span class='ocr_line' id='line_1_23' title="bbox 706 3027 3059 3104; baseline 0.003 -6"><span class='ocrx_word' id='word_1_175' title='bbox 706 3033 1039 3100; x_wconf 85' lang='lat' dir='ltr'>nativitate</span> <span class='ocrx_word' id='word_1_176' title='bbox 1116 3039 1373 3100; x_wconf 87' lang='lat' dir='ltr'>sanctae</span> <span class='ocrx_word' id='word_1_177' title='bbox 1438 3031 1680 3099; x_wconf 87' lang='lat' dir='ltr'>Mariae</span> <span class='ocrx_word' id='word_1_178' title='bbox 1693 3027 1715 3061; x_wconf 83' lang='lat'>⁸</span> <span class='ocrx_word' id='word_1_179' title='bbox 1769 3031 2133 3100; x_wconf 89' lang='lat' dir='ltr'>Nureberch</span> <span class='ocrx_word' id='word_1_180' title='bbox 2211 3033 2295 3099; x_wconf 89' lang='lat' dir='ltr'>ad</span> <span class='ocrx_word' id='word_1_181' title='bbox 2350 3039 2599 3101; x_wconf 82' lang='lat' dir='ltr'>vestrae</span> <span class='ocrx_word' id='word_1_182' title='bbox 2663 3035 3059 3104; x_wconf 87' lang='lat' dir='ltr'>celsitudinis</span> 
     </span>
     <span class='ocr_line' id='line_1_24' title="bbox 705 3149 3058 3237; baseline 0.002 -21"><span class='ocrx_word' id='word_1_183' title='bbox 705 3150 1092 3237; x_wconf 88' lang='lat' dir='ltr'>presentiam</span> <span class='ocrx_word' id='word_1_184' title='bbox 1134 3149 1492 3217; x_wconf 77' lang='lat' dir='ltr'>veniremus</span> <span class='ocrx_word' id='word_1_185' title='bbox 1535 3149 1630 3216; x_wconf 87' lang='lat' dir='ltr'>ita</span> <span class='ocrx_word' id='word_1_186' title='bbox 1676 3149 1956 3235; x_wconf 85' lang='lat' dir='ltr'>expediti</span> <span class='ocrx_word' id='word_1_187' title='bbox 2001 3154 2066 3216; x_wconf 90' lang='lat' dir='ltr'>et</span> <span class='ocrx_word' id='word_1_188' title='bbox 2105 3150 2336 3236; x_wconf 87' lang='lat' dir='ltr'>parati,</span> <span class='ocrx_word' id='word_1_189' title='bbox 2378 3155 2453 3217; x_wconf 89' lang='lat' dir='ltr'>ut</span> <span class='ocrx_word' id='word_1_190' title='bbox 2495 3170 2639 3218; x_wconf 89' lang='lat' dir='ltr'>cum</span> <span class='ocrx_word' id='word_1_191' title='bbox 2681 3153 3058 3220; x_wconf 88' lang='lat' dir='ltr'>cancellario</span> 
     </span>
     <span class='ocr_line' id='line_1_25' title="bbox 707 3262 3059 3356; baseline 0.003 -24"><span class='ocrx_word' id='word_1_192' title='bbox 707 3262 952 3333; x_wconf 76' lang='lat' dir='ltr'>vesti-0⁴</span> <span class='ocrx_word' id='word_1_193' title='bbox 1006 3266 1388 3352; x_wconf 82' lang='lat' dir='ltr'>legationem</span> <span class='ocrx_word' id='word_1_194' title='bbox 1439 3272 1719 3334; x_wconf 84' lang='lat' dir='ltr'>vestram</span> <span class='ocrx_word' id='word_1_195' title='bbox 1780 3265 1861 3332; x_wconf 86' lang='lat' dir='ltr'>ad</span> <span class='ocrx_word' id='word_1_196' title='bbox 1919 3265 2221 3332; x_wconf 87' lang='lat' dir='ltr'>domnum</span> <span class='ocrx_word' id='word_1_197' title='bbox 2275 3287 2508 3356; x_wconf 91' lang='lat' dir='ltr'>papam</span> <span class='ocrx_word' id='word_1_198' title='bbox 2564 3273 2629 3335; x_wconf 91' lang='lat' dir='ltr'>et</span> <span class='ocrx_word' id='word_1_199' title='bbox 2684 3269 2767 3335; x_wconf 90' lang='lat' dir='ltr'>ad</span> <span class='ocrx_word' id='word_1_200' title='bbox 2821 3269 3059 3338; x_wconf 88' lang='lat' dir='ltr'>Urbem</span> 
     </span>
     <span class='ocr_line' id='line_1_26' title="bbox 707 3380 3060 3469; baseline 0.003 -21"><span class='ocrx_word' id='word_1_201' title='bbox 707 3383 1147 3469; x_wconf 88' lang='lat' dir='ltr'>perferremus.</span> <span class='ocrx_word' id='word_1_202' title='bbox 1325 3382 1412 3449; x_wconf 90' lang='lat' dir='ltr'>Et</span> <span class='ocrx_word' id='word_1_203' title='bbox 1466 3382 1618 3450; x_wconf 88' lang='lat' dir='ltr'>licet</span> <span class='ocrx_word' id='word_1_204' title='bbox 1674 3402 1790 3450; x_wconf 91' lang='lat' dir='ltr'>nos</span> <span class='ocrx_word' id='word_1_205' title='bbox 1847 3380 2080 3450; x_wconf 89' lang='lat' dir='ltr'>multas</span> <span class='ocrx_word' id='word_1_206' title='bbox 2137 3383 2400 3451; x_wconf 90' lang='lat' dir='ltr'>iniurias</span> <span class='ocrx_word' id='word_1_207' title='bbox 2455 3389 2520 3451; x_wconf 90' lang='lat' dir='ltr'>et</span> <span class='ocrx_word' id='word_1_208' title='bbox 2561 3385 2785 3468; x_wconf 84' lang='lat' dir='ltr'>gravia</span> <span class='ocrx_word' id='word_1_209' title='bbox 2827 3387 3060 3454; x_wconf 85' lang='lat' dir='ltr'>damna</span> 
     </span>
     <span class='ocr_line' id='line_1_27' title="bbox 708 3498 3057 3588; baseline 0.003 -24"><span class='ocrx_word' id='word_1_210' title='bbox 708 3518 836 3565; x_wconf 90' lang='lat' dir='ltr'>non</span> <span class='ocrx_word' id='word_1_211' title='bbox 892 3498 1096 3564; x_wconf 91' lang='lat' dir='ltr'>solum</span> <span class='ocrx_word' id='word_1_212' title='bbox 1149 3504 1283 3566; x_wconf 89' lang='lat' dir='ltr'>toto</span> <span class='ocrx_word' id='word_1_213' title='bbox 1340 3500 1643 3588; x_wconf 88' lang='lat' dir='ltr'>preterito</span> <span class='ocrx_word' id='word_1_214' title='bbox 1704 3519 1869 3565; x_wconf 90' lang='lat' dir='ltr'>anno</span> <span class='ocrx_word' id='word_1_215' title='bbox 1914 3505 2012 3566; x_wconf 90' lang='lat' dir='ltr'>set</span> <span class='ocrx_word' id='word_1_216' title='bbox 2055 3501 2248 3567; x_wconf 88' lang='lat' dir='ltr'>etiam</span> <span class='ocrx_word' id='word_1_217' title='bbox 2295 3499 2376 3566; x_wconf 86' lang='lat' dir='ltr'>ad</span> <span class='ocrx_word' id='word_1_218' title='bbox 2418 3521 2678 3588; x_wconf 85' lang='lat' dir='ltr'>presens</span> <span class='ocrx_word' id='word_1_219' title='bbox 2723 3502 2795 3569; x_wconf 91' lang='lat' dir='ltr'>in</span> <span class='ocrx_word' id='word_1_220' title='bbox 2840 3511 3057 3570; x_wconf 87' lang='lat' dir='ltr'>contu-</span> 
     </span>
     <span class='ocr_line' id='line_1_28' title="bbox 709 3614 3057 3700; baseline 0.004 -21"><span class='ocrx_word' id='word_1_221' title='bbox 709 3614 965 3681; x_wconf 91' lang='lat' dir='ltr'>meliam</span> <span class='ocrx_word' id='word_1_222' title='bbox 1007 3616 1188 3699; x_wconf 84' lang='lat' dir='ltr'>regni</span> <span class='ocrx_word' id='word_1_223' title='bbox 1234 3620 1298 3682; x_wconf 88' lang='lat' dir='ltr'>et</span> <span class='ocrx_word' id='word_1_224' title='bbox 1338 3621 1621 3683; x_wconf 89' lang='lat' dir='ltr'>nostram</span> <span class='ocrx_word' id='word_1_225' title='bbox 1654 3615 2127 3700; x_wconf 84' lang='lat' dir='ltr'>sustineremus,</span> <span class='ocrx_word' id='word_1_226' title='bbox 2172 3622 2387 3683; x_wconf 87' lang='lat' dir='ltr'>tamen</span> <span class='ocrx_word' id='word_1_227' title='bbox 2412 3617 2797 3686; x_wconf 88' lang='lat' dir='ltr'>iussionibus</span> <span class='ocrx_word' id='word_1_228' title='bbox 2826 3622 3057 3687; x_wconf 79' lang='lat' dir='ltr'>vestris</span> 
     </span>
     <span class='ocr_line' id='line_1_29' title="bbox 709 3731 3056 3820; baseline 0.003 -23"><span class='ocrx_word' id='word_1_229' title='bbox 709 3735 841 3797; x_wconf 89' lang='lat' dir='ltr'>tam</span> <span class='ocrx_word' id='word_1_230' title='bbox 888 3751 966 3797; x_wconf 84' lang='lat' dir='ltr'>ex</span> <span class='ocrx_word' id='word_1_231' title='bbox 997 3731 1205 3798; x_wconf 86' lang='lat' dir='ltr'>debito</span> <span class='ocrx_word' id='word_1_232' title='bbox 1238 3753 1426 3817; x_wconf 91' lang='lat' dir='ltr'>quam</span> <span class='ocrx_word' id='word_1_233' title='bbox 1468 3753 1548 3799; x_wconf 85' lang='lat' dir='ltr'>ex</span> <span class='ocrx_word' id='word_1_234' title='bbox 1577 3732 1908 3799; x_wconf 80' lang='lat' dir='ltr'>devotione</span> <span class='ocrx_word' id='word_1_235' title='bbox 1950 3733 2383 3820; x_wconf 89' lang='lat' dir='ltr'>obtemperare</span> <span class='ocrx_word' id='word_1_236' title='bbox 2413 3734 2788 3801; x_wconf 88' lang='lat' dir='ltr'>studuimus.</span> <span class='ocrx_word' id='word_1_237' title='bbox 2860 3736 2948 3804; x_wconf 90' lang='lat' dir='ltr'>Et</span> <span class='ocrx_word' id='word_1_238' title='bbox 2988 3738 3056 3803; x_wconf 91' lang='lat' dir='ltr'>in</span> 
     </span>
    </p>

    <p class='ocr_par' dir='ltr' id='par_1_15' title="bbox 515 3847 3058 4385">
     <span class='ocr_line' id='line_1_30' title="bbox 515 3847 3057 3938; baseline 0.004 -28"><span class='ocrx_word' id='word_1_239' title='bbox 515 3863 678 3923; x_wconf 56' lang='lat' dir='ltr'>Ama</span> <span class='ocrx_word' id='word_1_240' title='bbox 709 3847 928 3931; x_wconf 81' lang='lat' dir='ltr'>vigilia</span> <span class='ocrx_word' id='word_1_241' title='bbox 969 3847 1140 3914; x_wconf 88' lang='lat' dir='ltr'>beati</span> <span class='ocrx_word' id='word_1_242' title='bbox 1182 3847 1512 3916; x_wconf 88' lang='lat' dir='ltr'>Laurentii</span> <span class='ocrx_word' id='word_1_243' title='bbox 1556 3847 1634 3915; x_wconf 92' lang='lat' dir='ltr'>de</span> <span class='ocrx_word' id='word_1_244' title='bbox 1668 3847 2032 3916; x_wconf 88' lang='lat' dir='ltr'>Corbeiensi</span> <span class='ocrx_word' id='word_1_245' title='bbox 2074 3850 2458 3918; x_wconf 88' lang='lat' dir='ltr'>monasterio</span> <span class='ocrx_word' id='word_1_246' title='bbox 2506 3852 2763 3935; x_wconf 82' lang='lat' dir='ltr'>egressi,</span> <span class='ocrx_word' id='word_1_247' title='bbox 2809 3853 3057 3938; x_wconf 82' lang='lat' dir='ltr'>magnis</span> 
     </span>
     <span class='ocr_line' id='line_1_31' title="bbox 708 3964 3055 4052; baseline 0.002 -22"><span class='ocrx_word' id='word_1_248' title='bbox 708 3964 1041 4031; x_wconf 90' lang='lat' dir='ltr'>itineribus</span> <span class='ocrx_word' id='word_1_249' title='bbox 1075 3985 1293 4032; x_wconf 87' lang='lat' dir='ltr'>versus</span> <span class='ocrx_word' id='word_1_250' title='bbox 1326 3965 1765 4033; x_wconf 87' lang='lat' dir='ltr'>Stabulensem</span> <span class='ocrx_word' id='word_1_251' title='bbox 1799 3964 2168 4032; x_wconf 87' lang='lat' dir='ltr'>aecclesiam</span> <span class='ocrx_word' id='word_1_252' title='bbox 2197 3967 2599 4052; x_wconf 89' lang='lat' dir='ltr'>tetendimus,</span> <span class='ocrx_word' id='word_1_253' title='bbox 2648 3988 2809 4052; x_wconf 89' lang='lat' dir='ltr'>quae</span> <span class='ocrx_word' id='word_1_254' title='bbox 2837 3969 3055 4035; x_wconf 88' lang='lat' dir='ltr'>multis</span> 
     </span>
     <span class='ocr_line' id='line_1_32' title="bbox 707 4082 3058 4170; baseline 0.002 -23"><span class='ocrx_word' id='word_1_255' title='bbox 707 4083 950 4167; x_wconf 87' lang='lat' dir='ltr'>rapinis</span> <span class='ocrx_word' id='word_1_256' title='bbox 995 4082 1302 4149; x_wconf 85' lang='lat' dir='ltr'>incendiis</span> <span class='ocrx_word' id='word_1_257' title='bbox 1348 4088 1412 4149; x_wconf 91' lang='lat' dir='ltr'>et</span> <span class='ocrx_word' id='word_1_258' title='bbox 1455 4082 1596 4149; x_wconf 90' lang='lat' dir='ltr'>aliis</span> <span class='ocrx_word' id='word_1_259' title='bbox 1638 4082 2077 4150; x_wconf 82' lang='lat' dir='ltr'>vexationibus</span> <span class='ocrx_word' id='word_1_260' title='bbox 2123 4088 2539 4170; x_wconf 87' lang='lat' dir='ltr'>conquassata</span> <span class='ocrx_word' id='word_1_261' title='bbox 2578 4089 2643 4150; x_wconf 91' lang='lat' dir='ltr'>et</span> <span class='ocrx_word' id='word_1_262' title='bbox 2670 4086 2894 4152; x_wconf 88' lang='lat' dir='ltr'>attrita</span> <span class='ocrx_word' id='word_1_263' title='bbox 2922 4091 3058 4152; x_wconf 87' lang='lat' dir='ltr'>erat</span> 
     </span>
     <span class='ocr_line' id='line_1_33' title="bbox 706 4198 3058 4288; baseline 0.002 -25"><span class='ocrx_word' id='word_1_264' title='bbox 706 4205 967 4284; x_wconf 88' lang='lat' dir='ltr'>propter</span> <span class='ocrx_word' id='word_1_265' title='bbox 1011 4199 1487 4283; x_wconf 89' lang='lat' dir='ltr'>dissensionem,</span> <span class='ocrx_word' id='word_1_266' title='bbox 1536 4219 1697 4284; x_wconf 86' lang='lat' dir='ltr'>quae</span> <span class='ocrx_word' id='word_1_267' title='bbox 1740 4200 1864 4266; x_wconf 84' lang='lat' dir='ltr'>fuit</span> <span class='ocrx_word' id='word_1_268' title='bbox 1904 4199 2072 4266; x_wconf 88' lang='lat' dir='ltr'>inter</span> <span class='ocrx_word' id='word_1_269' title='bbox 2102 4198 2513 4268; x_wconf 88' lang='lat' dir='ltr'>Leodiensem</span> <span class='ocrx_word' id='word_1_270' title='bbox 2558 4198 2958 4288; x_wconf 79' lang='lat' dir='ltr'>episcopum⁵</span> <span class='ocrx_word' id='word_1_271' title='bbox 2991 4207 3058 4267; x_wconf 85' lang='lat' dir='ltr'>et</span> 
     </span>
     <span class='ocr_line' id='line_1_34' title="bbox 708 4311 3052 4385; baseline 0.002 -5"><span class='ocrx_word' id='word_1_272' title='bbox 708 4313 1077 4380; x_wconf 86' lang='lat' dir='ltr'>advocatum</span> <span class='ocrx_word' id='word_1_273' title='bbox 1126 4313 1424 4382; x_wconf 89' lang='lat' dir='ltr'>ecclesiae</span> <span class='ocrx_word' id='word_1_274' title='bbox 1452 4311 1743 4382; x_wconf 78' lang='lat' dir='ltr'>nostrae⁶</span> <span class='ocrx_word' id='word_1_275' title='bbox 1775 4321 1837 4382; x_wconf 92' lang='lat' dir='ltr'>et</span> <span class='ocrx_word' id='word_1_276' title='bbox 1873 4317 2166 4383; x_wconf 90' lang='lat' dir='ltr'>comitem</span> <span class='ocrx_word' id='word_1_277' title='bbox 2180 4312 2201 4345; x_wconf 88' lang='lat'>⁷</span> <span class='ocrx_word' id='word_1_278' title='bbox 2235 4317 2313 4385; x_wconf 93' lang='lat' dir='ltr'>de</span> <span class='ocrx_word' id='word_1_279' title='bbox 2341 4316 2556 4384; x_wconf 86' lang='lat' dir='ltr'>Monte</span> <span class='ocrx_word' id='word_1_280' title='bbox 2583 4317 2809 4384; x_wconf 88' lang='lat' dir='ltr'>Acuto.</span> <span class='ocrx_word' id='word_1_281' title='bbox 2932 4316 3052 4384; x_wconf 87' lang='lat' dir='ltr'>Ve-</span> 
     </span>
    </p>
   </div>
   <div class='ocr_carea' id='block_1_8' title="bbox 706 4472 3045 4633">
    <p class='ocr_par' dir='ltr' id='par_1_16' title="bbox 706 4472 3045 4633">
     <span class='ocr_line' id='line_1_35' title="bbox 851 4472 3045 4543; baseline 0.001 -18"><span class='ocrx_word' id='word_1_282' title='bbox 851 4472 898 4525; x_wconf 92' lang='lat'>1.</span> <span class='ocrx_word' id='word_1_283' title='bbox 926 4472 1017 4526; x_wconf 91' lang='lat' dir='ltr'>Ps.</span> <span class='ocrx_word' id='word_1_284' title='bbox 1044 4472 1164 4540; x_wconf 83' lang='lat'>143,</span> <span class='ocrx_word' id='word_1_285' title='bbox 1193 4473 1277 4526; x_wconf 89' lang='grc'>10.</span> <span class='ocrx_word' id='word_1_286' title='bbox 1385 4473 1436 4528; x_wconf 83' lang='grc'>2.</span> <span class='ocrx_word' id='word_1_287' title='bbox 1461 4472 1532 4529; x_wconf 84' lang='lat' dir='ltr'>V.</span> <span class='ocrx_word' id='word_1_288' title='bbox 1558 4487 1645 4541; x_wconf 88' lang='lat' dir='ltr'>ep.</span> <span class='ocrx_word' id='word_1_289' title='bbox 1665 4472 1772 4527; x_wconf 78' lang='lat'>276</span> <span class='ocrx_word' id='word_1_290' title='bbox 1796 4487 1965 4541; x_wconf 88' lang='lat' dir='ltr'>supra</span> <span class='ocrx_word' id='word_1_291' title='bbox 1987 4489 2043 4543; x_wconf 88' lang='lat' dir='ltr'>p.</span> <span class='ocrx_word' id='word_1_292' title='bbox 2061 4474 2183 4531; x_wconf 79' lang='lat'>402.</span> <span class='ocrx_word' id='word_1_293' title='bbox 2293 4476 2343 4530; x_wconf 87' lang='lat'>3.</span> <span class='ocrx_word' id='word_1_294' title='bbox 2371 4473 2523 4543; x_wconf 88' lang='lat' dir='ltr'>Sept.</span> <span class='ocrx_word' id='word_1_295' title='bbox 2546 4476 2598 4529; x_wconf 88' lang='grc'>8.</span> <span class='ocrx_word' id='word_1_296' title='bbox 2703 4475 2757 4530; x_wconf 83' lang='grc'>4.</span> <span class='ocrx_word' id='word_1_297' title='bbox 2781 4474 3045 4531; x_wconf 85' lang='lat' dir='ltr'>Amoldo.</span> 
     </span>
     <span class='ocr_line' id='line_1_36' title="bbox 706 4559 2689 4633; baseline 0.003 -19"><span class='ocrx_word' id='word_1_298' title='bbox 706 4559 759 4614; x_wconf 85' lang='lat'>5.</span> <span class='ocrx_word' id='word_1_299' title='bbox 795 4559 1116 4616; x_wconf 88' lang='lat' dir='ltr'>Heinricum</span> <span class='ocrx_word' id='word_1_300' title='bbox 1150 4561 1222 4615; x_wconf 90' lang='lat'>11.</span> <span class='ocrx_word' id='word_1_301' title='bbox 1364 4563 1417 4617; x_wconf 89' lang='grc'>6.</span> <span class='ocrx_word' id='word_1_302' title='bbox 1453 4561 1755 4617; x_wconf 89' lang='lat' dir='ltr'>Henricum</span> <span class='ocrx_word' id='word_1_303' title='bbox 1791 4562 1863 4617; x_wconf 89' lang='lat' dir='ltr'>de</span> <span class='ocrx_word' id='word_1_304' title='bbox 1896 4562 2071 4633; x_wconf 84' lang='lat' dir='ltr'>Rupe.</span> <span class='ocrx_word' id='word_1_305' title='bbox 2218 4564 2270 4619; x_wconf 77' lang='lat'>7.</span> <span class='ocrx_word' id='word_1_306' title='bbox 2307 4562 2689 4621; x_wconf 83' lang='lat' dir='ltr'>Godefridum.</span> 
     </span>
    </p>
   </div>
  </div>
 </body>
</html>
