3319 5242
747 406 873 473 148
1444 423 1742 472 wmanm
1785 423 2158 472 uersu-oms:
2202 423 2279 471 72.
2310 422 2388 470 ⁷3.

549 570 686 626 1147
743 566 823 632 H.
845 562 862 592 ¹
905 564 1030 632 Dei
1102 566 1311 650 gratia
1375 566 1633 632 humilis
1701 566 1993 633 minister
2058 566 2357 633 ecclesiae
2425 564 2648 632 beatae
2714 561 2959 631 Mariae
3019 563 3080 631 iu

530 659 568 690 ⁰‘
596 645 705 691 D⁰⁰‘
742 677 1155 768 Flechthorp’
1200 683 1459 749 devotas
1505 684 1823 749 orationes
1871 689 1935 749 et
1977 683 2259 749 debitam
2303 681 2745 748 obedientiam.

920 796 1368 883 CognovimuS,
1453 799 1809 866 venerande
1886 804 2097 885 pater,
2179 798 2429 865 venisse
2506 796 2588 866 ad
2654 795 3082 863 excellentiam

741 920 1018 981 vestram
1076 915 1556 981 dilectissimum
1611 920 1864 1002 patrem
1918 918 2207 981 nostrum
2264 920 2330 980 et
2372 912 2698 979 dominum
2729 910 3083 979 Wibaldum

741 1030 1039 1098 ecclesiae
1093 1031 1492 1099 Corbeiensis
1549 1031 1876 1115 abbatem,
1935 1031 2144 1097 virum
2200 1050 2388 1115 quem
2440 1028 2713 1095 multum
2768 1027 3084 1113 diligimus

740 1152 804 1213 et
858 1147 926 1212 in
971 1167 1094 1233 quo
1140 1147 1488 1253 plurimum
1534 1148 1672 1234 spei
1716 1149 1783 1214 in
1828 1153 2002 1214 terra
2042 1151 2265 1214 nostra
2305 1147 2376 1212 111
2421 1147 2697 1213 adventu
2738 1145 2946 1233 ipsius
2993 1164 3085 1211 ac-

739 1264 1052 1349 cepimus3
1111 1285 1300 1349 quem
1355 1270 1420 1331 et
1463 1270 1714 1331 vestrae
1756 1263 2130 1350 paternitati
2173 1261 2680 1330 commendatum
2725 1282 2866 1328 esse
2909 1281 3086 1346 roga-

738 1400 898 1445 mus.
962 1379 1308 1447 Laboravit
1351 1380 1522 1447 enim
1564 1381 1632 1444 in
1679 1381 1937 1464 regione
1980 1383 2201 1446 nostra
2241 1380 2404 1446 sicut
2430 1379 2530 1445 vir
2557 1376 2864 1465 preliator
2893 1378 3086 1445 susci·

737 1500 879 1563 tans
938 1497 1146 1564 zelum
1196 1517 1314 1584 pro
1360 1496 1718 1584 reparanda
1761 1496 1979 1563 divina
2020 1495 2326 1579 religione
2382 1500 2522 1562 tum
2574 1495 2643 1560 in
2699 1515 2814 1560 suo
2870 1515 3086 1566 mona·

738 1614 930 1680 sterio
987 1619 1124 1679 tum
1180 1614 1251 1679 in
1304 1612 1706 1678 monasteriis
1719 1662 1738 1695 ,
1796 1633 1955 1697 quae
2013 1633 2093 1679 ex
2139 1613 2303 1679 dono
2350 1611 2565 1677 domni
2608 1611 2778 1694 regis
2826 1611 3086 1697 accepit,

737 1729 1092 1795 Kaminada
1136 1729 1379 1795 scilicet
1423 1748 1496 1795 ac
1528 1728 1860 1810 Visbicke3
1920 1728 2027 1796 ubi
2083 1749 2211 1795 non
2258 1728 2474 1794 divina
2528 1727 2788 1794 servitia
2840 1734 2943 1794 set
2997 1726 3088 1792 lu-

737 1845 1072 1931 panarium
1128 1844 1402 1911 ludibria
1454 1844 1634 1930 prius
1695 1845 2150 1912 exercebantur
2205 1844 2274 1911 in
2331 1849 2608 1928 tantum,
2665 1848 2738 1909 ut
2787 1842 3088 1910 Kamina—

738 1961 936 2027 tensis
1006 1961 1357 2045 abbatissa,
1426 1961 1666 2027 femina
1733 1966 1796 2028 et
1857 1962 2331 2028 conversatione
2389 1966 2454 2027 et
2511 1965 2678 2027 etate
2735 1959 3089 2042 iuvencula,

740 2077 1126 2144 amatoribus
1198 2077 1329 2143 suis
1396 2083 1543 2165 post
1612 2078 1711 2143 sui
1781 2077 2239 2164 depositionem
2295 2077 2375 2144 de
2424 2076 2733 2144 reditibus
2790 2075 3089 2144 ecclesiae

735 2193 908 2260 illius
975 2193 1118 2280 plus
1188 2215 1379 2280 quam
1448 2195 1531 2260 ad
1586 2199 1841 2261 centum
1896 2214 2149 2260 mansos
2206 2195 2275 2259 in
2329 2191 2631 2260 beneficio
2688 2193 3089 2274 concesserit,

738 2328 881 2375 cum
938 2316 1085 2376 ante
1142 2310 1602 2396 depositionem
1659 2331 1843 2376 suam
1895 2310 2176 2397 pessima
2232 2308 2707 2376 conversatione
2763 2312 2828 2375 et
2884 2307 3091 2376 irreli-

738 2427 918 2510 giosa
960 2427 1375 2513 promotione,
1424 2447 1549 2512 qua
1595 2427 1677 2492 ad
1722 2426 2005 2492 diversas
2052 2425 2336 2493 abbatias
2381 2430 2673 2512 promota
2717 2431 2782 2492 et
2807 2446 2933 2512 pro
2966 2425 3091 2492 suis

739 2541 943 2629 culpis
992 2547 1201 2608 amota
1243 2543 1469 2627 fuerat,
1518 2563 1734 2609 omnes
1781 2541 2109 2629 religiosos
2152 2543 2321 2609 viros
2349 2547 2604 2609 nostrae
2632 2547 2840 2609 terrae
2872 2549 3094 2609 contra

739 2679 808 2724 se
855 2659 1242 2725 excitaverit.
1313 2660 1493 2727 Unde
1536 2659 1936 2727 obsecramus
1968 2660 2415 2747 paternitatem
2447 2663 2744 2742 vestram,
2791 2661 3093 2744 quatinus

738 2775 1056 2860 prefatum
1114 2775 1438 2860 abbatem,
1499 2777 1607 2861 qui
1663 2776 2025 2842 huiusmodi
2079 2774 2502 2862 turpitudines
2564 2774 2942 2845 submovere
3000 2778 3095 2844 in-

740 2892 942 2977 cepit,
1011 2892 1365 2958 venientem
1424 2892 1505 2958 ad
1564 2912 1677 2958 vos
1736 2891 2006 2976 benigne
2062 2890 2415 2958 exaudiatis
2483 2897 2548 2957 et
2611 2896 2744 2958 tam
2812 2893 3097 2978 regalem

739 3007 1235 3074 munificentiam
1292 3029 1481 3094 quam
1535 3008 1783 3075 labores
1843 3029 2020 3093 suos,
2078 3028 2233 3093 quos
2289 3007 2358 3072 in
2415 3007 2829 3074 restauranda
2872 3008 3096 3075 divina

739 3123 1042 3208 religione
1095 3125 1414 3211 inpendit,
1471 3130 1684 3192 vestra
1743 3126 2117 3191 auctoritate
2169 3122 2552 3190 confirmetis
2598 3129 2662 3191 et
2705 3123 2993 3191 studium
3040 3124 3098 3191 ei

738 3240 909 3306 circa
953 3240 1191 3343 cultum
1239 3240 1534 3309 ecclesiae
1579 3247 1797 3308 vestra
1841 3240 2267 3308 benivolentia
2312 3239 2697 3324 adaugeatis.

748 3475 869 3548 73.
915 3480 1331 3546 Wamundus
1388 3484 1580 3547 abbas
1627 3481 1696 3547 S.
1739 3483 1940 3547 Blasii
1980 3483 2468 3549 Northeimensis
2510 3482 2798 3570 Euqem'o
2829 3482 2947 3551 ΠΙ
2968 3509 3096 3573 pa·

917 3620 1043 3683 pae
1085 3597 1436 3663 Wibaldum
1481 3598 1883 3663 commendat.
2806 3597 2921 3680 (M.
2960 3599 3095 3681 61.)

546 3740 684 3795 1147
918 3728 1446 3795 Reverentissimo
1501 3730 1672 3815 patri
1729 3749 1804 3797 ac
1860 3729 2114 3796 domino
2166 3730 2450 3814 Eugenio
2506 3751 2749 3798 summo
2817 3738 2882 3798 et
2953 3733 3096 3799 uni·

528 3827 569 3860 ⁰·
595 3814 707 3861 ⁰⁶⁶·
741 3844 972 3910 versali
1014 3843 1301 3930 pontifici
1343 3843 1819 3927 W(armundus)
1867 3845 1988 3912 Dei
2031 3847 2238 3931 gratia
2279 3846 2347 3913 id
2392 3848 2560 3932 quod
2604 3853 2731 3931 est,
2787 3847 3097 3916 ecclesiae

741 3959 910 4026 beati
954 3956 1184 4026 Blasii⁸
1230 3960 1489 4027 humilis
1542 3962 1862 4045 minister,
1921 3962 2218 4048 quicquid
2262 3963 2432 4030 valet
2474 3963 2688 4031 debita
2730 3962 3098 4031 obedientia

742 4081 807 4142 et
851 4076 1294 4143 devotissimae
1341 4078 1641 4143 orationis
1688 4077 2013 4143 instantia.

917 4192 1097 4270 Quod
1163 4193 1461 4259 dilectum
1515 4198 1765 4280 patrem
1822 4199 2111 4261 nostrum
2156 4192 2519 4261 Wibaldum
2579 4194 2878 4263 ecclesiae
2936 4195 3097 4263 Cor-

881 4351 934 4404 1.
981 4353 1077 4404 aut
1125 4350 1435 4407 Hartwicus
1479 4357 1576 4406 aut
1622 4350 1987 4406 Hermaunus.
2056 4350 2126 4406 V.
2173 4351 2416 4423 Mooyeri
2462 4352 2772 4424 catalogum
2819 4352 3096 4411 abbatum

739 4436 1249 4494 Flechdorfeusium
1286 4440 1344 4493 iu
1368 4438 1583 4494 Erhard
1607 4439 1723 4494 und
1746 4440 2101 4495 Roseukrauz
2124 4440 2444 4498 zeitschrift
2465 4441 2619 4498 VIII.
2644 4444 2732 4498 60.
2837 4443 2889 4498 2.
2926 4459 3093 4501 coen.

736 4525 794 4581 d.
816 4526 1303 4584 Paderbornensis.
1446 4529 1501 4584 3.
1535 4526 1991 4586 Northeimeusis.
