3319 5242
770 409 905 478 524
1437 426 1738 476 wmALm
1777 425 2153 475 uma-onan
2190 426 2298 475 m.
2329 427 2435 475 ses.

595 576 736 633 1152
773 568 1000 638 affectu
1047 569 1124 635 ad
1170 571 1380 637 sinum
1422 573 1727 656 paternae
1768 568 2195 636 miserationis
2235 573 2483 637 vestrae
2524 568 2952 656 confugimus,
2991 592 3092 659 pe-

590 2200 730 2257 1152

769 686 956 753 dibus
1003 687 1356 753 sanctitatis
1400 691 1648 754 vestrae
1678 685 2001 752 humiliter
2029 683 2417 772 provolutae,
2464 686 2839 774 suppliciter
2870 694 2938 755 et
2961 707 3092 755 con-

770 802 1027 869 tritione
1070 803 1330 888 spiritus
1374 802 1576 869 nostri
1612 801 2010 869 clementiam
2038 806 2317 869 vestram
2344 803 2763 888 obsecrantes,
2810 805 3093 890 quatinus

773 938 966 986 causa
1007 917 1128 986 Dei
1184 924 1249 985 et
1303 918 1541 985 domini
1595 919 1797 985 nostri
1856 918 2341 1007 archiepiscopi,
2400 919 2510 1003 qui
2562 939 2677 986 nos
2733 919 3094 988 clementiae

770 1038 1016 1102 vestrae
1069 1034 1404 1121 perintime
1457 1034 1947 1120 commendavit,
2000 1034 2248 1102 litteras
2302 1040 2546 1103 vestras
2603 1037 2685 1102 ad
2739 1037 3096 1124 episcopum

765 1149 1371 1218 Patherburnensem
1391 1147 1407 1178 ¹
1449 1151 1738 1235 dirigatis
1797 1172 2065 1238 eumque
2106 1151 2341 1236 rogetis
2357 1200 2377 1236 ,
2432 1156 2506 1219 ut
2557 1170 2674 1218 sua
2729 1154 3095 1220 auctoritate

765 1265 1118 1351 confirmet,
1175 1287 1256 1334 ne
1307 1286 1424 1334 nos
1486 1267 1752 1335 ulterius
1796 1268 2124 1352 infestent,
2182 1272 2248 1335 et
2301 1288 2462 1355 quae
2505 1269 2642 1336 iure
2683 1269 3097 1355 possidemus,

764 1382 1132 1450 inconvulsa
1183 1389 1613 1470 permaneant.
1707 1383 1945 1451 Valete.
2020 1382 2276 1451 Patrem
2339 1390 2627 1452 nostrum
2694 1385 3100 1452 karissimum

765 1500 1087 1584 sanctitati
1130 1504 1377 1567 vestrae
1417 1500 1757 1587 perintime
1801 1500 2332 1585 commendamus,
2376 1505 2442 1568 et
2482 1505 2556 1568 ut
2597 1502 2657 1568 ei
2699 1501 2771 1568 in
2813 1502 3100 1570 omnibus

766 1616 1074 1700 augustiis
1121 1617 1251 1682 suis
1295 1615 1831 1702 condescendatis,
1877 1616 2107 1684 obnixe
2149 1636 2464 1701 rogamus.

771 1825 946 1899 393.
981 1829 1299 1895 Wibaldus
1349 1829 1637 1918 Eugenio
1684 1830 1792 1898 ΙΠ
1829 1854 2046 1919 papae
2103 1831 2415 1921 Sffrc'dum
2468 1832 2748 1897 abbatem
2812 1833 3100 1899 Ulleshen‘-

984 1968 1267 2029 mensem,
1316 1949 1395 2013 ab
1438 1945 1801 2013 Hermanno
1847 1949 2134 2036 episcopo
2177 1947 2472 2013 Ver-densi
2525 1948 2883 2035 expulsum,
2946 1973 3103 2015 cone·

983 2062 1248 2126 mendae.
1639 2098 1649 2105 ·
2779 2061 2893 2144 (Μ.
2927 2065 3099 2144 364.)

941 2192 1304 2261 Reverendo
1348 2194 1418 2261 in
1451 2193 1702 2262 Christo
1746 2195 1917 2283 patri
1959 2213 2072 2262 suo
2103 2199 2167 2262 et
2194 2193 2448 2262 domino
2475 2194 2814 2280 E(ugenio)
2848 2204 3101 2265 sanctae

763 2310 1083 2378 Romanae
1128 2310 1464 2378 aecclesiae
1509 2331 1754 2378 summo
1781 2309 2065 2398 pontifici
2106 2311 2302 2379 frater
2330 2310 2706 2395 wobaldus)
2736 2312 2865 2380 Dei
2899 2313 3100 2398 gratia

760 2428 849 2513 id,
898 2427 1066 2514 quod
1112 2431 1210 2494 est
1249 2427 1317 2493 in
1363 2427 1667 2495 aecclesia
1709 2428 2033 2514 catholica,
2079 2428 2337 2513 exiguas
2367 2428 2682 2496 orationes
2711 2435 2780 2495 et
2805 2429 3098 2498 devotum

760 2542 1106 2611 servitium.

937 2658 1133 2726 Lator
1188 2660 1608 2748 presentium,
1665 2659 2059 2729 Corbeiensis
2114 2659 2453 2728 aecclesiae
2504 2658 2673 2727 filius
2686 2710 2707 2745 ,
2764 2667 2985 2729 noster
3029 2662 3096 2729 in

762 2775 1035 2844 Domino
1083 2776 1322 2861 collega
1365 2781 1429 2844 et
1471 2776 1786 2845 confrater
1832 2776 2102 2844 Sifridus
2158 2775 2383 2860 abbas,
2442 2783 2803 2864 assumptus
2858 2778 2984 2845 fuit
3022 2778 3096 2845 de

762 2893 1145 2960 monasterio
1201 2891 1563 2960 Corbeiensi
1617 2894 1688 2960 in
1742 2892 2156 2981 prelationem
2212 2892 2502 2961 abbatiae
2555 2893 2634 2961 de
2687 2890 3092 2976 Ullesheim²3

762 3029 955 3096 quam
1000 3008 1192 3076 etiam
1238 3010 1729 3087 amministravit
1768 3010 1900 3076 iam
1944 3008 2127 3077 annis
2155 3007 2298 3097 plus
2345 3029 2535 3095 quam
2578 3008 2913 3078 duodecim
2956 3031 3094 3078 cum

761 3126 1101 3214 disciplina
1144 3130 1210 3193 et
1253 3130 1587 3210 augmento
1633 3126 1733 3192 sui
1778 3125 2017 3193 ordinis
2064 3130 2129 3193 et
2153 3145 2367 3193 rerum
2404 3126 2853 3212 temporalium
2897 3127 3092 3196 incre-

760 3247 994 3329 mento,
1039 3242 1133 3309 ita
1175 3246 1247 3309 ut
1288 3242 1721 3309 testimonium
1763 3242 2025 3309 haberet
2068 3241 2147 3308 ab
2184 3240 2284 3309 his
2315 3242 2528 3327 etiam,
2574 3242 2683 3328 qui
2726 3242 2886 3309 foris
2930 3249 3089 3310 sunt.

760 3360 945 3429 Hunc
988 3358 1255 3425 domnus
1298 3356 1746 3440 H(ermannus)
1792 3356 2128 3425 Ferdensis
2187 3358 2548 3445 episcopus,
2604 3358 2674 3424 in
2726 3359 2911 3426 cuius
2953 3379 3089 3446 par-

760 3475 978 3544 rochia
1019 3475 1190 3542 idem
1218 3473 1670 3542 monasterium
1701 3473 2009 3559 consistit,
2055 3475 2191 3542 sine
2218 3474 2546 3543 vocatione
2579 3480 2645 3542 et
2672 3475 2809 3543 sine
2840 3476 3089 3543 audien·

762 3591 873 3676 tia,
921 3591 1058 3658 sine
1100 3591 1347 3675 iuditio,
1392 3611 1522 3658 non
1565 3592 1939 3675 convictum,
1983 3610 2111 3658 non
2155 3590 2529 3677 confessum,
2574 3590 2654 3658 de
2694 3591 2956 3659 abbatia
2985 3611 3090 3659 sua

762 3706 1006 3795 expulit
1063 3711 1127 3773 et
1183 3707 1472 3775 omnibus
1523 3707 1893 3775 monasterii
1943 3705 2131 3775 rebus
2172 3706 2318 3794 plus
2363 3728 2555 3793 quam
2595 3727 2712 3794 per
2756 3710 2911 3775 anni
2954 3729 3087 3797 spa-

758 3825 927 3893 cium
971 3823 1102 3889 iam
1145 3822 1456 3910 spoliavit.
1525 3823 1648 3892 Pro
1695 3844 1820 3911 qua
1861 3843 1931 3891 re
1960 3844 2089 3891 non
2117 3823 2320 3893 solum
2366 3824 2405 3890 a
2440 3823 2623 3891 nobis
2650 3845 2879 3892 verum
2907 3827 3086 3893 etiam

758 3942 799 4010 a
838 3940 1200 4009 reverendis
1245 3941 1663 4008 confratribus
1705 3941 1962 4026 nostris,
2006 3940 2198 4007 totius
2236 3940 2368 4007 fere
2400 3938 2713 4008 Saxoniae
2741 3941 3083 4024 abbatibus,

755 4058 1116 4145 frequenter
1171 4062 1236 4125 et
1291 4055 1564 4126 officiose
1618 4058 2035 4125 commonitus
2048 4107 2068 4143 ,
2135 4075 2253 4125 nec
2314 4056 2646 4124 restituere
2702 4077 2823 4125 nec
2881 4060 3086 4127 ordine

757 4174 1054 4250 canonico
1099 4179 1371 4242 tractare
1415 4175 1626 4262 ipsum
1671 4174 2047 4242 confratrem
2091 4179 2375 4241 nostrum
2421 4173 2638 4241 voluit.
2710 4174 2980 4263 Insuper
3016 4173 3084 4239 ad

756 4289 1167 4358 intolerabilis
1186 4290 1599 4358 contumeliae
1629 4290 1949 4357 cumulum
1978 4291 2282 4376 quosdam
2308 4290 2918 4378 pseudomonachos,
2943 4310 3081 4378 quoe

757 4407 1076 4496 predictus
1132 4406 1325 4474 abbas
1378 4412 1642 4495 propter
1699 4407 2137 4476 enormitatem
2182 4408 2348 4476 vitae
2391 4428 2544 4476 suae
2588 4408 2668 4476 de
2710 4407 3080 4475 monasterio

896 4537 945 4594 1.
984 4536 1381 4594 Bernhardum.
1521 4537 1863 4596 21U01tzen.
