3319 5242
746 417 871 484 158
1446 434 1745 481 wmALm
1786 431 2160 481 nms‘ronm
2200 430 2277 478 84.
2307 429 2384 477 85.

744 575 869 648 84.
918 576 1241 663 Euqmius
1267 577 1378 643 ΙΠ
1402 601 1580 664 papa
1622 579 1984 643 sententiam
2029 598 2069 640 a
2104 574 2342 641 Thema
2386 572 2696 638 cardinali
2738 572 2806 636 in
2836 569 3090 635 Heinri-

922 716 1060 758 oum
1089 695 1402 780 quondam
1432 694 1714 759 abbatem
1747 693 2168 758 Corbeien'sem
2197 691 2390 755 latam
2422 689 2765 778 corfimat.
2816 682 2928 765 (Μ.
2956 684 3086 765 67.)

558 839 698 894 1148
919 824 1239 910 Eugenius
1285 826 1616 912 episcopus
1663 845 1882 892 servus
1928 843 2254 892 servorum
2298 820 2421 888 Dei
2465 819 2712 886 dilectis
2755 817 2909 885 filiis
2938 817 3090 884 Gor-

541 915 651 974 Apr‘
679 913 708 960 ⁶
742 941 1097 1010 hoiensibus
1152 942 1507 1025 monachis,
1562 941 1781 1008 liberis
1827 960 1901 1008 ac
1943 938 2464 1007 ministerialibus
2508 936 2781 1004 salutem
2827 940 2895 1003 et
2940 954 3090 1021 apo-

743 1058 1032 1127 stolicam
1074 1057 1591 1125 benedictionem.

920 1173 1237 1254 Quantum
1289 1173 1374 1241 sit
1417 1173 1843 1242 necessarium
1883 1172 2415 1240 monasteriorum
2474 1167 2672 1254 quieti
2725 1166 3094 1255 prospicere

744 1295 809 1358 et
851 1290 929 1358 de
959 1311 1175 1358 eorum
1202 1289 1478 1357 utilitate
1508 1289 1777 1356 sollicite
1807 1290 2105 1374 cogitare,
2154 1294 2301 1354 ante
2332 1291 2544 1353 aetum
2575 1283 2875 1367 officium,
2928 1282 3094 1369 quod

742 1407 812 1473 in
868 1406 1158 1474 abbatiae
1200 1405 1508 1490 regimine
1554 1406 1894 1490 gessimus,
1951 1426 2068 1472 nos
2112 1404 2430 1470 informat.
2523 1401 2793 1486 Ideoque
2835 1399 2991 1486 paci
3036 1404 3098 1466 et

742 1522 1189 1609 tranquillitati
1234 1521 1630 1589 Corbeiensis
1690 1521 2030 1589 aecclesiae
2087 1520 2421 1608 providere
2463 1517 2746 1585 volentes
2759 1566 2780 1601 ,
2838 1521 3096 1583 senten-

742 1642 922 1724 tiam,
969 1659 1161 1725 quam
1203 1638 1582 1706 venerabilis
1626 1639 1824 1705 frater
1868 1644 2085 1705 noster
2129 1637 2330 1704 bonae
2374 1634 2718 1702 memoriae
2766 1631 3095 1714 T(homas)

742 1756 1057 1844 presbiter
1112 1754 1448 1822 cardinalis
1508 1762 1573 1822 et
1629 1754 2011 1843 apostolicae
2069 1754 2236 1821 sedis
2290 1751 2536 1837 legatus
2598 1751 2668 1817 in
2724 1748 3097 1815 Heinrioum

745 1873 1064 1959 quondam
1108 1871 1387 1938 eiusdem
1431 1872 1800 1939 monasterii
1846 1872 2136 1939 abbatem
2183 1870 2385 1954 dedit,
2442 1865 2885 1935 confirmantes
2899 1915 2920 1950 ,
2969 1870 3098 1932 sta-

744 1990 1004 2073 tuimus,
1052 1988 1238 2074 quod,
1284 1989 1341 2055 si
1384 1988 1549 2056 idem
1593 1988 1981 2071 H(einricus)
2025 2008 2247 2075 pacem
2293 1985 2663 2053 monasterii
2692 1982 3096 2050 corbeiensis

745 2105 1117 2193 perturbare
1174 2105 1634 2192 presumpserit
1689 2111 1753 2173 et
1807 2107 1907 2174 bis
1967 2105 2243 2173 terciove
2301 2102 2718 2171 commonitus
2763 2120 2895 2166 non
2941 2099 3097 2166 resi·

745 2223 956 2310 puerit
970 2272 989 2306 ,
1036 2242 1165 2289 non
1209 2222 1414 2289 solum
1458 2221 1548 2288 ibi
1591 2220 1857 2289 ulterius
1904 2222 2275 2310 prelationis
2321 2240 2448 2287 non
2493 2217 2751 2286 habebit
2795 2214 3097 2299 officium,

746 2344 846 2407 set
886 2359 969 2406 ne
1011 2338 1343 2426 postmodo
1387 2338 1478 2405 ibi
1520 2336 1690 2405 inter
1735 2338 2018 2407 subditos
2063 2342 2348 2422 maneat,
2406 2334 2832 2422 prohibemus.
2927 2332 3100 2400 Data

745 2455 960 2524 Remis
1002 2455 1202 2522 Nonis
1245 2454 1508 2542 Aprilis.

753 2660 877 2732 85.
925 2624 1248 2750 Euymeut
1292 2662 1405 2729 ῙΠ
1436 2685 1615 2749 papa
1664 2660 2072 2727 Futdemibus
2126 2660 2363 2739 scribit,
2422 2681 2604 2747 quem
2649 2658 2934 2723 abbatem
2982 2656 3098 2721 ete-

922 2780 1168 2867 9issent‚
1217 2802 1355 2844 eum
1402 2803 1443 2843 a
1487 2801 1616 2843 sese
1663 2788 2127 2881 exauctoratum
2175 2800 2317 2842 esse.
2389 2775 2674 2855 Mandat,
2721 2784 2790 2838 ut
2835 2772 3101 2837 alterum

928 2896 1208 2962 abbatem
1252 2918 1329 2960 ex
1376 2895 1578 2960 alieno
1622 2894 1995 2959 monasterio
2040 2902 2300 2957 sumant.
2816 2885 2927 2968 (M.
2965 2886 3099 2973 68.)

566 3047 707 3103 1148
923 3029 1246 3114 Eugenius
1293 3028 1624 3115 episcopus
1672 3046 1890 3093 servus
1938 3046 2266 3093 servorum
2309 3022 2431 3090 Dei
2476 3021 2722 3088 dilectis
2766 3018 2919 3086 filiis
2965 3040 3099 3086 mo-

550 3123 660 3182 Apr·
688 3122 716 3168 ⁸
748 3146 965 3213 nachis
981 3195 1002 3230 ,
1058 3144 1275 3212 liberis
1331 3150 1395 3211 et
1449 3142 1971 3211 ministerialibus
2016 3141 2348 3209 Fuldensis
2405 3137 2775 3207 monasterii
2828 3136 3100 3205 salutem

752 3269 816 3331 et
858 3261 1270 3349 apostolicam
1312 3260 1835 3327 benedictionem.

932 3377 1003 3446 Si
1058 3378 1140 3445 ad
1193 3377 1470 3461 regenda
1524 3375 1988 3443 rationabiliter
2047 3373 2334 3441 membra
2387 3371 2681 3438 discretio
2728 3369 2959 3457 capitis
3006 3371 3099 3436 in-

752 3499 929 3567 tenta
971 3515 1100 3560 non
1142 3494 1354 3576 fuerit,
1401 3492 1684 3579 corporis
1714 3512 2050 3587 compages
2082 3488 2389 3556 dissoluta
2417 3486 2683 3554 nutabit.
2753 3484 3101 3572 Postquam

753 3611 947 3696 igitur
1001 3609 1333 3677 Fuldensis
1397 3607 1702 3675 aecclesia
1756 3607 2016 3696 proprio
2075 3606 2196 3673 fuit
2249 3605 2490 3672 nudata
2543 3608 2797 3690 pastore
2816 3597 2854 3686 ¹,
2914 3621 3100 3669 curae

753 3728 936 3795 nobis
978 3728 1103 3793 fuit
1143 3724 1467 3809 fratribus,
1515 3724 1622 3809 qui
1663 3730 1990 3812 presentes
2032 3727 2231 3805 erant,
2278 3722 2426 3788 viva
2453 3739 2605 3786 voce
2636 3718 2988 3805 precipere,
3032 3721 3102 3782 ut

756 3844 835 3912 de
892 3844 1015 3911 alio
1073 3842 1345 3910 claustro
1359 3892 1378 3927 ,
1446 3862 1572 3908 uno
1631 3843 1975 3927 eodemque
2031 3858 2340 3906 consensu
2396 3835 2588 3903 talem
2646 3831 3100 3921 preficiendum

757 3961 880 4029 sibi
926 3960 1217 4028 abbatem
1264 3957 1585 4042 eligerent,
1631 3978 1749 4045 per
1793 3976 1979 4043 quem
2023 3955 2091 4020 in
2137 3953 2440 4021 Fuldensi
2482 3951 2885 4036 monasterio,
2935 3947 3101 4036 quod

755 4077 1031 4167 pastoris
1077 4073 1322 4141 incuria
1364 4079 1497 4141 tam
1526 4075 1595 4140 in
1625 4072 2061 4161 spiritualibus
2094 4092 2285 4157 quam
2315 4071 2384 4136 in
2412 4067 2864 4157 temporalibus
2894 4067 3101 4134 fuerat

757 4194 1171 4275 diminutum,
1227 4195 1411 4274 grata
1453 4190 1589 4257 Deo
1644 4210 1833 4257 verae
1887 4188 2213 4274 religionis
2273 4185 2522 4253 cultura
2573 4189 2791 4273 posset
2845 4189 3100 4249 auctore

758 4295 1032 4379 Domino
1077 4306 1439 4375 restaurari.
1495 4305 1624 4373 Vos
1670 4327 1820 4374 vero
1868 4310 2088 4373 contra
2130 4305 2401 4371 formam
2447 4301 2650 4369 nostri
2692 4299 2975 4366 mandati
3020 4297 3099 4363 de

757 4431 968 4494 vestro
1028 4424 1300 4492 claustro
1355 4423 1648 4490 abbatem
1662 4417 1686 4451 ²
1731 4421 1962 4508 eligere
2016 4419 2493 4509 presumpsistis
2506 4468 2525 4503 ,
2585 4416 2694 4504 qui
2746 4417 2938 4483 etiam
2975 4432 3098 4501 pro

902 4550 953 4604 1.
989 4545 1197 4604 Alolfo.
1337 4548 1387 4602 2.
1426 4545 1761 4616 Roggerum.
