3319 5242
959 479 1258 528 wmALm
1299 479 1674 529 nmeromn
1717 481 1791 528 55.
1823 481 1899 528 56.
2471 468 2596 535 133

246 619 589 707 privilegia
631 620 930 687 ecclesiae
976 642 1146 706 suae,
1193 623 1295 688 cui
1326 623 1569 709 primus
1599 628 1835 709 preest,
1884 622 2243 691 confirmari
2271 627 2453 712 petit,
2498 606 2598 695 vir
2634 634 2772 690 1147

244 756 494 823 pauper
535 736 727 803 rebus
772 742 870 803 set
912 738 1157 805 meritis
1204 738 1399 822 dives,
1449 739 1558 824 qui
1600 740 1670 805 in
1713 738 1852 823 lege
1897 740 2055 808 Dei·
2100 742 2446 810 meditatur
2490 745 2594 813 die
2657 707 2755 755 ω’

246 872 319 919 00
360 858 573 936 nocte,
621 857 687 919 et
727 853 1020 920 voluntas
1065 856 1198 921 eius
1242 854 1312 921 in
1343 875 1420 921 ea
1448 856 1808 940 scrutando,
1856 857 2207 942 scribendo,
2251 861 2352 925 vir
2379 860 2597 945 utique

243 989 516 1053 magnae
560 969 977 1036 abstinentiae
1024 974 1088 1037 et
1131 972 1305 1038 carni
1352 992 1501 1038 suae
1545 972 1859 1039 inimicus.
1932 972 2131 1051 Quem
2173 994 2290 1061 pro
2332 974 2453 1041 Dei
2498 975 2594 1042 di-

240 1084 515 1151 lectione
558 1089 624 1151 et
666 1091 884 1152 nostra
927 1087 1467 1154 commendatione
1513 1088 1855 1155 clementer
1899 1089 2269 1156 exaudietis.

245 1297 367 1368 56.
416 1301 779 1366 Reinardm
823 1302 1014 1367 abbas
1041 1301 1516 1367 Reinehueemis
1560 1302 1844 1369 Wibaldo
1888 1306 2100 1370 scribit
2142 1305 2219 1369 de
2266 1306 2396 1369 eius
2442 1329 2592 1392 crya

419 1430 488 1471 se
534 1408 932 1499 beneficentia
977 1420 1034 1474 et
1078 1409 1155 1473 de
1196 1432 1314 1474 sua
1359 1420 1636 1495 eyestate.
2310 1408 2420 1490 (M.
2454 1410 2588 1493 36.)

423 1538 675 1606 1)01111ιο
699 1538 988 1607 Wibaldo
1030 1540 1381 1609 Reinardus
1412 1541 1880 1628 qualiscunque,
1923 1541 2324 1610 fidelissimus
2354 1548 2588 1628 tamen,
2626 1553 2805 1609 1147?

243 1656 545 1742 quicquid
589 1654 849 1722 dulcius.

422 1771 500 1838 In
549 1771 765 1838 multis
810 1777 875 1839 et
918 1773 1164 1856 magnis
1210 1770 1527 1839 beneficiis
1570 1773 1731 1858 tuis,
1791 1773 2116 1840 hominum
2163 1774 2587 1859 dilectissime,

240 1894 453 1955 mutas
510 1888 628 1954 tibi
681 1887 928 1955 litteras
941 1938 959 1971 ,
1017 1890 1073 1954 si
1130 1893 1346 1955 tamen
1398 1894 1639 1974 mutas,
1700 1891 1953 1957 mittere
1998 1891 2231 1957 curavi.
2300 1890 2387 1957 Et
2429 1891 2587 1977 ipsis

241 2005 500 2091 quidem
544 2002 863 2071 beneficiis
901 2001 1028 2071 tuis
1064 2004 1523 2091 qualescunque
1553 2011 1764 2090 grates
1795 2005 2021 2080 vellem
2049 2006 2416 2093 rependere,
2461 2008 2589 2073 nisi

238 2122 490 2205 scirem,
536 2121 883 2204 gratuitum
926 2121 1162 2187 bonum
1190 2126 1370 2187 tuum
1400 2119 1759 2188 nullatenus
1792 2143 1897 2188 eas
1927 2123 2266 2207 requirere.
2322 2122 2586 2189 Verum-

236 2241 454 2304 tamen
499 2238 836 2323 parturitio
883 2237 1090 2303 cordis
1126 2237 1253 2303 mei
1281 2257 1678 2323 nequaquam
1706 2239 1967 2324 patitur,
2015 2239 2092 2305 de
2119 2239 2409 2305 interiori
2437 2259 2585 2306 con-

236 2354 531 2440 ceptione
574 2353 743 2419 foras
788 2353 982 2419 nichil
1027 2374 1374 2440 erumpere.
1446 2353 1609 2431 Quid
1653 2358 1868 2421 tamen
1900 2356 2106 2421 dicere
2135 2375 2414 2441 possum,
2458 2356 2585 2421 nisi

234 2471 385 2556 quia
430 2474 538 2554 tu,
585 2470 749 2535 sicut
793 2470 1048 2555 quidam
1093 2470 1276 2554 dicit,
1326 2469 1485 2536 alter
1528 2470 1698 2536 idem
1743 2471 1900 2537 mihi
1942 2472 2121 2555 facis,
2168 2471 2334 2557 quod
2376 2473 2584 2538 facere

234 2586 471 2654 debes?
538 2584 741 2653 Huius
811 2585 980 2653 enim
1046 2587 1394 2654 sententiae
1458 2586 1726 2654 veritate
1790 2586 2214 2673 considerata,
2283 2588 2584 2675 quodam-

232 2703 420 2770 modo
452 2703 700 2769 viscera
726 2708 838 2769 tua
864 2702 1125 2787 largiter
1168 2704 1238 2769 in
1281 2724 1385 2770 me
1428 2704 1603 2770 foves
1647 2709 1730 2787 et,
1777 2704 1936 2769 mihi
1967 2705 2262 2790 quicquid
2290 2705 2585 2792 inpertiri

234 2818 496 2903 videris,
543 2818 763 2904 procul
808 2819 997 2886 dubio
1042 2820 1291 2886 tibimet
1333 2821 1460 2905 ipsi
1502 2821 2059 2907 proportionaliter
2102 2821 2444 2907 inpendere
2479 2842 2583 2888 co-

233 2934 580 3020 gnosceris.
649 2932 818 3002 Bene
862 2934 1020 3020 legis
1068 2941 1131 3002 et
1174 2935 1475 3019 intelligis
1514 2934 1673 3002 illud
1715 2937 1965 3003 divinae
1995 2937 2365 3003 mandatum
2391 2937 2578 3021 legis:

236 3053 668 3139 Quodcunque
719 3053 926 3134 vulti-9,
983 3064 1053 3117 ut
1090 3052 1346 3141 saciant
1396 3054 1566 3117 vobis
1619 3052 1922 3133 homines,
1984 3053 2101 3118 hoc
2145 3066 2203 3119 et
2244 3077 2351 3118 vos
2380 3053 2584 3141 facite

231 3163 403 3234 iuis&
491 3164 837 3251 Siquidem,
893 3168 949 3233 si
992 3173 1139 3234 tuae
1184 3168 1351 3234 vitae
1398 3171 1598 3233 status
1645 3167 1739 3233 010
1783 3172 1951 3233 esset
1996 3168 2341 3252 ordinatus,
2395 3174 2466 3235 ut
2508 3173 2582 3235 tu

232 3283 297 3349 in
343 3286 629 3367 egestate
673 3284 917 3369 positus
963 3285 1237 3350 amicum
1282 3284 1672 3370 superiorem
1717 3289 1779 3349 te
1825 3282 2062 3350 divitiis
2110 3291 2173 3352 et
2215 3284 2437 3371 opibus
2465 3285 2578 3352 ha—

231 3398 435 3483 bereS,
483 3398 636 3465 licet
678 3419 805 3465 non
850 3399 1155 3485 exigeres,
1202 3401 1257 3466 01
1302 3404 1514 3466 tamen
1559 3399 1730 3466 illius
1766 3399 2123 3471 voluntaria
2157 3401 2581 3470 benivolentia

232 3520 297 3581 te
348 3516 725 3603 respiceret,
782 3516 1050 3598 fortasse
1104 3537 1230 3582 non
1275 3516 1598 3583 abnueres.
1671 3515 1813 3582 Non
1856 3537 1959 3583 me
2006 3567 2239 3585 .....
2287 3539 2404 3586 1100
2446 3541 2577 3588 me·

231 3632 473 3698 moriae
533 3631 769 3697 excidit
820 3631 933 3698 1110
977 3632 1250 3698 Tulliani
1308 3631 1538 3715 dialogi
1595 3633 1909 3699 sententia
1963 3632 2040 3698 de
2088 3634 2395 3720 amicitia,
2455 3658 2580 3722 qua

232 3747 326 3813 010
368 3747 554 3814 dicit:
609 3751 845 3814 Amare
888 3750 1080 3815 nichil
1122 3762 1209 3814 est
1253 3750 1429 3815 aliud
1468 3752 1591 3815 nisi
1636 3774 1774 3815 eum
1817 3752 2022 3836 ipsum
2067 3752 2340 3838 diliyere,
2397 3778 2578 3842 quem

232 3888 427 3946 amas,
475 3865 650 3929 naua
694 3866 1052 3952 indiyentia,
1101 3866 1274 3930 nulla
1310 3867 1570 3931 utilitate
1605 3868 1843 3954 quesita
1853 3891 1878 3950 ,·
1924 3890 2084 3954 quae
2113 3879 2318 3933 tamen
2345 3871 2578 3935 utilitas

229 3981 373 4066 ipsa
416 3979 753 4070 efflorescit
796 4003 873 4045 ex
919 3982 1211 4063 amicitia,
1262 3984 1372 4046 etsi
1417 3993 1482 4045 tu
1528 4004 1666 4047 eam
1709 3983 1912 4046 minus
1941 3994 2178 4048 secutus
2204 3978 2340 4049 «ἥθ’.
2411 3984 2573 4051 Nam

231 4099 297 4160 et
343 4115 454 4179 ego
502 4099 566 4161 te
613 4093 827 4179 dilexi,
886 4096 1050 4162 sicut
1092 4097 1231 4183 ipse
1274 4097 1462 4181 nosti,
1510 4116 1652 4162 eum
1698 4115 1813 4163 nec
1858 4115 1973 4181 ego
2016 4095 2150 4162 ulla
2193 4104 2433 4167 artarer
2475 4102 2574 4166 in-

231 4210 543 4295 digentia,
589 4215 808 4297 utpote
850 4211 1009 4277 mihi
1054 4210 1369 4279 sufficiens
1416 4213 1483 4279 in
1527 4213 1626 4279 1110
1675 4233 1833 4299 quae
1879 4214 2219 4300 dabantur,
2267 4236 2383 4283 nec
2425 4222 2572 4283 tuus

231 4331 435 4393 status
479 4328 549 4393 in
596 4347 668 4393 eo
714 4348 927 4394 rerum
970 4347 1198 4414 genere
1243 4329 1630 4412 consisteret,
1677 4336 1750 4397 ut
1781 4331 2026 4397 animus
2056 4352 2235 4399 meus
2264 4331 2390 4399 tale
2421 4332 2580 4418 quid
2709 4396 2716 4407 ,

232 4461 312 4508 ex
358 4448 420 4509 te
464 4443 586 4510 sibi
630 4463 981 4531 proponere
1027 4442 1127 4511 vel
1174 4450 1467 4532 expetere
1506 4451 1739 4531 posset.
1811 4445 1993 4513 Nunc
2045 4452 2256 4517 autem
2303 4448 2570 4517 aliorum

381 4572 420 4605 ι.
461 4557 504 4606 ‹1’
535 4578 575 4606 ο.

383 4637 430 4691 1.
471 4636 666 4695 Matth-
692 4638 742 4709 7,
769 4638 855 4695 12.
996 4640 1049 4694 2.
1093 4636 1208 4695 Cic.
1243 4636 1315 4694 de
1350 4637 1594 4697 amicitia
1627 4638 1716 4707 27,
1755 4638 1874 4699 100.
