3319 5242
702 449 837 516 472

1375 467 1675 514 WIBALD!
1717 465 2094 514 BPISTOLAE:
2136 464 2243 511 840.
2280 464 2388 512 341.

495 617 624 670 1151
703 611 850 676 dine
896 609 994 675 sui
1025 609 1344 696 principa-
1380 616 1386 664 t
1418 628 1652 675 ramus.
1734 607 1860 674 Iste
1918 609 2087 675 enim
2130 612 2308 675 tanto
2363 621 2614 695 semper
2659 625 2729 674 se
2772 608 3047 675 moderna

594 693 616 735 t

459 704 592 812 &¹135
611 751 669 798 15
703 732 805 792 tus
852 745 1040 811 quam
1087 746 1164 792 ex
1208 726 1344 791 diu·
1417 726 1589 792 mine
1634 724 1913 808 libravit,
1960 729 2032 790 ut
2071 724 2520 791 redderentur·
2550 723 2687 791 Deo
2720 745 2888 810 quae
2918 727 3050 791 sunt

703 848 895 908 turna
916 841 1345 912 familiaritate

704 965 1050 1046 oportunus
1094 963 1159 1023 et
1196 978 1343 1045 pro-

702 1075 952 1140 futurus
1014 1095 1150 1141 esse
1216 1094 1344 1140 non

705 1191 1044 1274 dubitetur,
1075 1195 1212 1255 tum
1244 1211 1345 1256 sa-

703 1313 1066 1374 crosanctae
1155 1309 1346 1372 matri

702 1428 957 1490 nostrae
1025 1422 1347 1489 Romanae

704 1539 1002 1606 ecclesiae
1048 1544 1186 1605 tum
1226 1540 1347 1606 im-

705 1657 882 1741 perio
959 1660 1176 1721 nostro
1253 1656 1348 1721 fa-

704 1770 984 1837 vorabile
1076 1776 1139 1837 et
1217 1772 1349 1837 fru-

705 1892 995 1953 ctuosum
1076 1887 1348 1972 videtur,

707 2002 761 2068 si
806 2022 1078 2088 persona
1124 2004 1352 2070 idonea

707 2118 1050 2185 maioribus
1148 2119 1350 2185 incre-

707 2235 938 2301 mentis
997 2240 1061 2301 et
1123 2236 1349 2302 maiori

708 2351 1112 2438 prerogativa
1235 2372 1353 2438 per

710 2487 821 2533 vos
885 2472 1350 2554 promoveatur.

1421 841 1541 908 Dei
1589 846 1653 907 et
1697 842 1898 906 cesari
1945 861 2105 926 quae
2163 845 2312 906 sunt
2355 840 2621 922 cesaris3
2681 845 2748 907 et
2802 847 3051 928 propter

1421 957 1842 1024 obedientiam
1888 962 2022 1022 tam
2066 961 2315 1023 vestrae
2349 976 2619 1043 persone
2650 976 2845 1041 quam
2879 958 3054 1024 devo-

1418 1074 1657 1140 tionem
1706 1078 1961 1139 sanctae
1996 1072 2315 1139 Romanae
2362 1071 2702 1139 aecclesiae
2736 1072 3055 1139 Christum

1420 1194 1485 1256 et
1527 1209 1644 1255 nos
1657 1239 1678 1273 ,
1736 1189 2114 1275 contemptis
2173 1194 2236 1255 et
2287 1187 2524 1255 relictis
2583 1189 2913 1273 omnibus,
2968 1210 3057 1256 se-

1421 1326 1639 1392 quens,
1670 1306 1918 1372 medius
1950 1306 2131 1390 quasi
2160 1306 2327 1372 inter
2357 1309 2695 1390 utrumque
2725 1306 3057 1391 parietem,

1419 1423 1655 1488 faciens
1688 1426 1957 1507 utraque
1984 1442 2203 1506 unum,
2245 1441 2361 1487 nos
2376 1420 2421 1504 ¹³,
2453 1422 2575 1487 etsi
2607 1421 2923 1489 dissidere
2952 1441 3060 1488 nec

1419 1538 1709 1603 volumus
1733 1537 1834 1603 vel
1858 1538 2176 1621 debemus,
2197 1538 2333 1623 ipse
2356 1537 2679 1621 colligatos
2702 1537 2938 1604 tercio‘*
2951 1537 3060 1604 ka-

1419 1654 1629 1720 ritatis
1651 1653 1929 1719 funiculo
1954 1675 2353 1740 nequaquam
2366 1653 2664 1719 vacillare
2681 1653 3059 1740 permittet‘,

1421 1775 1519 1837 set
1557 1770 1642 1836 ad
1689 1770 1941 1837 laudem
1986 1777 2048 1837 et
2078 1770 2347 1855 gloriam
2379 1770 2535 1855 eius,
2582 1772 2691 1855 qui
2734 1791 2940 1857 supra
2967 1791 3062 1837 so-

1420 1886 1616 1951 lidam
1662 1890 1912 1972 petram
1942 1885 2235 1968 dignatus
2269 1890 2367 1951 est
2393 1886 2661 1952 fundare
2692 1886 3063 1953 aecclesiam

1422 2023 1623 2086 suam,
1658 2022 1776 2068 sua
1805 2001 2224 2067 sollicitudine
2258 2023 2330 2068 ac
2350 2002 2754 2089 providentia
2781 2008 3062 2070 nostram

1422 2119 1851 2202 integritatem
1914 2118 2328 2184 conservabit.
2400 2117 2524 2184 Pro
2581 2118 2701 2185 hoc
2758 2119 2932 2184 enim
2987 2117 3060 2185 ad

1422 2239 1673 2301 vestrae
1720 2234 2129 2301 beatitudinis
2174 2234 2563 2321 presentiam
2607 2234 3060 2302 destinavimus

1423 2349 1838 2433 W(ibaldum)
1899 2350 2190 2418 abbatem
2247 2349 2693 2418 Corbeiensem
2748 2356 2815 2417 et
2866 2351 3063 2436 magi·-

1424 2471 1627 2532 strum
1675 2466 2096 2549 H(einricum)
2145 2466 2356 2534 curiae
2408 2472 2664 2533 nostrae
2721 2468 3056 2550 notarium,

1387 2582 1593 2661 ,viros
1639 2582 1857 2669 utique
1901 2583 2244 2671 prudentes
2301 2586 2366 2649 et
2408 2582 2705 2650 honestos
2766 2588 2831 2650 et
2886 2583 3057 2651 nobis

888 2700 956 2766 in
1002 2699 1174 2766 omni
1221 2704 1460 2765 secreto
1507 2704 1580 2765 ut
1622 2701 1824 2766 nostis
1864 2700 2414 2783 familiarissimos,
2462 2700 2542 2765 ad
2569 2698 2736 2767 hanc
2765 2701 3056 2788 precipue

891 2836 1145 2881 causam
1202 2815 1382 2880 iuxta
1435 2821 1691 2882 nostrae
1738 2816 2080 2883 voluntatis
2124 2817 2522 2903 propositum
2566 2816 3056 2902 promovendam

891 2936 956 2997 et
986 2932 1069 2997 ad
1100 2930 1226 2997 alia
1255 2932 1526 3016 quedam
1572 2932 1928 3003 aecclesiae.
1960 2937 2024 2999 et
2051 2932 2231 3016 regni
2259 2932 2523 3016 negocia
2549 2938 2804 3000 vestrae
2834 2933 3056 2999 discre-

891 3048 1051 3114 tioni
1116 3048 1454 3134 perfectius
1522 3048 1896 3114 intimanda.
1992 3048 2160 3128 Quos
2227 3069 2345 3135 pro
2400 3053 2657 3115 nostrae
2712 3048 3053 3116 dilectionis

889 3168 1184 3251 respectu
1229 3168 1302 3229 ut
1347 3164 1613 3247 benigne
1661 3165 2021 3251 suscipiatis
2079 3170 2144 3231 et
2183 3165 2254 3231 in
2297 3165 2430 3230 suis
2474 3164 2900 3251 peticionibus
2942 3163 3053 3232 cle-

892 3285 1139 3347 menter
1184 3281 1513 3347 exauditos
1545 3300 1690 3348 cum
1718 3281 1955 3349 honore
1997 3286 2061 3348 et
2089 3281 2318 3365 gaudio
2350 3280 2639 3348 celeriter
2684 3281 2766 3347 ad
2809 3301 2927 3348 nos
2966 3300 3055 3347 re-

891 3396 1181 3479 mittatis,
1229 3401 1465 3463 attente
1509 3397 1821 3464 monendo
1867 3418 2180 3482 rogamus.

722 3608 898 3679 341.
944 3611 1329 3675 Colmziemes
1386 3613 1464 3676 ab
1510 3611 1800 3698 Enyem‘o
1841 3611 1952 3677 III
1974 3634 2158 3699 papa
2192 3624 2443 3700 petunt,
2498 3624 2570 3677 ut
2614 3614 2965 3678 Amoldum
3000 3611 3066 3677 II

940 3726 1193 3791 electum
1238 3726 1767 3814 archiepiscopum
1812 3739 2134 3792 consecret.
2742 3727 2853 3808 (Μ.
2889 3727 3054 3807 310.)

544 3868 675 3923 1151
897 3858 1426 3925 Reverentissimo
1482 3860 1650 3946 patri
1711 3880 1822 3925 suo
1882 3864 1947 3925 et
2004 3860 2257 3927 domino
2301 3860 2639 3945 E(ugenio)
2686 3868 2904 3928 sancte
2946 3862 3059 3928 Ro-

718 3996 906 4042 mane
964 3974 1301 4041 aecclesiae
1358 3996 1603 4042 summo
1656 3974 1940 4062 pontifici
1986 3974 2352 4059 W(alterus)
2397 3979 2701 4061 decanus,
2758 3978 3062 4045 archidia-

721 4094 861 4160 coni
876 4144 894 4176 ,
956 4093 1244 4175 abbates,
1301 4092 1639 4177 prepositi,
1696 4092 1930 4175 clerus,
1976 4092 2267 4158 honorati
2314 4098 2379 4159 et
2421 4094 2752 4159 universus
2798 4094 3058 4181 populus

722 4209 1111 4276 Coloniensis
1169 4206 1539 4291 aecclesiae,
1595 4212 1728 4274 tam
1774 4209 2067 4275 devotam
2112 4228 2300 4293 quam
2345 4209 2622 4276 debitam
2668 4210 2867 4277 totius
2914 4210 3057 4276 dile-

722 4326 947 4392 ctionis
993 4344 1067 4391 ac
1110 4324 1514 4391 subiectionis
1561 4325 2003 4392 obedientiam.

897 4440 1327 4507 Excellentiae
1354 4445 1602 4507 vestrae
1646 4442 1939 4507 notitiam
1981 4442 2322 4527 preterisse
2360 4461 2488 4506 non
2518 4440 2853 4524 credimus,
2902 4438 3050 4526 quod

867 4599 907 4633 ιι.
948 4583 1164 4632 reddetur
1194 4600 1231 4629 c.
1328 4583 1374 4631 b.

1404 4597 1490 4630 nos
1523 4583 1706 4631 addidi.
1799 4596 1839 4631 c.
1872 4601 1934 4629 aa
1964 4584 2167 4644 triplici?
2199 4587 2273 4641 Cr.
2299 4584 2451 4630 Beck.
2473 4583 2520 4640 4,
2542 4584 2601 4629 12
2696 4583 2743 4630 d.
2769 4584 2996 4643 permittat
3011 4597 3047 4625 e.
