3319 5242
904 467 1201 516 mnam
1244 466 1617 516 ims'ronm
1659 465 1768 514 215.
1804 465 1911 515 216.
2446 447 2576 516 335

242 610 301 675 et
340 604 548 675 Guido
592 606 1024 676 consiliatores
1068 610 1280 678 euriae
1322 610 1487 677 sacri
1544 614 1797 676 senatus
1853 612 1918 675 et
1960 609 2310 676 eommunis
2354 608 2576 677 salutis
2616 613 2754 670 1149

239 725 328 791 rei
369 723 661 811 publicae
705 732 1142 812 procuratores
1155 777 1175 812 ,
1227 748 1344 815 pro
1388 746 1576 814 posse
1618 727 1688 793 in
1733 725 2020 793 omnibus
2062 724 2274 793 fidelia
2309 727 2578 794 servitia

239 845 299 907 et
338 839 612 908 Romani
652 842 907 929 imperii
948 844 1490 911 restaurationem.

220 3076 477 3144 quoque
519 3055 749 3124 vestris
793 3076 1126 3144 preoamur
1160 3061 1232 3123 ut
1259 3077 1374 3124 nos
1403 3055 1746 3126 laetificare
1775 3063 1841 3125 et
1867 3057 2177 3126 honorare
2207 3057 2572 3143 dignemini.

221 3268 315 3341 21
332 3270 410 3342 6.
456 3270 725 3339 Senator
767 3274 1023 3362 quidam
1070 3273 1425 3339 Com-adum
1453 3272 1561 3339 ΠΙ
1591 3295 1800 3360 reqem
1844 3275 2148 3356 admonet,
2193 3286 2264 3341 ut
2303 3275 2574 3341 Romam

451 3392 657 3455 veniat
686 3390 1007 3479 finemque
1040 3389 1272 3475 papali
1304 3391 1599 3475 potestati
1640 3392 1936 3477 imponat.
2251 3387 2359 3471 (Μ.
2394 3390 2573 3472 213.)

405 3520 839 3588 mustrissimo
861 3525 1050 3607 atque
1070 3520 1403 3606 magnifico
1426 3527 1736 3589 terrarum
1764 3522 1933 3589 orbis
1955 3523 2210 3589 domino
2233 3522 2573 3607 Gon(rado)
2612 3532 2751 3589 1149

219 3638 344 3708 Dei
392 3638 605 3724 gratia
644 3636 1072 3705 Romanorum
1114 3639 1251 3723 regi
1295 3659 1546 3726 semper
1588 3640 2036 3728 triumphatori
2083 3644 2369 3725 augusto,

522 3775 645 3842 quo
689 3753 916 3822 melior
959 3753 1190 3840 nullus,
1236 3756 1339 3823 cui
1380 3755 1591 3823 nullus
1634 3757 1704 3822 in
1749 3756 1900 3824 orbe
1944 3757 2276 3843 seeunduS,

218 3872 488 3960 quidam
521 3869 725 3939 fidelis
756 3875 1031 3955 senatus,
1064 3892 1388 3940 servorum
1416 3873 1585 3959 regis
1611 3870 2037 3959 fidelissimus,
2068 3873 2367 3961 quioquid
2393 3878 2571 3941 tauto

219 3989 488 4058 domino
532 3987 818 4056 tantillus
860 3986 1152 4056 famulus.

403 4104 665 4173 Certum
721 4125 797 4173 ao
849 4103 1102 4172 firmum
1157 4105 1243 4172 sit
1293 4105 1505 4190 regiae
1559 4106 1909 4191 maiestati,
1966 4125 2068 4172 me
2121 4106 2188 4171 in
2240 4110 2464 4172 senatu
2508 4110 2574 4172 et

216 4241 600 4311 quocunque
641 4223 823 4310 potui
866 4223 947 4289 ad
975 4221 1172 4289 vestri
1208 4221 1656 4290 exaltationem
1684 4222 1938 4310 imperii
1969 4220 2285 4292 assiduam
2315 4241 2571 4308 operam

216 4339 507 4422 dedisse3
556 4338 880 4406 etidcirco
910 4338 1109 4423 vobis,
1153 4337 1303 4405 licet
1346 4339 1643 4407 audacter
1682 4344 1897 4406 tamen
1925 4335 2306 4406 confidenter
2335 4337 2570 4406 scribo:

616 4454 785 4523 Utile
829 4455 1182 4540 consilium,
1230 4455 1539 4539 dominus,
1584 4475 1666 4522 ne
1711 4455 1964 4542 despice
2008 4454 2193 4522 servi.

218 4571 291 4641 Si
335 4573 497 4640 licet
539 4572 752 4658 itaque
796 4592 977 4640 servo
1023 4572 1276 4640 domino
1322 4592 1433 4639 suo
1480 4571 1812 4639 eonsilium
1856 4572 2027 4656 dare,
2073 4570 2270 4656 regali
2299 4571 2571 4658 pruden-
