3319 5242
542 584 680 640 1146

542 657 569 711 1
579 657 680 711 147

720 421 807 489 62
1343 439 1946 491 onnonoemnus
1990 441 2431 492 consumusrs

899 631 933 666 „
952 581 1200 648 Domno
1229 581 1550 668 E(lvingo)
1581 605 1731 651 suus
1761 584 2178 667 I(senboldus)
2210 584 2542 670 diligenter
2583 584 2927 670 attendere,
2969 603 3045 652 no

716 716 1048 784 processus
1094 698 1422 765 estimatus
1466 698 1580 767 fiat
1622 706 2025 768 retrocessus.

894 812 1202 893 Quoniam
1231 813 1633 882 lacrimarum
1663 816 1944 884 convalle
1973 818 2101 883 iam
2131 836 2293 903 pene
2320 822 2705 900 transcensa,
2741 815 2824 881 ad
2849 815 3045 902 ipsius

613 919 616 924 ¹
717 929 891 1015 pacis
935 930 1243 996 visionem
1287 931 1553 999 defecati
1597 933 1804 999 cordis
1849 932 2379 1000 elucubrationem
2409 931 2738 1016 anhelatis,
2782 932 3048 998 fortasse

717 1044 977 1111 videbor
1030 1047 1344 1130 ingratus,
1402 1048 1457 1114 si
1510 1048 1593 1114 ad
1638 1050 1806 1134 cepti
1849 1051 2047 1116 vestri
2089 1068 2218 1116 non
2263 1047 2642 1135 applaudam
2686 1054 3044 1135 apparatus.

719 1159 832 1227 Set
873 1161 1337 1229 adtendendum
1383 1183 1596 1249 queso,
1643 1184 1787 1230 cum
1817 1164 1969 1249 quid
1998 1165 2147 1231 boni
2178 1166 2383 1251 operis
2414 1164 2833 1249 aggredimur,
2879 1164 3048 1231 intus

716 1283 935 1344 contra
979 1278 1289 1345 occultum
1332 1285 1653 1365 raptorem
1698 1281 1998 1348 attentius
2040 1279 2393 1365 vigilemus,
2438 1301 2519 1347 ne
2563 1280 2714 1347 dum
2758 1281 2914 1347 foris
2944 1301 3048 1347 ve-

716 1392 871 1459 xilla
920 1393 1228 1461 virtutum
1281 1396 1350 1461 in
1408 1394 1606 1461 altum
1664 1398 2073 1483 porrigimus,
2129 1398 2299 1462 intus
2344 1396 2424 1463 ab
2468 1397 2826 1484 inopinato·
2870 1397 3049 1463 hoste

714 1509 966 1593 gravius
1023 1529 1415 1597 occupemur.
1508 1511 1778 1579 Probate
1831 1513 2076 1598 itaque,
2135 1514 2192 1579 si
2247 1533 2325 1579 ex
2371 1512 2506 1579 Deo
2564 1519 2713 1579 sunt
2765 1513 3048 1599 spiritus,

713 1625 1113 1713 perpendite,
1171 1647 1252 1693 ne
1309 1627 1476 1712 quod
1534 1627 1882 1694 devotionis
1940 1629 2223 1713 suggerit
2264 1627 2584 1713 voluntas,
2641 1628 3050 1715 professionis

714 1742 1078 1809 dissuadeat
1125 1741 1440 1809 honestas.
1534 1743 1909 1830 Plerumque
1953 1745 2186 1811 etenim
2231 1744 2626 1811 adversarius
2653 1750 2885 1819 ‚noster
2931 1745 3052 1811 cir-

714 1860 959 1944 cuiens,
1014 1859 1283 1926 nocendi
1325 1858 1533 1925 locum
1578 1880 1844 1945 querens
1887 1880 2004 1927 nec
2046 1860 2373 1928 inveniens
2386 1910 2406 1945 ,
2466 1866 2634 1928 artes
2676 1862 3049 1947 reciprocat,

713 1975 879 2042 vada
932 1981 1347 2062 pretemptat,
1419 1977 1615 2042 sicam
1671 1975 1986 2043 latrocinii
2042 1977 2230 2061 tegit,
2299 1975 2634 2061 figurativa
2687 1976 3051 2043 inductione

714 2090 943 2177 illudit,
990 2092 1288 2159 corticem
1334 2092 1602 2178 denique
1646 2091 1804 2159 lueis
1837 2098 2129 2178 ostentat,
2177 2113 2298 2178 quo
2329 2092 2729 2179 postmodum
2758 2092 3052 2160 tenebrar-

711 2227 855 2273 rum
897 2208 1204 2275 medullas
1251 2208 1616 2275 subinferat.
1688 2208 1858 2275 Inter
1904 2229 2024 2294 que
2068 2210 2281 2276 omnia
2325 2208 2594 2275 sollicita
2623 2209 2884 2294 spiritus
2914 2216 3052 2276 tru-

710 2324 1078 2390 tinatissimi
1123 2325 1500 2391 discretione
1544 2324 1848 2391 utendum
1892 2325 2194 2410 arbitror,
2246 2346 2328 2392 ne
2373 2325 2541 2411 quod
2583 2330 2844 2411 putatur
2885 2325 3053 2392 anti-

712 2439 950 2524 dotum,
996 2441 1223 2507 veneni
1269 2446 1515 2507 acescat
1555 2441 1623 2505 in
1670 2441 1981 2526 poculum.
2058 2439 2331 2519 Queritis
2374 2441 2608 2526 itaque,
2655 2460 2737 2506 an
2779 2440 3051 2527 placeat,

712 2559 784 2621 ut
828 2555 1170 2623 Ierusalem
1200 2555 1703 2643 proficiscamini.
1773 2555 1988 2624 Laudo
2020 2556 2188 2643 quod
2217 2557 2511 2643 queritis3
2559 2558 2688 2624 iam
2717 2559 2887 2624 enim
2919 2558 3053 2625 dis-

713 2673 949 2738 cretiva
991 2674 1251 2759 spiritus
1297 2674 1794 2740 consideratione
1837 2675 1933 2740 uti
1977 2674 2295 2740 videmini.
2363 2673 2634 2740 Adicitis
2679 2694 2928 2760 quoque
2974 2676 3059 2743 de

711 2788 1036 2855 Abraham
1079 2790 1602 2875 peregrinatione,
1658 2790 1735 2856 de
1778 2788 2007 2855 Lazari
2051 2789 2397 2873 euangelici
2439 2789 2609 2856 illius
2654 2797 3052 2877 paupertate,

714 2924 980 2990 quorum
1026 2904 1283 2972 alterius
1330 2907 1585 2973 exulato
1601 2956 1619 2990 ,
1669 2905 1926 2972 alterius
1971 2906 2278 2972 tenuitate
2321 2907 2876 2973 consummationis
2921 2912 3056 2975 ter-

711 3021 955 3088 minum
1012 3023 1227 3089 sortiri
1287 3022 1689 3106 desideratis,
1745 3028 1818 3088 ut
1871 3022 2210 3089 secundum
2268 3022 2652 3109 apostolum,
2708 3022 2859 3089 dum
2902 3024 3055 3111 plus

708 3136 1031 3222 laboratis,
1077 3139 1221 3226 plus
1264 3140 1571 3207 mercedis
1619 3138 1963 3224 accipiatis.
2031 3139 2154 3203 Ast
2193 3158 2327 3222 eg0,
2373 3139 2442 3204 ni
2470 3138 2677 3224 fallor,
2722 3139 3057 3226 utriusque

711 3259 934 3341 typum
976 3275 1089 3322 vos
1134 3256 1260 3321 iam
1304 3255 1553 3341 pridem
1596 3255 1866 3337 gessisse
1911 3254 2223 3338 existimo,
2270 3273 2412 3320 cum
2442 3256 2772 3338 universis,
2819 3255 3056 3340 quibus

710 3370 932 3436 mundi
973 3369 1158 3436 huius
1202 3365 1458 3436 fulcitur
1488 3370 1775 3453 ambicio,
1821 3371 1891 3435 in
1920 3370 2439 3457 concupiscentiis
2469 3390 2543 3437 ac
2572 3371 2821 3458 pompis
2850 3371 3056 3438 seculi

711 3484 1227 3552 abrenunciastis.
1318 3486 1416 3553 De
1470 3491 1641 3584 terra
1697 3486 1931 3573 quippe
1981 3494 2194 3554 vestra
2249 3506 2389 3552 cum
2434 3486 2758 3592 Abraham
2802 3486 3052 3573 existis,

709 3619 874 3685 cum,
923 3620 1043 3685 que
1086 3601 1240 3668 foris
1283 3602 1725 3687 possederatis,
1770 3609 2023 3669 terrena
2066 3603 2231 3669 bona
2258 3602 2621 3688 reliquistis.
2690 3603 2787 3670 De
2816 3622 3057 3687 cogna—

654 3719 657 3722 ’
709 3716 882 3783 tione
926 3722 1140 3784 vestra
1183 3717 1437 3802 existiS,
1489 3737 1662 3802 cum,
1710 3739 1831 3804 que
1875 3719 2200 3785 nobiscum
2245 3723 2384 3784 orta
2427 3725 2595 3803 sunt,
2641 3720 2821 3785 viciis
2865 3718 3056 3786 abre·

707 3833 1072 3899 nunciastis.
1142 3833 1239 3901 De
1268 3832 1453 3901 domo
1482 3834 1685 3924 patris
1718 3835 1959 3919 existis,
2002 3855 2165 3919 cum,
2207 3836 2436 3922 spretis
2468 3835 2755 3902 omnibus
2784 3841 3057 3922 propter

706 3947 934 4034 Deum,
966 3955 1209 4016 vosmet
1236 3950 1447 4037 ipsum
1477 3951 1855 4035 abnegastis.
1911 3952 2151 4018 Domus
2184 3951 2352 4017 enim
2380 3952 2582 4037 patris
2611 3952 2812 4018 nostri
2830 3951 3054 4038 ipsum

709 4070 805 4131 est
849 4086 956 4132 cor
998 4071 1304 4150 nostrum,
1351 4068 1645 4152 quoniam
1691 4073 1875 4155 pater
1916 4074 2132 4135 noster
2173 4066 2418 4134 habitat
2463 4068 2530 4132 in
2571 4067 2772 4133 nobis.
2853 4065 3053 4136 Pater

707 4187 921 4249 noster
962 4183 1204 4268 primus
1249 4182 1533 4249 diabolus
1577 4183 1700 4250 fuit
1743 4183 2085 4251 secundum
2128 4184 2543 4267 nativitatem,
2591 4204 2716 4274 qua
2756 4184 2894 4249 nati
2936 4205 3052 4250 su-

705 4317 878 4379 mus3
923 4302 1105 4387 pater
1146 4304 1361 4365 noster
1404 4299 1713 4366 secundus
1755 4299 1927 4367 Deus
1957 4305 2054 4366 est
2083 4300 2423 4367 secundum
2452 4299 2869 4382 nativitatem,
2917 4319 3054 4385 qua

706 4413 912 4480 renati
957 4434 1204 4498 sumus3
1260 4421 1325 4481 et
1365 4415 1503 4482 vult
1544 4420 1806 4501 uterque
1850 4421 2033 4503 pater
2075 4416 2360 4484 habitare
2404 4416 2472 4482 in
2513 4413 2660 4481 filiis
2706 4416 2860 4498 suis,
2906 4415 3053 4483 dia-

830 4570 872 4603 ι.
904 4555 961 4604 ab
994 4555 1286 4618 obinopinato
1319 4576 1358 4605 c.
