3319 5242
685 451 818 518 592
1352 467 1650 515 wmanm
1693 465 2071 516 nmerom
2111 463 2220 512 ωε.
2255 463 2363 512 459.

513 617 649 672 1157
686 628 937 677 sursum
990 608 1181 676 corda
1233 614 1298 675 et
1341 628 1535 696 opera
1575 607 1878 693 tendunt,
1936 608 2006 675 in
2050 607 2356 675 aecclesia
2398 605 2522 674 Dei
2566 604 2858 691 altiores,
2914 604 3029 674 etsi

528 691 639 751 ’ψ’
685 746 814 793 non
860 724 1085 810 officio,
1128 730 1343 792 tamen
1386 725 1613 792 merito
1661 730 1827 791 sunt.

865 841 1084 921 Querit
1134 842 1289 909 item
1340 841 1379 907 a
1422 841 1604 909 nobis
1649 840 1933 907 sollertia
1974 845 2115 924 tua,
2173 838 2326 925 quid
2369 837 2563 905 abbas
2611 837 2832 904 Sancti
2874 835 3034 903 Lau-

688 956 879 1025 rentii
919 979 1035 1047 per
1077 956 1461 1045 pastoralem
1504 956 1799 1024 baculum
1845 955 2071 1024 debeat
2110 955 2263 1022 dare
2293 954 2509 1023 abbati
2540 953 2758 1020 Sancti
2787 953 3034 1039 Egidii?

689 1072 1021 1152 Querimus
1067 1080 1132 1142 et
1172 1095 1289 1141 nos
1332 1073 1409 1140 ab
1446 1072 1763 1141 industria
1789 1078 1920 1157 tua,
1968 1072 2025 1139 si
2054 1091 2380 1159 possessor
2408 1071 2590 1138 fundi
2617 1071 2736 1156 tui,
2787 1072 2899 1157 qui
2924 1069 3038 1137 tibi

692 1191 933 1275 agriam
963 1196 1139 1257 tuam
1168 1189 1547 1259 hereditario
1577 1194 1765 1278 pacto
1797 1188 2011 1256 debita
2038 1188 2342 1275 pensione
2372 1186 2584 1271 solvit,
2627 1187 2810 1253 verbi
2839 1187 3041 1271 gratia

692 1308 798 1392 qui
843 1327 1134 1374 mansum
1177 1328 1375 1374 unum
1422 1328 1461 1374 a
1501 1312 1566 1374 te
1608 1306 1924 1389 habuerit,
1970 1310 2034 1372 et
2062 1304 2198 1371 vita
2240 1303 2547 1371 deoedens
2585 1302 2910 1387 legitimos
2938 1303 3041 1370 be-

689 1423 872 1490 redes
916 1423 983 1490 id
1017 1429 1114 1492 est
1141 1423 1459 1491 naturales
1501 1421 1665 1490 filios
1707 1422 2052 1508 reliquerit,
2100 1421 2271 1507 quid,
2316 1421 2596 1507 inquam,
2641 1420 2754 1487 isti
2782 1420 3041 1487 heredes

693 1539 733 1605 a
783 1545 848 1606 te
901 1560 1016 1627 per
1072 1540 1461 1629 corporalem
1517 1540 1960 1607 investituram
2012 1538 2396 1625 suscipiunt,
2450 1538 2563 1624 qui
2609 1557 2681 1604 se
2727 1538 2799 1604 in
2845 1536 3043 1623 patris

692 1656 872 1724 bonis
926 1657 1064 1725 iure
1122 1677 1519 1725 successuros
1576 1676 1704 1723 non
1762 1654 2094 1722 diffidunt?
2182 1654 2270 1721 Et
2323 1658 2397 1720 ut
2456 1653 2538 1720 ad
2589 1673 2730 1721 rem
2780 1654 3043 1741 propius

693 1773 1083 1858 accedamus,
1129 1778 1419 1860 putasne,
1464 1772 1682 1857 frater,
1729 1770 1898 1859 quod
1942 1772 2166 1856 omnis,
2215 1771 2325 1857 qui
2368 1771 2616 1854 virgam
2658 1770 3043 1857 pastoralem

604 1946 613 1955 .
695 1889 944 1976 accipit,
989 1889 1284 1956 continuo
1316 1890 1648 1977 episcopus
1679 1889 1781 1956 vel
1810 1888 2005 1957 abbas
2034 1886 2188 1955 fiat?
2247 1884 2571 1971 Credisne,
2619 1887 2791 1972 quod
2821 1887 3042 1970 omnis,

695 2006 797 2070 cui
840 2006 1020 2089 virga
1071 2005 1436 2092 pastoralisx
1463 2006 1842 2093 porrigitur,
1900 2004 1968 2071 in
2022 2024 2095 2072 eo
2139 2005 2279 2091 ipso
2325 2004 2659 2091 episcopus
2704 2003 2810 2071 vel
2856 2002 3044 2081 abbas

695 2122 1130 2189 consecretur?
1189 2121 1512 2207 Quocirca,
1558 2123 1649 2188 mi
1693 2122 1911 2206 frater,
1958 2122 2013 2201 si
2057 2126 2271 2188 tamen
2314 2119 2513 2186 falsus
2557 2119 2755 2186 frater
2799 2141 2930 2187 non
2958 2141 3042 2203 ω,

695 2238 751 2303 si
804 2237 972 2305 inter
1027 2239 1209 2323 signa
1251 2259 1464 2306 rerum
1512 2243 1577 2306 et
1618 2239 1794 2326 ipsas
1836 2258 1941 2305 res
1986 2238 2379 2304 moderatam
2423 2236 2825 2304 discretionis
2871 2236 3044 2303 diffe-

692 2354 965 2421 rentiam
1006 2354 1332 2440 habueris,
1389 2359 1455 2422 et
1508 2354 1814 2442 propulsa
1865 2353 2107 2421 invidia
2163 2359 2226 2422 et
2282 2373 2496 2420 errore
2539 2352 2763 2439 procul
2817 2353 3043 2441 posito,

693 2471 1037 2555 novitates,
1095 2492 1254 2558 quae
1300 2471 1383 2538 ad
1423 2470 1620 2537 nichil
1666 2470 1837 2538 aliud
1891 2471 2017 2537 nisi
2072 2468 2155 2536 ad
2214 2469 2706 2537 destructionem
2760 2470 3044 2536 caritatis

697 2591 761 2654 et
795 2587 1107 2656 humanae
1136 2588 1455 2655 societatis
1485 2587 1719 2672 valent,
1766 2586 2065 2672 abiciens,
2112 2586 2373 2673 antiqua
2402 2592 2765 2653 sanctorum
2794 2594 3043 2674 patrum

695 2704 988 2772 instituta
1044 2710 1108 2771 et
1161 2725 1368 2772 mores
1425 2725 1569 2772 cum
1612 2703 1838 2770 humili
1883 2710 1948 2771 et
1991 2703 2310 2772 obedienti
2351 2705 2710 2770 reverentia
2753 2704 3044 2771 observa-

695 2821 883 2906 veris,
926 2826 1061 2887 tum
1107 2821 1344 2907 liquido
1391 2821 1759 2909 perspicies,
1806 2841 1997 2906 quam
2040 2819 2311 2906 puerilia
2353 2825 2421 2887 et
2454 2818 2683 2886 frivola
2712 2820 2846 2886 sint
2873 2821 3041 2902 haec,

698 2936 776 3024 de
820 2937 1045 3022 quibus
1092 2938 1529 3024 occupationes
1575 2943 1828 3004 nostras
1874 2937 2238 3022 quaestione
2273 2935 2617 3023 pulsandas
2648 2937 3043 3003 existimasti.

698 3052 1147 3121 Verumtamen
1162 3104 1180 3138 ,
1237 3054 1291 3120 si
1337 3058 1484 3141 post
1527 3054 1802 3120 reditum
1829 3057 2135 3120 nostrum
2192 3053 2268 3120 ab
2325 3052 2591 3120 instanti
2648 3053 2828 3118 curia
2872 3053 3045 3118 nobis

698 3169 987 3256 propicia
1029 3171 1326 3237 divinitas
1373 3171 1744 3257 sospitatem
1789 3174 1855 3237 et
1895 3169 2094 3235 otium
2125 3171 2522 3253 concesserit,
2568 3168 3048 3252 interrogationi

698 3291 846 3353 tuae
898 3285 1184 3353 diffusius
1237 3286 1618 3373 respondere
1664 3286 2042 3372 poterimus3
2102 3304 2245 3352 cum
2290 3291 2504 3352 tamen
2547 3285 2617 3351 in
2661 3285 2762 3351 his
2809 3285 3048 3371 paucis,

701 3402 758 3468 si
802 3402 1136 3487 diligenter
1180 3402 1558 3486 consideres,
1606 3401 1942 3469 obiectioni
1971 3407 2118 3470 tuae
2148 3402 2544 3469 satisfactum
2573 3420 2710 3468 esse
2743 3405 3048 3489 oporteat.

703 3612 883 3684 459.
925 3617 992 3682 F
983 3618 1283 3682 ridet-icus
1303 3618 1349 3682 I
1368 3619 1709 3705 imperator
1735 3618 2004 3684 Follcero
2024 3619 2357 3705 praecipit,
2405 3627 2476 3682 ut
2502 3617 2873 3682 Mauri-num
2905 3617 3051 3682 Cor-

925 3735 1262 3799 beiemibus
1305 3736 1602 3814 restituat,
1655 3736 1915 3799 eundem
1959 3744 2333 3821 recepturus,
2381 3735 2437 3799 si
2480 3734 2657 3820 apud
2698 3735 3054 3819 episcopum

927 3848 1473 3914 Monosteriemem
1514 3872 1641 3914 non
1685 3851 1767 3915 sit
1794 3852 2101 3937 probatus
2141 3850 2429 3915 ecclesiae
2461 3850 2842 3916 Corbeiensis
2870 3851 3052 3914 mimi-

921 3964 1185 4029 sterialis
1231 3988 1372 4029 esse.

486 4107 651 4192 115⁷·
881 4096 1290 4179 F(ridericus)
1321 4096 1443 4164 Dei
1484 4097 1692 4181 gratia
1718 4096 2144 4164 Romanorum
2172 4096 2518 4184 imperator
2545 4103 2856 4182 augustus
2886 4093 3052 4178 F(ol-

436 4181 547 4241 Ap*
561 4179 669 4226 M*
703 4212 880 4296 kero)
926 4214 1197 4298 gratiam
1240 4234 1423 4282 suam
1468 4218 1533 4280 et
1575 4233 1761 4280 omne
1806 4214 2058 4282 bonum.

880 4328 1154 4398 Veniens
1200 4330 1280 4397 ad
1324 4351 1439 4398 nos
1485 4328 1689 4396 fidelis
1735 4335 1800 4396 et
1842 4329 2107 4397 dilectus
2152 4335 2370 4397 noster
2415 4328 2812 4396 Corbeiensis
2861 4330 3049 4396 abbas

704 4463 849 4513 cum
893 4445 1411 4513 ministerialibus
1456 4446 1607 4530 suis,
1654 4451 2031 4531 conquestus
2078 4451 2185 4512 esta
2203 4445 2407 4530 nobis,
2454 4444 2620 4530 quod
2653 4446 2731 4512 de
2761 4444 3047 4512 Maur-ino

703 4561 1104 4628 ministeriali
1144 4561 1540 4631 Corbeiensis
1587 4560 1908 4647 ecclesiae,
1956 4582 2143 4648 quem
2186 4562 2256 4628 in
2298 4562 2666 4649 captivitate
2707 4567 2913 4648 tenes,
2956 4563 3046 4628 in-
