<?xml version="1.0" encoding="UTF-8"?>
<!DOCTYPE html PUBLIC "-//W3C//DTD XHTML 1.0 Transitional//EN"
    "http://www.w3.org/TR/xhtml1/DTD/xhtml1-transitional.dtd">
<html xmlns="http://www.w3.org/1999/xhtml" xml:lang="en" lang="en">
 <head>
  <title>
</title>
<meta http-equiv="Content-Type" content="text/html;charset=utf-8" />
  <meta name='ocr-system' content='tesseract 3.04.00' />
  <meta name='ocr-capabilities' content='ocr_page ocr_carea ocr_par ocr_line ocrx_word'/>
</head>
<body>
  <div class='ocr_page' id='page_1' title='image "./monumentacorbei00corvgoog_0436.png"; bbox 0 0 3319 5242; ppageno 0'>
   <div class='ocr_carea' id='block_1_1' title="bbox 742 456 2413 525">
    <p class='ocr_par' dir='ltr' id='par_1_1' title="bbox 742 456 2413 525">
     <span class='ocr_line' id='line_1_1' title="bbox 742 456 2413 525; baseline -0.005 0"><span class='ocrx_word' id='word_1_1' title='bbox 742 456 874 525; x_wconf 84' lang='lat'>426</span> <span class='ocrx_word' id='word_1_2' title='bbox 1412 473 1711 522; x_wconf 69' lang='lat' dir='ltr'>wmAmI</span> <span class='ocrx_word' id='word_1_3' title='bbox 1751 470 2124 521; x_wconf 68' lang='lat' dir='ltr'>nms‘rom</span> <span class='ocrx_word' id='word_1_4' title='bbox 2162 470 2271 518; x_wconf 72' lang='lat' dir='ltr'>sss.</span> <span class='ocrx_word' id='word_1_5' title='bbox 2306 469 2413 518; x_wconf 78' lang='lat' dir='ltr'>sss.</span> 
     </span>
    </p>
   </div>
   <div class='ocr_carea' id='block_1_2' title="bbox 406 609 3084 2802">
    <p class='ocr_par' dir='ltr' id='par_1_2' title="bbox 406 609 3067 935">
     <span class='ocr_line' id='line_1_2' title="bbox 495 609 3066 703; baseline -0.004 -15"><span class='ocrx_word' id='word_1_6' title='bbox 495 621 637 678; x_wconf 80' lang='lat'>1150</span> <span class='ocrx_word' id='word_1_7' title='bbox 741 620 996 702; x_wconf 77' lang='lat' dir='ltr'>fuisset,</span> <span class='ocrx_word' id='word_1_8' title='bbox 1046 638 1118 684; x_wconf 89' lang='lat' dir='ltr'>eo</span> <span class='ocrx_word' id='word_1_9' title='bbox 1162 637 1362 703; x_wconf 90' lang='lat' dir='ltr'>usque</span> <span class='ocrx_word' id='word_1_10' title='bbox 1403 620 1777 703; x_wconf 84' lang='lat' dir='ltr'>perventum</span> <span class='ocrx_word' id='word_1_11' title='bbox 1822 620 1946 698; x_wconf 81' lang='lat' dir='ltr'>est,</span> <span class='ocrx_word' id='word_1_12' title='bbox 1992 620 2096 698; x_wconf 81' lang='lat' dir='ltr'>ut,</span> <span class='ocrx_word' id='word_1_13' title='bbox 2140 614 2270 679; x_wconf 89' lang='lat' dir='ltr'>iam</span> <span class='ocrx_word' id='word_1_14' title='bbox 2315 613 2524 699; x_wconf 82' lang='lat' dir='ltr'>parati</span> <span class='ocrx_word' id='word_1_15' title='bbox 2570 618 2638 679; x_wconf 90' lang='lat' dir='ltr'>et</span> <span class='ocrx_word' id='word_1_16' title='bbox 2680 611 2955 698; x_wconf 81' lang='lat' dir='ltr'>expediti</span> <span class='ocrx_word' id='word_1_17' title='bbox 2993 609 3066 676; x_wconf 80' lang='lat' dir='ltr'>ad</span> 
     </span>
     <span class='ocr_line' id='line_1_3' title="bbox 406 696 3064 823; baseline -0.004 -19"><span class='ocrx_word' id='word_1_18' title='bbox 406 696 591 759; x_wconf 33' lang='lat'>⁸⁶⁹¹?</span> <span class='ocrx_word' id='word_1_19' title='bbox 605 697 716 746; x_wconf 55' lang='lat'>⁹⁰⁴²</span> <span class='ocrx_word' id='word_1_20' title='bbox 741 733 1281 823; x_wconf 83' lang='lat' dir='ltr'>proficiscendum,</span> <span class='ocrx_word' id='word_1_21' title='bbox 1326 732 1803 817; x_wconf 80' lang='lat' dir='ltr'>Letharingiam</span> <span class='ocrx_word' id='word_1_22' title='bbox 1844 731 2203 797; x_wconf 78' lang='lat' dir='ltr'><strong>exierimus.</strong></span> <span class='ocrx_word' id='word_1_23' title='bbox 2266 728 2502 808; x_wconf 79' lang='lat' dir='ltr'>Quodsi</span> <span class='ocrx_word' id='word_1_24' title='bbox 2541 731 2746 796; x_wconf 89' lang='lat' dir='ltr'>nostri</span> <span class='ocrx_word' id='word_1_25' title='bbox 2782 725 3064 811; x_wconf 80' lang='lat' dir='ltr'>ingenioli</span> 
     </span>
     <span class='ocr_line' id='line_1_4' title="bbox 742 843 3067 935; baseline -0.004 -17"><span class='ocrx_word' id='word_1_26' title='bbox 742 853 1016 919; x_wconf 87' lang='lat' dir='ltr'>tenuitas</span> <span class='ocrx_word' id='word_1_27' title='bbox 1069 851 1419 935; x_wconf 83' lang='lat' dir='ltr'>intelligere</span> <span class='ocrx_word' id='word_1_28' title='bbox 1475 849 1604 915; x_wconf 90' lang='lat' dir='ltr'>ullo</span> <span class='ocrx_word' id='word_1_29' title='bbox 1659 849 1847 915; x_wconf 91' lang='lat' dir='ltr'>modo</span> <span class='ocrx_word' id='word_1_30' title='bbox 1901 848 2241 934; x_wconf 81' lang='lat' dir='ltr'>potuisset,</span> <span class='ocrx_word' id='word_1_31' title='bbox 2297 846 2465 932; x_wconf 76' lang='lat' dir='ltr'>qnod</span> <span class='ocrx_word' id='word_1_32' title='bbox 2520 846 2708 911; x_wconf 84' lang='lat' dir='ltr'>huius</span> <span class='ocrx_word' id='word_1_33' title='bbox 2751 843 3067 929; x_wconf 77' lang='lat' dir='ltr'><strong>legationis</strong></span> 
     </span>
    </p>

    <p class='ocr_par' dir='ltr' id='par_1_3' title="bbox 741 959 3069 1053">
     <span class='ocr_line' id='line_1_5' title="bbox 741 959 3069 1053; baseline -0.004 -18"><span class='ocrx_word' id='word_1_34' title='bbox 741 968 920 1035; x_wconf 91' lang='lat' dir='ltr'>labor</span> <span class='ocrx_word' id='word_1_35' title='bbox 970 968 1282 1035; x_wconf 90' lang='lat' dir='ltr'>ullatenus</span> <span class='ocrx_word' id='word_1_36' title='bbox 1329 966 1655 1053; x_wconf 82' lang='lat' dir='ltr'>expediret</span> <span class='ocrx_word' id='word_1_37' title='bbox 1699 964 2043 1031; x_wconf 85' lang='lat' dir='ltr'>catholicae</span> <span class='ocrx_word' id='word_1_38' title='bbox 2089 962 2425 1030; x_wconf 77' lang='lat' dir='ltr'>aecclesiae</span> <span class='ocrx_word' id='word_1_39' title='bbox 2471 982 2546 1028; x_wconf 89' lang='lat' dir='ltr'>ac</span> <span class='ocrx_word' id='word_1_40' title='bbox 2588 967 2837 1027; x_wconf 84' lang='lat' dir='ltr'>vestrae</span> <span class='ocrx_word' id='word_1_41' title='bbox 2880 959 3069 1044; x_wconf 84' lang='lat' dir='ltr'>digni·</span> 
     </span>
    </p>

    <p class='ocr_par' dir='ltr' id='par_1_4' title="bbox 742 1077 3070 1169">
     <span class='ocr_line' id='line_1_6' title="bbox 742 1077 3070 1169; baseline -0.004 -18"><span class='ocrx_word' id='word_1_42' title='bbox 742 1087 861 1151; x_wconf 88' lang='lat' dir='ltr'>tati</span> <span class='ocrx_word' id='word_1_43' title='bbox 918 1087 1050 1151; x_wconf 87' lang='lat' dir='ltr'>sive</span> <span class='ocrx_word' id='word_1_44' title='bbox 1094 1084 1361 1151; x_wconf 86' lang='lat' dir='ltr'>Romani</span> <span class='ocrx_word' id='word_1_45' title='bbox 1412 1083 1666 1169; x_wconf 90' lang='lat' dir='ltr'>imperii</span> <span class='ocrx_word' id='word_1_46' title='bbox 1719 1082 2138 1165; x_wconf 83' lang='lat' dir='ltr'>incremento,</span> <span class='ocrx_word' id='word_1_47' title='bbox 2192 1078 2551 1145; x_wconf 89' lang='lat' dir='ltr'>nullatenus</span> <span class='ocrx_word' id='word_1_48' title='bbox 2604 1078 2794 1145; x_wconf 91' lang='lat' dir='ltr'>rebus</span> <span class='ocrx_word' id='word_1_49' title='bbox 2851 1077 3070 1143; x_wconf 87' lang='lat' dir='ltr'>nostris</span> 
     </span>
    </p>

    <p class='ocr_par' dir='ltr' id='par_1_5' title="bbox 743 1192 3074 1287">
     <span class='ocr_line' id='line_1_7' title="bbox 743 1192 3074 1287; baseline -0.005 -19"><span class='ocrx_word' id='word_1_50' title='bbox 743 1206 854 1267; x_wconf 90' lang='lat' dir='ltr'>aut</span> <span class='ocrx_word' id='word_1_51' title='bbox 893 1220 1201 1287; x_wconf 82' lang='lat' dir='ltr'>personae</span> <span class='ocrx_word' id='word_1_52' title='bbox 1243 1206 1497 1267; x_wconf 89' lang='lat' dir='ltr'>nostrae</span> <span class='ocrx_word' id='word_1_53' title='bbox 1540 1199 2058 1285; x_wconf 80' lang='lat' dir='ltr'>pepercissemus.</span> <span class='ocrx_word' id='word_1_54' title='bbox 2209 1194 2604 1262; x_wconf 90' lang='lat' dir='ltr'>Presentium</span> <span class='ocrx_word' id='word_1_55' title='bbox 2650 1195 2815 1261; x_wconf 90' lang='lat' dir='ltr'>lator</span> <span class='ocrx_word' id='word_1_56' title='bbox 2862 1192 3074 1259; x_wconf 83' lang='lat' dir='ltr'>Stabu-</span> 
     </span>
    </p>

    <p class='ocr_par' dir='ltr' id='par_1_6' title="bbox 742 1309 3074 1402">
     <span class='ocr_line' id='line_1_8' title="bbox 742 1309 3074 1402; baseline -0.005 -18"><span class='ocrx_word' id='word_1_57' title='bbox 742 1317 903 1384; x_wconf 89' lang='lat' dir='ltr'>lensi</span> <span class='ocrx_word' id='word_1_58' title='bbox 927 1318 1283 1384; x_wconf 80' lang='lat' dir='ltr'>‘aecclesiae</span> <span class='ocrx_word' id='word_1_59' title='bbox 1326 1318 1466 1400; x_wconf 69' lang='lat' dir='ltr'>iure</span> <span class='ocrx_word' id='word_1_60' title='bbox 1512 1315 1932 1402; x_wconf 88' lang='lat' dir='ltr'>proprietario</span> <span class='ocrx_word' id='word_1_61' title='bbox 1976 1313 2292 1400; x_wconf 87' lang='lat' dir='ltr'>pertinere</span> <span class='ocrx_word' id='word_1_62' title='bbox 2335 1311 2701 1377; x_wconf 81' lang='lat' dir='ltr'>dinoscitur.</span> <span class='ocrx_word' id='word_1_63' title='bbox 2776 1309 2903 1387; x_wconf 86' lang='lat' dir='ltr'>Qui</span> <span class='ocrx_word' id='word_1_64' title='bbox 2944 1328 3074 1374; x_wconf 87' lang='lat' dir='ltr'>cum</span> 
     </span>
    </p>

    <p class='ocr_par' dir='ltr' id='par_1_7' title="bbox 740 1426 3078 1755">
     <span class='ocr_line' id='line_1_9' title="bbox 743 1426 3077 1519; baseline -0.004 -18"><span class='ocrx_word' id='word_1_65' title='bbox 743 1435 824 1501; x_wconf 87' lang='lat' dir='ltr'>ad</span> <span class='ocrx_word' id='word_1_66' title='bbox 866 1454 983 1501; x_wconf 89' lang='lat' dir='ltr'>nos</span> <span class='ocrx_word' id='word_1_67' title='bbox 1024 1434 1479 1519; x_wconf 88' lang='lat' dir='ltr'>querimoniam</span> <span class='ocrx_word' id='word_1_68' title='bbox 1512 1431 1859 1514; x_wconf 83' lang='lat' dir='ltr'>detulisset,</span> <span class='ocrx_word' id='word_1_69' title='bbox 1908 1429 2074 1515; x_wconf 92' lang='lat' dir='ltr'>quod</span> <span class='ocrx_word' id='word_1_70' title='bbox 2106 1428 2361 1514; x_wconf 86' lang='lat' dir='ltr'>quidam</span> <span class='ocrx_word' id='word_1_71' title='bbox 2391 1426 2595 1510; x_wconf 82' lang='lat' dir='ltr'>God.·‚</span> <span class='ocrx_word' id='word_1_72' title='bbox 2643 1427 2921 1493; x_wconf 88' lang='lat' dir='ltr'>decanus</span> <span class='ocrx_word' id='word_1_73' title='bbox 2950 1444 3077 1491; x_wconf 88' lang='lat' dir='ltr'>aec-</span> 
     </span>
     <span class='ocr_line' id='line_1_10' title="bbox 741 1541 3077 1634; baseline -0.005 -16"><span class='ocrx_word' id='word_1_74' title='bbox 741 1551 968 1617; x_wconf 89' lang='lat' dir='ltr'>clesiae</span> <span class='ocrx_word' id='word_1_75' title='bbox 1014 1551 1233 1617; x_wconf 89' lang='lat' dir='ltr'>beatae</span> <span class='ocrx_word' id='word_1_76' title='bbox 1279 1549 1517 1616; x_wconf 87' lang='lat' dir='ltr'>Mariae</span> <span class='ocrx_word' id='word_1_77' title='bbox 1561 1550 1630 1614; x_wconf 91' lang='lat' dir='ltr'>in</span> <span class='ocrx_word' id='word_1_78' title='bbox 1690 1547 1921 1634; x_wconf 89' lang='lat' dir='ltr'>oppido</span> <span class='ocrx_word' id='word_1_79' title='bbox 1968 1545 2352 1613; x_wconf 83' lang='lat' dir='ltr'>Traiectensi</span> <span class='ocrx_word' id='word_1_80' title='bbox 2370 1541 2405 1628; x_wconf 83' lang='lat'>¹,</span> <span class='ocrx_word' id='word_1_81' title='bbox 2463 1544 2751 1626; x_wconf 80' lang='lat' dir='ltr'>domum,</span> <span class='ocrx_word' id='word_1_82' title='bbox 2810 1561 2974 1628; x_wconf 83' lang='lat' dir='ltr'>quae</span> <span class='ocrx_word' id='word_1_83' title='bbox 3024 1541 3077 1606; x_wconf 82' lang='lat' dir='ltr'>ei</span> 
     </span>
     <span class='ocr_line' id='line_1_11' title="bbox 740 1659 3078 1755; baseline -0.005 -21"><span class='ocrx_word' id='word_1_84' title='bbox 740 1669 950 1755; x_wconf 88' lang='lat' dir='ltr'>patrio</span> <span class='ocrx_word' id='word_1_85' title='bbox 996 1673 1062 1733; x_wconf 90' lang='lat' dir='ltr'>et</span> <span class='ocrx_word' id='word_1_86' title='bbox 1105 1667 1271 1733; x_wconf 85' lang='lat' dir='ltr'>avito</span> <span class='ocrx_word' id='word_1_87' title='bbox 1317 1667 1453 1732; x_wconf 91' lang='lat' dir='ltr'>iure</span> <span class='ocrx_word' id='word_1_88' title='bbox 1497 1664 1878 1731; x_wconf 87' lang='lat' dir='ltr'>hereditario</span> <span class='ocrx_word' id='word_1_89' title='bbox 1923 1662 2245 1749; x_wconf 82' lang='lat' dir='ltr'>competit,</span> <span class='ocrx_word' id='word_1_90' title='bbox 2289 1660 2595 1728; x_wconf 80' lang='lat' dir='ltr'>violenter</span> <span class='ocrx_word' id='word_1_91' title='bbox 2630 1659 2930 1743; x_wconf 75' lang='lat' dir='ltr'>ausen-et,</span> <span class='ocrx_word' id='word_1_92' title='bbox 2971 1676 3078 1723; x_wconf 87' lang='lat' dir='ltr'>nos</span> 
     </span>
    </p>

    <p class='ocr_par' dir='ltr' id='par_1_8' title="bbox 742 1773 3084 2103">
     <span class='ocr_line' id='line_1_12' title="bbox 742 1773 3081 1872; baseline -0.004 -22"><span class='ocrx_word' id='word_1_93' title='bbox 742 1805 858 1872; x_wconf 87' lang='lat' dir='ltr'>pro</span> <span class='ocrx_word' id='word_1_94' title='bbox 913 1803 987 1850; x_wconf 90' lang='lat' dir='ltr'>eo</span> <span class='ocrx_word' id='word_1_95' title='bbox 1046 1783 1400 1849; x_wconf 80' lang='lat' dir='ltr'>sanctitatis</span> <span class='ocrx_word' id='word_1_96' title='bbox 1457 1786 1705 1848; x_wconf 84' lang='lat' dir='ltr'>vestrae</span> <span class='ocrx_word' id='word_1_97' title='bbox 1763 1779 1893 1845; x_wconf 89' lang='lat' dir='ltr'>filio</span> <span class='ocrx_word' id='word_1_98' title='bbox 1947 1777 2296 1860; x_wconf 85' lang='lat' dir='ltr'>H(einrico)</span> <span class='ocrx_word' id='word_1_99' title='bbox 2351 1775 2697 1843; x_wconf 82' lang='lat' dir='ltr'>venerabili</span> <span class='ocrx_word' id='word_1_100' title='bbox 2752 1773 3081 1841; x_wconf 83' lang='lat' dir='ltr'>Leodieusi</span> 
     </span>
     <span class='ocr_line' id='line_1_13' title="bbox 743 1892 3084 1986; baseline -0.005 -19"><span class='ocrx_word' id='word_1_101' title='bbox 743 1901 1039 1986; x_wconf 87' lang='lat' dir='ltr'>episcopo</span> <span class='ocrx_word' id='word_1_102' title='bbox 1091 1899 1489 1985; x_wconf 82' lang='lat' dir='ltr'>scripsimus,</span> <span class='ocrx_word' id='word_1_103' title='bbox 1546 1897 1968 1984; x_wconf 81' lang='lat' dir='ltr'>postulantes,</span> <span class='ocrx_word' id='word_1_104' title='bbox 2022 1900 2097 1961; x_wconf 90' lang='lat' dir='ltr'>ut</span> <span class='ocrx_word' id='word_1_105' title='bbox 2138 1895 2444 1961; x_wconf 86' lang='lat' dir='ltr'>decanum</span> <span class='ocrx_word' id='word_1_106' title='bbox 2489 1913 2675 1959; x_wconf 86' lang='lat' dir='ltr'>suum</span> <span class='ocrx_word' id='word_1_107' title='bbox 2720 1893 2763 1958; x_wconf 80' lang='lat' dir='ltr'>a</span> <span class='ocrx_word' id='word_1_108' title='bbox 2803 1898 2987 1958; x_wconf 83' lang='lat' dir='ltr'>tanta</span> <span class='ocrx_word' id='word_1_109' title='bbox 3025 1892 3084 1956; x_wconf 81' lang='lat' dir='ltr'>et</span> 
     </span>
     <span class='ocr_line' id='line_1_14' title="bbox 742 2005 3081 2103; baseline -0.005 -19"><span class='ocrx_word' id='word_1_110' title='bbox 742 2016 1001 2083; x_wconf 85' lang='lat' dir='ltr'>insolita</span> <span class='ocrx_word' id='word_1_111' title='bbox 1027 2016 1327 2083; x_wconf 81' lang='lat' dir='ltr'>violentia</span> <span class='ocrx_word' id='word_1_112' title='bbox 1367 2020 1685 2103; x_wconf 80' lang='lat' dir='ltr'>potestate</span> <span class='ocrx_word' id='word_1_113' title='bbox 1728 2013 1941 2079; x_wconf 80' lang='lat' dir='ltr'>debita</span> <span class='ocrx_word' id='word_1_114' title='bbox 1983 2016 2353 2077; x_wconf 70' lang='lat' dir='ltr'>removeret.</span> <span class='ocrx_word' id='word_1_115' title='bbox 2416 2009 2528 2077; x_wconf 86' lang='lat' dir='ltr'>Set</span> <span class='ocrx_word' id='word_1_116' title='bbox 2569 2029 2714 2075; x_wconf 90' lang='lat' dir='ltr'>cum</span> <span class='ocrx_word' id='word_1_117' title='bbox 2757 2007 2929 2074; x_wconf 83' lang='lat' dir='ltr'>idem</span> <span class='ocrx_word' id='word_1_118' title='bbox 2965 2005 3081 2073; x_wconf 80' lang='lat' dir='ltr'>cle-</span> 
     </span>
    </p>

    <p class='ocr_par' dir='ltr' id='par_1_9' title="bbox 742 2125 3083 2219">
     <span class='ocr_line' id='line_1_15' title="bbox 742 2125 3083 2219; baseline -0.004 -20"><span class='ocrx_word' id='word_1_119' title='bbox 742 2133 911 2199; x_wconf 88' lang='lat' dir='ltr'>ricus</span> <span class='ocrx_word' id='word_1_120' title='bbox 942 2133 1019 2199; x_wconf 91' lang='lat' dir='ltr'>ab</span> <span class='ocrx_word' id='word_1_121' title='bbox 1049 2134 1281 2200; x_wconf 89' lang='lat' dir='ltr'>iniusto</span> <span class='ocrx_word' id='word_1_122' title='bbox 1312 2132 1638 2219; x_wconf 86' lang='lat' dir='ltr'>proposito</span> <span class='ocrx_word' id='word_1_123' title='bbox 1667 2129 1865 2197; x_wconf 89' lang='lat' dir='ltr'>nollet</span> <span class='ocrx_word' id='word_1_124' title='bbox 1892 2148 2160 2212; x_wconf 82' lang='lat' dir='ltr'>cessare,</span> <span class='ocrx_word' id='word_1_125' title='bbox 2206 2127 2441 2210; x_wconf 82' lang='lat' dir='ltr'>dicens,</span> <span class='ocrx_word' id='word_1_126' title='bbox 2484 2125 2688 2209; x_wconf 84' lang='lat' dir='ltr'>illum,</span> <span class='ocrx_word' id='word_1_127' title='bbox 2729 2125 2843 2210; x_wconf 87' lang='lat' dir='ltr'>qui</span> <span class='ocrx_word' id='word_1_128' title='bbox 2873 2129 3083 2190; x_wconf 80' lang='lat' dir='ltr'>contra</span> 
     </span>
    </p>

    <p class='ocr_par' dir='ltr' id='par_1_10' title="bbox 739 2240 3084 2569">
     <span class='ocr_line' id='line_1_16' title="bbox 742 2240 3082 2334; baseline -0.004 -19"><span class='ocrx_word' id='word_1_129' title='bbox 742 2270 810 2317; x_wconf 91' lang='lat' dir='ltr'>se</span> <span class='ocrx_word' id='word_1_130' title='bbox 855 2250 1099 2334; x_wconf 85' lang='lat' dir='ltr'>agebat,</span> <span class='ocrx_word' id='word_1_131' title='bbox 1147 2248 1757 2316; x_wconf 84' lang='lat' dir='ltr'>excommunicatum</span> <span class='ocrx_word' id='word_1_132' title='bbox 1796 2265 1952 2329; x_wconf 86' lang='lat' dir='ltr'>esse,</span> <span class='ocrx_word' id='word_1_133' title='bbox 1997 2242 2357 2330; x_wconf 86' lang='lat' dir='ltr'>compulsus</span> <span class='ocrx_word' id='word_1_134' title='bbox 2389 2248 2488 2309; x_wconf 89' lang='lat' dir='ltr'>est</span> <span class='ocrx_word' id='word_1_135' title='bbox 2513 2242 2686 2308; x_wconf 89' lang='lat' dir='ltr'>idem</span> <span class='ocrx_word' id='word_1_136' title='bbox 2711 2240 2919 2307; x_wconf 85' lang='lat' dir='ltr'>laicus</span> <span class='ocrx_word' id='word_1_137' title='bbox 2944 2258 3082 2327; x_wconf 89' lang='lat' dir='ltr'>pro-</span> 
     </span>
     <span class='ocr_line' id='line_1_17' title="bbox 739 2357 3084 2451; baseline -0.005 -18"><span class='ocrx_word' id='word_1_138' title='bbox 739 2366 1031 2433; x_wconf 84' lang='lat' dir='ltr'>tectionis</span> <span class='ocrx_word' id='word_1_139' title='bbox 1077 2372 1323 2433; x_wconf 84' lang='lat' dir='ltr'>vestrae</span> <span class='ocrx_word' id='word_1_140' title='bbox 1380 2361 1736 2451; x_wconf 58' lang='lat' dir='ltr'>appellare*</span> <span class='ocrx_word' id='word_1_141' title='bbox 1794 2367 1858 2427; x_wconf 86' lang='lat' dir='ltr'>et</span> <span class='ocrx_word' id='word_1_142' title='bbox 1910 2360 2086 2428; x_wconf 88' lang='lat' dir='ltr'>adire</span> <span class='ocrx_word' id='word_1_143' title='bbox 2134 2360 2538 2447; x_wconf 86' lang='lat' dir='ltr'>presentiam.</span> <span class='ocrx_word' id='word_1_144' title='bbox 2633 2357 2836 2424; x_wconf 90' lang='lat' dir='ltr'>Solita</span> <span class='ocrx_word' id='word_1_145' title='bbox 2879 2358 3084 2442; x_wconf 70' lang='lat' dir='ltr'>itaque</span> 
     </span>
     <span class='ocr_line' id='line_1_18' title="bbox 742 2457 3083 2569; baseline -0.004 -20"><span class='ocrx_word' id='word_1_146' title='bbox 742 2482 1095 2567; x_wconf 84' lang='lat' dir='ltr'>clement-ia,</span> <span class='ocrx_word' id='word_1_147' title='bbox 1141 2488 1325 2569; x_wconf 90' lang='lat' dir='ltr'>pater</span> <span class='ocrx_word' id='word_1_148' title='bbox 1351 2481 1658 2569; x_wconf 87' lang='lat' dir='ltr'>piissime,</span> <span class='ocrx_word' id='word_1_149' title='bbox 1705 2498 1852 2545; x_wconf 91' lang='lat' dir='ltr'>eum</span> <span class='ocrx_word' id='word_1_150' title='bbox 1881 2457 2180 2542; x_wconf 84' lang='lat' dir='ltr'>exaudire</span> <span class='ocrx_word' id='word_1_151' title='bbox 2208 2475 2576 2561; x_wconf 75' lang='lat' dir='ltr'>dignemini,</span> <span class='ocrx_word' id='word_1_152' title='bbox 2604 2494 2687 2541; x_wconf 91' lang='lat' dir='ltr'>ne</span> <span class='ocrx_word' id='word_1_153' title='bbox 2714 2479 2817 2540; x_wconf 89' lang='lat' dir='ltr'>tot</span> <span class='ocrx_word' id='word_1_154' title='bbox 2841 2473 3083 2539; x_wconf 79' lang='lat' dir='ltr'>labores</span> 
     </span>
    </p>

    <p class='ocr_par' dir='ltr' id='par_1_11' title="bbox 742 2588 3084 2802">
     <span class='ocr_line' id='line_1_19' title="bbox 743 2588 3084 2687; baseline -0.005 -20"><span class='ocrx_word' id='word_1_155' title='bbox 743 2605 807 2667; x_wconf 85' lang='lat' dir='ltr'>et</span> <span class='ocrx_word' id='word_1_156' title='bbox 833 2599 1117 2687; x_wconf 84' lang='lat' dir='ltr'>pericula</span> <span class='ocrx_word' id='word_1_157' title='bbox 1142 2600 1381 2667; x_wconf 85' lang='lat' dir='ltr'>frustra</span> <span class='ocrx_word' id='word_1_158' title='bbox 1410 2604 1476 2666; x_wconf 88' lang='lat' dir='ltr'>et</span> <span class='ocrx_word' id='word_1_159' title='bbox 1515 2598 1584 2664; x_wconf 89' lang='lat' dir='ltr'>in</span> <span class='ocrx_word' id='word_1_160' title='bbox 1630 2615 1865 2664; x_wconf 80' lang='lat' dir='ltr'>vanum</span> <span class='ocrx_word' id='word_1_161' title='bbox 1910 2614 1980 2662; x_wconf 90' lang='lat' dir='ltr'>se</span> <span class='ocrx_word' id='word_1_162' title='bbox 2025 2592 2443 2680; x_wconf 83' lang='lat' dir='ltr'>assumpsisse</span> <span class='ocrx_word' id='word_1_163' title='bbox 2472 2591 2702 2676; x_wconf 81' lang='lat' dir='ltr'>doleat,</span> <span class='ocrx_word' id='word_1_164' title='bbox 2752 2596 2818 2658; x_wconf 89' lang='lat' dir='ltr'>et</span> <span class='ocrx_word' id='word_1_165' title='bbox 2843 2595 2954 2656; x_wconf 72' lang='lat' dir='ltr'>ut‘*</span> <span class='ocrx_word' id='word_1_166' title='bbox 2983 2588 3084 2655; x_wconf 87' lang='lat' dir='ltr'>alii</span> 
     </span>
     <span class='ocr_line' id='line_1_20' title="bbox 742 2708 3083 2802; baseline -0.004 -20"><span class='ocrx_word' id='word_1_167' title='bbox 742 2719 1030 2802; x_wconf 89' lang='lat' dir='ltr'>oppressi</span> <span class='ocrx_word' id='word_1_168' title='bbox 1073 2717 1152 2783; x_wconf 89' lang='lat' dir='ltr'>de</span> <span class='ocrx_word' id='word_1_169' title='bbox 1181 2722 1393 2784; x_wconf 84' lang='lat' dir='ltr'>vestra</span> <span class='ocrx_word' id='word_1_170' title='bbox 1433 2714 1868 2781; x_wconf 84' lang='lat' dir='ltr'>misericordia</span> <span class='ocrx_word' id='word_1_171' title='bbox 1904 2711 2092 2778; x_wconf 88' lang='lat' dir='ltr'>huius</span> <span class='ocrx_word' id='word_1_172' title='bbox 2121 2710 2413 2797; x_wconf 81' lang='lat' dir='ltr'>exemplo</span> <span class='ocrx_word' id='word_1_173' title='bbox 2437 2728 2698 2796; x_wconf 84' lang='lat' dir='ltr'>sperare</span> <span class='ocrx_word' id='word_1_174' title='bbox 2726 2708 3083 2775; x_wconf 76' lang='lat' dir='ltr'>doceantur.</span> 
     </span>
    </p>
   </div>
   <div class='ocr_carea' id='block_1_3' title="bbox 1702 2842 2126 2861">
    <p class='ocr_par' dir='ltr' id='par_1_12' title="bbox 1702 2842 2126 2861">
     <span class='ocr_line' id='line_1_21' title="bbox 1702 2842 2126 2861; baseline 0 2381"><span class='ocrx_word' id='word_1_175' title='bbox 1702 2842 2126 2861; x_wconf 95' lang='lat' dir='ltr'> </span> 
     </span>
    </p>
   </div>
   <div class='ocr_carea' id='block_1_4' title="bbox 423 2921 3085 4430">
    <p class='ocr_par' dir='ltr' id='par_1_13' title="bbox 745 2921 3083 3018">
     <span class='ocr_line' id='line_1_22' title="bbox 745 2921 3083 3018; baseline -0.006 -17"><span class='ocrx_word' id='word_1_176' title='bbox 745 2929 923 3001; x_wconf 79' lang='lat'>299.</span> <span class='ocrx_word' id='word_1_177' title='bbox 963 2932 1292 2999; x_wconf 63' lang='lat' dir='ltr'>Heius-icus</span> <span class='ocrx_word' id='word_1_178' title='bbox 1336 2933 1658 3018; x_wconf 69' lang='lat' dir='ltr'>opiscopus</span> <span class='ocrx_word' id='word_1_179' title='bbox 1702 2928 2066 2994; x_wconf 60' lang='lat' dir='ltr'>Laodamia</span> <span class='ocrx_word' id='word_1_180' title='bbox 2100 2924 2385 2992; x_wconf 70' lang='lat' dir='ltr'>Wibaldo</span> <span class='ocrx_word' id='word_1_181' title='bbox 2427 2925 2740 3014; x_wconf 69' lang='lat' dir='ltr'>so‘ym&#39;fioat</span> <span class='ocrx_word' id='word_1_182' title='bbox 2782 2924 2861 2988; x_wconf 77' lang='lat' dir='ltr'>de</span> <span class='ocrx_word' id='word_1_183' title='bbox 2890 2921 3083 2989; x_wconf 51' lang='lat' dir='ltr'>Ha-</span> 
     </span>
    </p>

    <p class='ocr_par' dir='ltr' id='par_1_14' title="bbox 962 3040 3085 3133">
     <span class='ocr_line' id='line_1_23' title="bbox 962 3040 3085 3133; baseline -0.007 -18"><span class='ocrx_word' id='word_1_184' title='bbox 962 3050 1081 3114; x_wconf 73' lang='lat' dir='ltr'>rioe&#39;</span> <span class='ocrx_word' id='word_1_185' title='bbox 1125 3049 1360 3113; x_wconf 72' lang='lat' dir='ltr'>comitis</span> <span class='ocrx_word' id='word_1_186' title='bbox 1404 3048 1483 3113; x_wconf 75' lang='lat' dir='ltr'>de</span> <span class='ocrx_word' id='word_1_187' title='bbox 1524 3048 1711 3133; x_wconf 75' lang='lat' dir='ltr'>Rupe</span> <span class='ocrx_word' id='word_1_188' title='bbox 1757 3058 1814 3111; x_wconf 75' lang='lat' dir='ltr'>et</span> <span class='ocrx_word' id='word_1_189' title='bbox 1863 3042 2143 3109; x_wconf 70' lang='lat' dir='ltr'>Heinrioe‘</span> <span class='ocrx_word' id='word_1_190' title='bbox 2185 3044 2422 3108; x_wconf 66' lang='lat' dir='ltr'>comitis</span> <span class='ocrx_word' id='word_1_191' title='bbox 2460 3040 2873 3107; x_wconf 68' lang='lat' dir='ltr'>Nmnucmsie</span> <span class='ocrx_word' id='word_1_192' title='bbox 2912 3040 2985 3102; x_wconf 74' lang='lat' dir='ltr'>in</span> <span class='ocrx_word' id='word_1_193' title='bbox 3024 3059 3085 3100; x_wconf 77' lang='lat' dir='ltr'>se</span> 
     </span>
    </p>

    <p class='ocr_par' dir='ltr' id='par_1_15' title="bbox 962 3150 3081 3235">
     <span class='ocr_line' id='line_1_24' title="bbox 962 3150 3081 3235; baseline -0.007 -4"><span class='ocrx_word' id='word_1_194' title='bbox 962 3166 1226 3231; x_wconf 69' lang='lat' dir='ltr'>inim-iis.</span> <span class='ocrx_word' id='word_1_195' title='bbox 2768 3150 2878 3235; x_wconf 76' lang='lat' dir='ltr'>(M.</span> <span class='ocrx_word' id='word_1_196' title='bbox 2909 3150 3081 3231; x_wconf 81' lang='lat'>279.)</span> 
     </span>
    </p>

    <p class='ocr_par' dir='ltr' id='par_1_16' title="bbox 496 3287 3084 3380">
     <span class='ocr_line' id='line_1_25' title="bbox 496 3287 3084 3380; baseline -0.007 -11"><span class='ocrx_word' id='word_1_197' title='bbox 496 3313 637 3369; x_wconf 77' lang='lat'>1150</span> <span class='ocrx_word' id='word_1_198' title='bbox 920 3296 1307 3380; x_wconf 81' lang='lat' dir='ltr'>H(einricus)</span> <span class='ocrx_word' id='word_1_199' title='bbox 1352 3294 1474 3363; x_wconf 87' lang='lat' dir='ltr'>Dei</span> <span class='ocrx_word' id='word_1_200' title='bbox 1517 3293 1725 3380; x_wconf 81' lang='lat' dir='ltr'>gratia</span> <span class='ocrx_word' id='word_1_201' title='bbox 1749 3292 2116 3361; x_wconf 86' lang='lat' dir='ltr'>Leodiensis</span> <span class='ocrx_word' id='word_1_202' title='bbox 2147 3290 2485 3359; x_wconf 83' lang='lat' dir='ltr'>aecclesiae</span> <span class='ocrx_word' id='word_1_203' title='bbox 2514 3287 2775 3356; x_wconf 83' lang='lat' dir='ltr'>humilis</span> <span class='ocrx_word' id='word_1_204' title='bbox 2802 3287 3084 3355; x_wconf 76' lang='lat' dir='ltr'>minister</span> 
     </span>
    </p>

    <p class='ocr_par' dir='ltr' id='par_1_17' title="bbox 423 3386 3083 3601">
     <span class='ocr_line' id='line_1_26' title="bbox 423 3386 3083 3495; baseline -0.005 -11"><span class='ocrx_word' id='word_1_205' title='bbox 423 3386 583 3443; x_wconf 57' lang='grc' dir='ltr'>Μ’-</span> <span class='ocrx_word' id='word_1_206' title='bbox 597 3386 709 3435; x_wconf 62' lang='grc' dir='ltr'>Βό·</span> <span class='ocrx_word' id='word_1_207' title='bbox 744 3415 973 3483; x_wconf 89' lang='lat' dir='ltr'>domno</span> <span class='ocrx_word' id='word_1_208' title='bbox 1019 3413 1366 3495; x_wconf 66' lang='lat' dir='ltr'>wibaldo)</span> <span class='ocrx_word' id='word_1_209' title='bbox 1423 3412 1642 3481; x_wconf 81' lang='lat' dir='ltr'>eadem</span> <span class='ocrx_word' id='word_1_210' title='bbox 1687 3411 1894 3494; x_wconf 82' lang='lat' dir='ltr'>gratia</span> <span class='ocrx_word' id='word_1_211' title='bbox 1936 3404 2282 3476; x_wconf 78' lang='lat' dir='ltr'>venerabili</span> <span class='ocrx_word' id='word_1_212' title='bbox 2328 3403 2688 3474; x_wconf 80' lang='lat' dir='ltr'>stabulensi</span> <span class='ocrx_word' id='word_1_213' title='bbox 2734 3405 2946 3474; x_wconf 72' lang='lat' dir='ltr'>abbati</span> <span class='ocrx_word' id='word_1_214' title='bbox 2988 3421 3083 3470; x_wconf 86' lang='lat' dir='ltr'>sa-</span> 
     </span>
     <span class='ocr_line' id='line_1_27' title="bbox 742 3525 2311 3601; baseline -0.004 -3"><span class='ocrx_word' id='word_1_215' title='bbox 742 3532 942 3601; x_wconf 90' lang='lat' dir='ltr'>lutem</span> <span class='ocrx_word' id='word_1_216' title='bbox 987 3535 1053 3598; x_wconf 84' lang='lat' dir='ltr'>et</span> <span class='ocrx_word' id='word_1_217' title='bbox 1091 3530 1439 3597; x_wconf 76' lang='lat' dir='ltr'>fraternam</span> <span class='ocrx_word' id='word_1_218' title='bbox 1479 3528 1551 3595; x_wconf 89' lang='lat' dir='ltr'>in</span> <span class='ocrx_word' id='word_1_219' title='bbox 1594 3527 1848 3594; x_wconf 78' lang='lat' dir='ltr'>Christo</span> <span class='ocrx_word' id='word_1_220' title='bbox 1891 3525 2311 3594; x_wconf 73' lang='lat' dir='ltr'>dilectionem.</span> 
     </span>
    </p>

    <p class='ocr_par' dir='ltr' id='par_1_18' title="bbox 737 3637 3080 4430">
     <span class='ocr_line' id='line_1_28' title="bbox 921 3637 3080 3733; baseline -0.005 -20"><span class='ocrx_word' id='word_1_221' title='bbox 921 3646 1189 3733; x_wconf 87' lang='lat' dir='ltr'>Propter</span> <span class='ocrx_word' id='word_1_222' title='bbox 1231 3646 1639 3713; x_wconf 87' lang='lat' dir='ltr'>necessitates</span> <span class='ocrx_word' id='word_1_223' title='bbox 1683 3643 1953 3728; x_wconf 83' lang='lat' dir='ltr'>grandes</span> <span class='ocrx_word' id='word_1_224' title='bbox 1999 3662 2079 3709; x_wconf 84' lang='lat' dir='ltr'>ex</span> <span class='ocrx_word' id='word_1_225' title='bbox 2122 3639 2446 3727; x_wconf 83' lang='lat' dir='ltr'>inproviso</span> <span class='ocrx_word' id='word_1_226' title='bbox 2480 3637 2669 3708; x_wconf 85' lang='lat' dir='ltr'>nobis</span> <span class='ocrx_word' id='word_1_227' title='bbox 2694 3639 3080 3706; x_wconf 74' lang='lat' dir='ltr'>occurrentes</span> 
     </span>
     <span class='ocr_line' id='line_1_29' title="bbox 744 3752 3079 3847; baseline -0.006 -15"><span class='ocrx_word' id='word_1_228' title='bbox 744 3764 1096 3832; x_wconf 86' lang='lat' dir='ltr'>minoribus</span> <span class='ocrx_word' id='word_1_229' title='bbox 1138 3762 1416 3846; x_wconf 79' lang='lat' dir='ltr'>negociis</span> <span class='ocrx_word' id='word_1_230' title='bbox 1458 3780 1858 3847; x_wconf 74' lang='lat' dir='ltr'>nequaquam</span> <span class='ocrx_word' id='word_1_231' title='bbox 1887 3778 2116 3827; x_wconf 83' lang='lat' dir='ltr'>vacare</span> <span class='ocrx_word' id='word_1_232' title='bbox 2152 3776 2507 3844; x_wconf 74' lang='lat' dir='ltr'>possmus.</span> <span class='ocrx_word' id='word_1_233' title='bbox 2565 3753 2712 3822; x_wconf 84' lang='lat' dir='ltr'>Non</span> <span class='ocrx_word' id='word_1_234' title='bbox 2739 3753 2902 3826; x_wconf 81' lang='lat' dir='ltr'>latet</span> <span class='ocrx_word' id='word_1_235' title='bbox 2927 3752 3079 3820; x_wconf 87' lang='lat' dir='ltr'>enim</span> 
     </span>
     <span class='ocr_line' id='line_1_30' title="bbox 745 3868 3079 3970; baseline -0.006 -22"><span class='ocrx_word' id='word_1_236' title='bbox 745 3880 1148 3970; x_wconf 77' lang='lat' dir='ltr'>prudentiam</span> <span class='ocrx_word' id='word_1_237' title='bbox 1203 3884 1481 3946; x_wconf 81' lang='lat' dir='ltr'>vestram</span> <span class='ocrx_word' id='word_1_238' title='bbox 1495 3929 1514 3962; x_wconf 89' lang='lat'><strong>‚</strong></span> <span class='ocrx_word' id='word_1_239' title='bbox 1570 3879 1857 3946; x_wconf 81' lang='lat' dir='ltr'>fomitem</span> <span class='ocrx_word' id='word_1_240' title='bbox 1911 3876 2098 3942; x_wconf 80' lang='lat' dir='ltr'>huius</span> <span class='ocrx_word' id='word_1_241' title='bbox 2148 3874 2334 3959; x_wconf 82' lang='lat' dir='ltr'>mali,</span> <span class='ocrx_word' id='word_1_242' title='bbox 2391 3873 2695 3941; x_wconf 81' lang='lat' dir='ltr'>hactenus</span> <span class='ocrx_word' id='word_1_243' title='bbox 2742 3869 2957 3957; x_wconf 88' lang='lat' dir='ltr'>specie</span> <span class='ocrx_word' id='word_1_244' title='bbox 2990 3868 3079 3933; x_wconf 86' lang='lat' dir='ltr'>in-</span> 
     </span>
     <span class='ocr_line' id='line_1_31' title="bbox 746 3982 3080 4084; baseline -0.006 -18"><span class='ocrx_word' id='word_1_245' title='bbox 746 3999 933 4067; x_wconf 81' lang='lat' dir='ltr'>vidae</span> <span class='ocrx_word' id='word_1_246' title='bbox 975 3996 1355 4064; x_wconf 80' lang='lat' dir='ltr'>adulationis</span> <span class='ocrx_word' id='word_1_247' title='bbox 1397 3996 1689 4084; x_wconf 80' lang='lat' dir='ltr'>protecti,</span> <span class='ocrx_word' id='word_1_248' title='bbox 1734 3995 1978 4062; x_wconf 84' lang='lat' dir='ltr'>calcata</span> <span class='ocrx_word' id='word_1_249' title='bbox 2022 3992 2138 4059; x_wconf 87' lang='lat' dir='ltr'>sub</span> <span class='ocrx_word' id='word_1_250' title='bbox 2183 3989 2446 4077; x_wconf 88' lang='lat' dir='ltr'>pedibus</span> <span class='ocrx_word' id='word_1_251' title='bbox 2477 3987 2710 4072; x_wconf 77' lang='lat' dir='ltr'>regalis</span> <span class='ocrx_word' id='word_1_252' title='bbox 2740 3982 3080 4058; x_wconf 58' lang='lat' dir='ltr'>reverenda</span> 
     </span>
     <span class='ocr_line' id='line_1_32' title="bbox 746 4099 3078 4198; baseline -0.009 -14"><span class='ocrx_word' id='word_1_253' title='bbox 746 4114 1131 4197; x_wconf 84' lang='lat' dir='ltr'>maiestatis,</span> <span class='ocrx_word' id='word_1_254' title='bbox 1192 4133 1410 4181; x_wconf 88' lang='lat' dir='ltr'>omnes</span> <span class='ocrx_word' id='word_1_255' title='bbox 1467 4112 1717 4198; x_wconf 86' lang='lat' dir='ltr'>rupisse</span> <span class='ocrx_word' id='word_1_256' title='bbox 1763 4111 1975 4180; x_wconf 82' lang='lat' dir='ltr'>aditus</span> <span class='ocrx_word' id='word_1_257' title='bbox 2017 4107 2456 4176; x_wconf 82' lang='lat' dir='ltr'>simulationis.</span> <span class='ocrx_word' id='word_1_258' title='bbox 2528 4104 2756 4173; x_wconf 84' lang='lat' dir='ltr'>Comes</span> <span class='ocrx_word' id='word_1_259' title='bbox 2804 4104 2971 4172; x_wconf 87' lang='lat' dir='ltr'>enim</span> <span class='ocrx_word' id='word_1_260' title='bbox 3003 4099 3078 4165; x_wconf 88' lang='lat' dir='ltr'>de</span> 
     </span>
     <span class='ocr_line' id='line_1_33' title="bbox 737 4220 3073 4319; baseline -0.007 -20"><span class='ocrx_word' id='word_1_261' title='bbox 737 4233 927 4319; x_wconf 78' lang='lat' dir='ltr'>Rupe</span> <span class='ocrx_word' id='word_1_262' title='bbox 972 4231 1305 4298; x_wconf 88' lang='lat' dir='ltr'>Heinricus</span> <span class='ocrx_word' id='word_1_263' title='bbox 1351 4235 1604 4313; x_wconf 85' lang='lat' dir='ltr'>treugas</span> <span class='ocrx_word' id='word_1_264' title='bbox 1650 4227 1794 4295; x_wconf 89' lang='lat' dir='ltr'>illas</span> <span class='ocrx_word' id='word_1_265' title='bbox 1807 4278 1826 4312; x_wconf 86' lang='lat'>‚</span> <span class='ocrx_word' id='word_1_266' title='bbox 1887 4246 2044 4312; x_wconf 86' lang='lat' dir='ltr'>quas</span> <span class='ocrx_word' id='word_1_267' title='bbox 2096 4246 2214 4312; x_wconf 89' lang='lat' dir='ltr'>per</span> <span class='ocrx_word' id='word_1_268' title='bbox 2269 4241 2529 4291; x_wconf 83' lang='lat' dir='ltr'>manum</span> <span class='ocrx_word' id='word_1_269' title='bbox 2571 4221 2825 4288; x_wconf 80' lang='lat' dir='ltr'>comitis</span> <span class='ocrx_word' id='word_1_270' title='bbox 2856 4220 3073 4287; x_wconf 82' lang='lat' dir='ltr'>Namu-</span> 
     </span>
     <span class='ocr_line' id='line_1_34' title="bbox 749 4330 3073 4430; baseline -0.006 -14"><span class='ocrx_word' id='word_1_271' title='bbox 749 4343 989 4417; x_wconf 73' lang='lat' dir='ltr'>censis²</span> <span class='ocrx_word' id='word_1_272' title='bbox 1038 4352 1101 4414; x_wconf 89' lang='lat' dir='ltr'>et</span> <span class='ocrx_word' id='word_1_273' title='bbox 1146 4347 1413 4414; x_wconf 89' lang='lat' dir='ltr'>aliorum</span> <span class='ocrx_word' id='word_1_274' title='bbox 1458 4366 1718 4413; x_wconf 85' lang='lat' dir='ltr'>suorum</span> <span class='ocrx_word' id='word_1_275' title='bbox 1748 4345 1817 4411; x_wconf 91' lang='lat' dir='ltr'>in</span> <span class='ocrx_word' id='word_1_276' title='bbox 1847 4363 2073 4412; x_wconf 83' lang='lat' dir='ltr'>manus</span> <span class='ocrx_word' id='word_1_277' title='bbox 2102 4341 2461 4430; x_wconf 83' lang='lat' dir='ltr'>principum</span> <span class='ocrx_word' id='word_1_278' title='bbox 2489 4342 2854 4406; x_wconf 79' lang='lat' dir='ltr'>nostrorum</span> <span class='ocrx_word' id='word_1_279' title='bbox 2880 4330 3073 4403; x_wconf 71' lang='lat' dir='ltr'>stabffi</span> 
     </span>
    </p>
   </div>
   <div class='ocr_carea' id='block_1_5' title="bbox 894 4485 2119 4633">
    <p class='ocr_par' dir='ltr' id='par_1_19' title="bbox 894 4485 2119 4633">
     <span class='ocr_line' id='line_1_35' title="bbox 894 4485 2119 4549; baseline -0.004 -12"><span class='ocrx_word' id='word_1_280' title='bbox 894 4505 934 4537; x_wconf 83' lang='lat' dir='ltr'>a.</span> <span class='ocrx_word' id='word_1_281' title='bbox 977 4485 1093 4537; x_wconf 83' lang='lat' dir='ltr'>God&#39;</span> <span class='ocrx_word' id='word_1_282' title='bbox 1119 4509 1158 4535; x_wconf 87' lang='lat' dir='ltr'>c.</span> <span class='ocrx_word' id='word_1_283' title='bbox 1284 4489 1330 4535; x_wconf 91' lang='lat' dir='ltr'>b.</span> <span class='ocrx_word' id='word_1_284' title='bbox 1370 4488 1583 4549; x_wconf 78' lang='lat' dir='ltr'>appelare</span> <span class='ocrx_word' id='word_1_285' title='bbox 1616 4505 1656 4534; x_wconf 76' lang='lat' dir='ltr'>c.</span> <span class='ocrx_word' id='word_1_286' title='bbox 1770 4500 1812 4533; x_wconf 88' lang='lat' dir='ltr'>c.</span> <span class='ocrx_word' id='word_1_287' title='bbox 1852 4489 1907 4533; x_wconf 74' lang='lat' dir='ltr'>ut</span> <span class='ocrx_word' id='word_1_288' title='bbox 1936 4486 2119 4534; x_wconf 69' lang='lat' dir='ltr'>addidi.</span> 
     </span>
     <span class='ocr_line' id='line_1_36' title="bbox 896 4573 1816 4633; baseline -0.005 -2"><span class='ocrx_word' id='word_1_289' title='bbox 896 4580 941 4631; x_wconf 91' lang='lat'>1.</span> <span class='ocrx_word' id='word_1_290' title='bbox 980 4575 1317 4633; x_wconf 76' lang='lat' dir='ltr'>Maastricht.</span> <span class='ocrx_word' id='word_1_291' title='bbox 1461 4577 1514 4629; x_wconf 82' lang='lat'>2.</span> <span class='ocrx_word' id='word_1_292' title='bbox 1550 4573 1816 4628; x_wconf 86' lang='lat' dir='ltr'>Heinrici.</span> 
     </span>
    </p>
   </div>
  </div>
 </body>
</html>
