<?xml version="1.0" encoding="UTF-8"?>
<!DOCTYPE html PUBLIC "-//W3C//DTD XHTML 1.0 Transitional//EN"
    "http://www.w3.org/TR/xhtml1/DTD/xhtml1-transitional.dtd">
<html xmlns="http://www.w3.org/1999/xhtml" xml:lang="en" lang="en">
 <head>
  <title>
</title>
<meta http-equiv="Content-Type" content="text/html;charset=utf-8" />
  <meta name='ocr-system' content='tesseract 3.04.00' />
  <meta name='ocr-capabilities' content='ocr_page ocr_carea ocr_par ocr_line ocrx_word'/>
</head>
<body>
  <div class='ocr_page' id='page_1' title='image "./monumentacorbei00corvgoog_0161.png"; bbox 0 0 3319 5242; ppageno 0'>
   <div class='ocr_carea' id='block_1_1' title="bbox 932 418 2584 486">
    <p class='ocr_par' dir='ltr' id='par_1_1' title="bbox 932 418 2584 486">
     <span class='ocr_line' id='line_1_1' title="bbox 932 418 2584 486; baseline 0.002 -4"><span class='ocrx_word' id='word_1_1' title='bbox 932 433 1231 483; x_wconf 72' lang='lat' dir='ltr'><strong>wmALm</strong></span> <span class='ocrx_word' id='word_1_2' title='bbox 1271 433 1645 483; x_wconf 69' lang='lat' dir='ltr'><strong>nrm-omn:</strong></span> <span class='ocrx_word' id='word_1_3' title='bbox 1690 433 1751 481; x_wconf 73' lang='grc' dir='ltr'><strong>το</strong></span> <span class='ocrx_word' id='word_1_4' title='bbox 1771 435 1899 482; x_wconf 69' lang='lat'><strong>-72</strong></span> <span class='ocrx_word' id='word_1_5' title='bbox 2457 418 2584 486; x_wconf 77' lang='lat'><strong>147</strong></span> 
     </span>
    </p>
   </div>
   <div class='ocr_carea' id='block_1_2' title="bbox 229 570 2587 1341">
    <p class='ocr_par' dir='ltr' id='par_1_2' title="bbox 229 570 2587 1341">
     <span class='ocr_line' id='line_1_2' title="bbox 235 570 2587 663; baseline 0.003 -26"><span class='ocrx_word' id='word_1_6' title='bbox 235 572 331 637; x_wconf 87' lang='lat' dir='ltr'><strong>sui</strong></span> <span class='ocrx_word' id='word_1_7' title='bbox 376 570 522 657; x_wconf 85' lang='lat' dir='ltr'><strong>plus</strong></span> <span class='ocrx_word' id='word_1_8' title='bbox 557 593 748 656; x_wconf 89' lang='lat' dir='ltr'><strong>quam</strong></span> <span class='ocrx_word' id='word_1_9' title='bbox 796 574 877 640; x_wconf 82' lang='lat' dir='ltr'><strong>ad</strong></span> <span class='ocrx_word' id='word_1_10' title='bbox 922 580 1175 643; x_wconf 88' lang='lat' dir='ltr'><strong>centum</strong></span> <span class='ocrx_word' id='word_1_11' title='bbox 1220 597 1473 644; x_wconf 85' lang='lat' dir='ltr'><strong>mansos</strong></span> <span class='ocrx_word' id='word_1_12' title='bbox 1518 577 1588 642; x_wconf 91' lang='lat' dir='ltr'><strong>in</strong></span> <span class='ocrx_word' id='word_1_13' title='bbox 1631 575 1931 643; x_wconf 90' lang='lat' dir='ltr'><strong>beneficio</strong></span> <span class='ocrx_word' id='word_1_14' title='bbox 1979 582 2401 663; x_wconf 76' lang='lat' dir='ltr'><strong>concesserat,</strong></span> <span class='ocrx_word' id='word_1_15' title='bbox 2448 584 2587 645; x_wconf 87' lang='lat' dir='ltr'><strong>tan-</strong></span> 
     </span>
     <span class='ocr_line' id='line_1_3' title="bbox 235 690 2585 778; baseline 0.003 -25"><span class='ocrx_word' id='word_1_16' title='bbox 235 707 423 774; x_wconf 82' lang='lat' dir='ltr'><strong>quam</strong></span> <span class='ocrx_word' id='word_1_17' title='bbox 482 690 583 755; x_wconf 86' lang='lat' dir='ltr'><strong>vir</strong></span> <span class='ocrx_word' id='word_1_18' title='bbox 638 695 964 776; x_wconf 83' lang='lat' dir='ltr'><strong>strenuus,</strong></span> <span class='ocrx_word' id='word_1_19' title='bbox 1025 691 1149 759; x_wconf 89' lang='lat' dir='ltr'><strong>Dei</strong></span> <span class='ocrx_word' id='word_1_20' title='bbox 1204 693 1513 759; x_wconf 87' lang='lat' dir='ltr'><strong>adiutorio</strong></span> <span class='ocrx_word' id='word_1_21' title='bbox 1574 697 1639 759; x_wconf 92' lang='lat' dir='ltr'><strong>et</strong></span> <span class='ocrx_word' id='word_1_22' title='bbox 1693 697 1909 759; x_wconf 88' lang='lat' dir='ltr'><strong>nostro</strong></span> <span class='ocrx_word' id='word_1_23' title='bbox 1966 693 2098 759; x_wconf 87' lang='lat' dir='ltr'><strong>fere</strong></span> <span class='ocrx_word' id='word_1_24' title='bbox 2145 694 2226 759; x_wconf 89' lang='lat' dir='ltr'><strong>ad</strong></span> <span class='ocrx_word' id='word_1_25' title='bbox 2269 695 2585 778; x_wconf 84' lang='lat' dir='ltr'><strong>integrum</strong></span> 
     </span>
     <span class='ocr_line' id='line_1_4' title="bbox 231 802 2585 894; baseline 0.002 -24"><span class='ocrx_word' id='word_1_26' title='bbox 231 802 560 890; x_wconf 74' lang='lat' dir='ltr'>recollegit</span> <span class='ocrx_word' id='word_1_27' title='bbox 588 811 651 872; x_wconf 88' lang='lat' dir='ltr'><strong>et</strong></span> <span class='ocrx_word' id='word_1_28' title='bbox 681 806 898 873; x_wconf 89' lang='lat' dir='ltr'><strong>usibus</strong></span> <span class='ocrx_word' id='word_1_29' title='bbox 930 807 1232 875; x_wconf 90' lang='lat' dir='ltr'><strong>ecclesiae</strong></span> <span class='ocrx_word' id='word_1_30' title='bbox 1262 810 1558 876; x_wconf 75' lang='lat' dir='ltr'><strong>restituit.</strong></span> <span class='ocrx_word' id='word_1_31' title='bbox 1620 806 1883 875; x_wconf 77' lang='lat' dir='ltr'><strong>Salubre</strong></span> <span class='ocrx_word' id='word_1_32' title='bbox 1916 809 2131 894; x_wconf 88' lang='lat' dir='ltr'><strong>itaque</strong></span> <span class='ocrx_word' id='word_1_33' title='bbox 2160 811 2342 877; x_wconf 88' lang='lat' dir='ltr'><strong>nobis</strong></span> <span class='ocrx_word' id='word_1_34' title='bbox 2375 831 2585 877; x_wconf 84' lang='lat' dir='ltr'><strong>exem-</strong></span> 
     </span>
     <span class='ocr_line' id='line_1_5' title="bbox 230 920 2584 1012; baseline 0.003 -26"><span class='ocrx_word' id='word_1_35' title='bbox 230 920 411 1009; x_wconf 91' lang='lat' dir='ltr'><strong>plum</strong></span> <span class='ocrx_word' id='word_1_36' title='bbox 457 927 524 988; x_wconf 91' lang='lat' dir='ltr'><strong>et</strong></span> <span class='ocrx_word' id='word_1_37' title='bbox 568 925 1115 990; x_wconf 76' lang='lat' dir='ltr'><strong>commonitorium</strong></span> <span class='ocrx_word' id='word_1_38' title='bbox 1159 926 1228 990; x_wconf 92' lang='lat' dir='ltr'><strong>in</strong></span> <span class='ocrx_word' id='word_1_39' title='bbox 1271 924 1676 1012; x_wconf 84' lang='lat' dir='ltr'><strong>protegendis</strong></span> <span class='ocrx_word' id='word_1_40' title='bbox 1722 929 1786 990; x_wconf 93' lang='lat' dir='ltr'><strong>et</strong></span> <span class='ocrx_word' id='word_1_41' title='bbox 1824 925 2197 992; x_wconf 85' lang='lat' dir='ltr'><strong>adiuvandis</strong></span> <span class='ocrx_word' id='word_1_42' title='bbox 2229 926 2307 992; x_wconf 92' lang='lat' dir='ltr'><strong>de</strong></span> <span class='ocrx_word' id='word_1_43' title='bbox 2339 931 2584 992; x_wconf 86' lang='lat' dir='ltr'><strong>caetero</strong></span> 
     </span>
     <span class='ocr_line' id='line_1_6' title="bbox 232 1036 2587 1136; baseline 0.001 -32"><span class='ocrx_word' id='word_1_44' title='bbox 232 1036 518 1136; x_wconf 82' lang='lat' dir='ltr'><strong>ecclesiis</strong></span> <span class='ocrx_word' id='word_1_45' title='bbox 562 1039 950 1125; x_wconf 79' lang='lat' dir='ltr'><strong>prestabitiS,</strong></span> <span class='ocrx_word' id='word_1_46' title='bbox 997 1041 1053 1106; x_wconf 88' lang='lat' dir='ltr'><strong>si</strong></span> <span class='ocrx_word' id='word_1_47' title='bbox 1097 1040 1351 1125; x_wconf 87' lang='lat' dir='ltr'><strong>bonum,</strong></span> <span class='ocrx_word' id='word_1_48' title='bbox 1401 1041 1567 1126; x_wconf 92' lang='lat' dir='ltr'><strong>quod</strong></span> <span class='ocrx_word' id='word_1_49' title='bbox 1592 1041 1680 1106; x_wconf 38' lang='lat' dir='ltr'><strong>fin</strong></span> <span class='ocrx_word' id='word_1_50' title='bbox 1726 1040 1946 1106; x_wconf 90' lang='lat' dir='ltr'><strong>eadem</strong></span> <span class='ocrx_word' id='word_1_51' title='bbox 1992 1041 2293 1108; x_wconf 86' lang='lat' dir='ltr'><strong>aecclesia</strong></span> <span class='ocrx_word' id='word_1_52' title='bbox 2334 1042 2415 1107; x_wconf 89' lang='lat' dir='ltr'><strong>ad</strong></span> <span class='ocrx_word' id='word_1_53' title='bbox 2451 1042 2587 1107; x_wconf 85' lang='lat' dir='ltr'><strong>lau·-</strong></span> 
     </span>
     <span class='ocr_line' id='line_1_7' title="bbox 231 1154 2586 1244; baseline 0.001 -24"><span class='ocrx_word' id='word_1_54' title='bbox 231 1154 375 1221; x_wconf 89' lang='lat' dir='ltr'><strong>dem</strong></span> <span class='ocrx_word' id='word_1_55' title='bbox 408 1154 533 1221; x_wconf 93' lang='lat' dir='ltr'><strong>Dei</strong></span> <span class='ocrx_word' id='word_1_56' title='bbox 578 1155 1032 1240; x_wconf 86' lang='lat' dir='ltr'><strong>inchoavimus,</strong></span> <span class='ocrx_word' id='word_1_57' title='bbox 1079 1157 1423 1223; x_wconf 87' lang='lat' dir='ltr'><strong>secundum</strong></span> <span class='ocrx_word' id='word_1_58' title='bbox 1466 1157 1847 1244; x_wconf 77' lang='lat' dir='ltr'><strong>peticionem</strong></span> <span class='ocrx_word' id='word_1_59' title='bbox 1891 1157 2160 1243; x_wconf 82' lang='lat' dir='ltr'><strong>predicti</strong></span> <span class='ocrx_word' id='word_1_60' title='bbox 2207 1157 2586 1224; x_wconf 85' lang='lat' dir='ltr'><strong>venerabilis</strong></span> 
     </span>
     <span class='ocr_line' id='line_1_8' title="bbox 229 1271 2492 1341; baseline 0 -3"><span class='ocrx_word' id='word_1_61' title='bbox 229 1271 483 1338; x_wconf 84' lang='lat' dir='ltr'><strong>abbatis</strong></span> <span class='ocrx_word' id='word_1_62' title='bbox 531 1272 757 1339; x_wconf 82' lang='lat' dir='ltr'><strong>stabile</strong></span> <span class='ocrx_word' id='word_1_63' title='bbox 803 1279 868 1340; x_wconf 91' lang='lat' dir='ltr'><strong>et</strong></span> <span class='ocrx_word' id='word_1_64' title='bbox 908 1271 1162 1339; x_wconf 90' lang='lat' dir='ltr'><strong>firmum</strong></span> <span class='ocrx_word' id='word_1_65' title='bbox 1208 1277 1423 1340; x_wconf 65' lang='lat' dir='ltr'><strong>vestra</strong></span> <span class='ocrx_word' id='word_1_66' title='bbox 1468 1274 1844 1341; x_wconf 86' lang='lat' dir='ltr'><strong>auctoritate</strong></span> <span class='ocrx_word' id='word_1_67' title='bbox 1887 1273 2183 1340; x_wconf 71' lang='lat' dir='ltr'><strong>feceritis,</strong></span> <span class='ocrx_word' id='word_1_68' title='bbox 2254 1273 2492 1340; x_wconf 83' lang='lat' dir='ltr'><strong>Valete.</strong></span> 
     </span>
    </p>
   </div>
   <div class='ocr_carea' id='block_1_3' title="bbox 1198 1433 1626 1445">
    <p class='ocr_par' dir='ltr' id='par_1_3' title="bbox 1198 1433 1626 1445">
     <span class='ocr_line' id='line_1_9' title="bbox 1198 1433 1626 1445; baseline 0 0"><span class='ocrx_word' id='word_1_69' title='bbox 1198 1433 1626 1445; x_wconf 95' lang='lat' dir='ltr'><strong> </strong></span> 
     </span>
    </p>
   </div>
   <div class='ocr_carea' id='block_1_4' title="bbox 236 1535 2585 1737">
    <p class='ocr_par' dir='ltr' id='par_1_4' title="bbox 236 1535 2585 1737">
     <span class='ocr_line' id='line_1_10' title="bbox 236 1535 2585 1629; baseline 0 -24"><span class='ocrx_word' id='word_1_70' title='bbox 236 1535 359 1605; x_wconf 88' lang='grc'><strong>71.</strong></span> <span class='ocrx_word' id='word_1_71' title='bbox 416 1537 841 1605; x_wconf 76' lang='lat' dir='ltr'><strong>Herimannus</strong></span> <span class='ocrx_word' id='word_1_72' title='bbox 885 1563 1084 1606; x_wconf 76' lang='lat' dir='ltr'><strong>comes</strong></span> <span class='ocrx_word' id='word_1_73' title='bbox 1138 1542 1708 1629; x_wconf 72' lang='lat' dir='ltr'><strong>Wincenburqensis</strong></span> <span class='ocrx_word' id='word_1_74' title='bbox 1746 1540 2035 1628; x_wconf 72' lang='lat' dir='ltr'><strong>Euqem&#39;o</strong></span> <span class='ocrx_word' id='word_1_75' title='bbox 2069 1540 2180 1606; x_wconf 90' lang='grc' dir='ltr'><strong>ῙΙῙ</strong></span> <span class='ocrx_word' id='word_1_76' title='bbox 2199 1564 2416 1627; x_wconf 82' lang='lat' dir='ltr'><strong>papae</strong></span> <span class='ocrx_word' id='word_1_77' title='bbox 2459 1539 2585 1606; x_wconf 72' lang='lat' dir='ltr'><strong>Wi-</strong></span> 
     </span>
     <span class='ocr_line' id='line_1_11' title="bbox 415 1654 2584 1737; baseline 0 -18"><span class='ocrx_word' id='word_1_78' title='bbox 415 1655 672 1720; x_wconf 73' lang='lat' dir='ltr'><strong>baldum</strong></span> <span class='ocrx_word' id='word_1_79' title='bbox 717 1659 1116 1723; x_wconf 78' lang='lat' dir='ltr'><strong>commendat.</strong></span> <span class='ocrx_word' id='word_1_80' title='bbox 2307 1654 2416 1736; x_wconf 80' lang='lat' dir='ltr'><strong>(M.</strong></span> <span class='ocrx_word' id='word_1_81' title='bbox 2450 1655 2584 1737; x_wconf 83' lang='lat'><strong>59.)</strong></span> 
     </span>
    </p>
   </div>
   <div class='ocr_carea' id='block_1_5' title="bbox 232 1787 2587 4087">
    <p class='ocr_par' dir='ltr' id='par_1_5' title="bbox 233 1787 2585 2109">
     <span class='ocr_line' id='line_1_12' title="bbox 414 1787 2585 1876; baseline 0 -22"><span class='ocrx_word' id='word_1_82' title='bbox 414 1787 829 1855; x_wconf 88' lang='lat' dir='ltr'><strong>Sanctissimo</strong></span> <span class='ocrx_word' id='word_1_83' title='bbox 875 1790 1046 1876; x_wconf 87' lang='lat' dir='ltr'><strong>patri</strong></span> <span class='ocrx_word' id='word_1_84' title='bbox 1093 1809 1165 1855; x_wconf 94' lang='lat' dir='ltr'><strong>ac</strong></span> <span class='ocrx_word' id='word_1_85' title='bbox 1209 1789 1463 1856; x_wconf 89' lang='lat' dir='ltr'><strong>domino</strong></span> <span class='ocrx_word' id='word_1_86' title='bbox 1506 1811 1618 1856; x_wconf 92' lang='lat' dir='ltr'><strong>suo</strong></span> <span class='ocrx_word' id='word_1_87' title='bbox 1649 1788 1933 1874; x_wconf 87' lang='lat' dir='ltr'><strong>Eugenio</strong></span> <span class='ocrx_word' id='word_1_88' title='bbox 1982 1794 2237 1856; x_wconf 89' lang='lat' dir='ltr'><strong>sanctae</strong></span> <span class='ocrx_word' id='word_1_89' title='bbox 2266 1788 2585 1855; x_wconf 86' lang='lat' dir='ltr'><strong>Romanae</strong></span> 
     </span>
     <span class='ocr_line' id='line_1_13' title="bbox 233 1903 2584 1992; baseline 0 -22"><span class='ocrx_word' id='word_1_90' title='bbox 233 1903 576 1971; x_wconf 78' lang='lat' dir='ltr'><strong>aecclesiae</strong></span> <span class='ocrx_word' id='word_1_91' title='bbox 623 1926 868 1971; x_wconf 88' lang='lat' dir='ltr'><strong>summo</strong></span> <span class='ocrx_word' id='word_1_92' title='bbox 914 1904 1197 1992; x_wconf 90' lang='lat' dir='ltr'><strong>pontifici</strong></span> <span class='ocrx_word' id='word_1_93' title='bbox 1243 1904 1667 1973; x_wconf 89' lang='lat' dir='ltr'><strong>Herimannus</strong></span> <span class='ocrx_word' id='word_1_94' title='bbox 1727 1926 1934 1971; x_wconf 89' lang='lat' dir='ltr'><strong>comes</strong></span> <span class='ocrx_word' id='word_1_95' title='bbox 1992 1905 2070 1971; x_wconf 89' lang='lat' dir='ltr'><strong>de</strong></span> <span class='ocrx_word' id='word_1_96' title='bbox 2103 1904 2584 1989; x_wconf 77' lang='lat' dir='ltr'><strong>wincenburch,</strong></span> 
     </span>
     <span class='ocr_line' id='line_1_14' title="bbox 234 2021 2583 2109; baseline -0 -22"><span class='ocrx_word' id='word_1_97' title='bbox 234 2021 579 2088; x_wconf 86' lang='lat' dir='ltr'><strong>advocatus</strong></span> <span class='ocrx_word' id='word_1_98' title='bbox 612 2021 910 2089; x_wconf 90' lang='lat' dir='ltr'><strong>ecclesiae</strong></span> <span class='ocrx_word' id='word_1_99' title='bbox 942 2021 1361 2106; x_wconf 75' lang='lat' dir='ltr'><strong>CorbeiensiS,</strong></span> <span class='ocrx_word' id='word_1_100' title='bbox 1405 2021 1688 2109; x_wconf 89' lang='lat' dir='ltr'><strong>obsequii</strong></span> <span class='ocrx_word' id='word_1_101' title='bbox 1719 2022 1818 2088; x_wconf 88' lang='lat' dir='ltr'><strong>sui</strong></span> <span class='ocrx_word' id='word_1_102' title='bbox 1847 2022 2137 2087; x_wconf 89' lang='lat' dir='ltr'><strong>intimam</strong></span> <span class='ocrx_word' id='word_1_103' title='bbox 2169 2021 2583 2087; x_wconf 85' lang='lat' dir='ltr'><strong>devotionem.</strong></span> 
     </span>
    </p>

    <p class='ocr_par' dir='ltr' id='par_1_6' title="bbox 232 2137 2587 4087">
     <span class='ocr_line' id='line_1_15' title="bbox 412 2137 2587 2225; baseline -0.001 -21"><span class='ocrx_word' id='word_1_104' title='bbox 412 2137 963 2222; x_wconf 84' lang='lat' dir='ltr'><strong>Commendamus,</strong></span> <span class='ocrx_word' id='word_1_105' title='bbox 1010 2138 1365 2205; x_wconf 86' lang='lat' dir='ltr'><strong>venerande</strong></span> <span class='ocrx_word' id='word_1_106' title='bbox 1395 2144 1598 2225; x_wconf 89' lang='lat' dir='ltr'><strong>pater,</strong></span> <span class='ocrx_word' id='word_1_107' title='bbox 1632 2138 1954 2205; x_wconf 83' lang='lat' dir='ltr'><strong>sanctitati</strong></span> <span class='ocrx_word' id='word_1_108' title='bbox 1984 2143 2231 2203; x_wconf 85' lang='lat' dir='ltr'><strong>vestrae</strong></span> <span class='ocrx_word' id='word_1_109' title='bbox 2264 2137 2587 2203; x_wconf 92' lang='lat' dir='ltr'><strong>dominum</strong></span> 
     </span>
     <span class='ocr_line' id='line_1_16' title="bbox 232 2252 2584 2338; baseline -0.001 -17"><span class='ocrx_word' id='word_1_110' title='bbox 232 2274 448 2321; x_wconf 90' lang='lat' dir='ltr'><strong>meum</strong></span> <span class='ocrx_word' id='word_1_111' title='bbox 475 2254 888 2321; x_wconf 87' lang='lat' dir='ltr'><strong>karissimum</strong></span> <span class='ocrx_word' id='word_1_112' title='bbox 917 2252 1298 2338; x_wconf 87' lang='lat' dir='ltr'><strong>Wibaldum,</strong></span> <span class='ocrx_word' id='word_1_113' title='bbox 1342 2253 1766 2321; x_wconf 86' lang='lat' dir='ltr'><strong>venerabilem</strong></span> <span class='ocrx_word' id='word_1_114' title='bbox 1797 2253 2238 2320; x_wconf 85' lang='lat' dir='ltr'><strong>Corbeiensem</strong></span> <span class='ocrx_word' id='word_1_115' title='bbox 2272 2252 2584 2337; x_wconf 87' lang='lat' dir='ltr'><strong>abbatem,</strong></span> 
     </span>
     <span class='ocr_line' id='line_1_17' title="bbox 232 2370 2586 2457; baseline -0.002 -19"><span class='ocrx_word' id='word_1_116' title='bbox 232 2371 445 2438; x_wconf 83' lang='lat' dir='ltr'><strong>virum</strong></span> <span class='ocrx_word' id='word_1_117' title='bbox 489 2372 709 2456; x_wconf 91' lang='lat' dir='ltr'><strong>utique</strong></span> <span class='ocrx_word' id='word_1_118' title='bbox 754 2370 1119 2455; x_wconf 87' lang='lat' dir='ltr'><strong>religiosum</strong></span> <span class='ocrx_word' id='word_1_119' title='bbox 1165 2375 1229 2438; x_wconf 94' lang='lat' dir='ltr'><strong>et</strong></span> <span class='ocrx_word' id='word_1_120' title='bbox 1272 2370 1341 2436; x_wconf 91' lang='lat' dir='ltr'><strong>in</strong></span> <span class='ocrx_word' id='word_1_121' title='bbox 1386 2371 1557 2437; x_wconf 92' lang='lat' dir='ltr'><strong>omni</strong></span> <span class='ocrx_word' id='word_1_122' title='bbox 1603 2370 1773 2457; x_wconf 89' lang='lat' dir='ltr'><strong>apud</strong></span> <span class='ocrx_word' id='word_1_123' title='bbox 1817 2391 1933 2436; x_wconf 91' lang='lat' dir='ltr'><strong>nos</strong></span> <span class='ocrx_word' id='word_1_124' title='bbox 1973 2370 2300 2436; x_wconf 90' lang='lat' dir='ltr'><strong>honestate</strong></span> <span class='ocrx_word' id='word_1_125' title='bbox 2333 2389 2405 2434; x_wconf 87' lang='lat' dir='ltr'><strong>ac</strong></span> <span class='ocrx_word' id='word_1_126' title='bbox 2434 2390 2586 2455; x_wconf 89' lang='lat' dir='ltr'><strong>pru-</strong></span> 
     </span>
     <span class='ocr_line' id='line_1_18' title="bbox 234 2485 2585 2575; baseline -0.001 -21"><span class='ocrx_word' id='word_1_127' title='bbox 234 2487 454 2554; x_wconf 87' lang='lat' dir='ltr'><strong>dentia</strong></span> <span class='ocrx_word' id='word_1_128' title='bbox 508 2493 880 2575; x_wconf 87' lang='lat' dir='ltr'><strong>spectatum.</strong></span> <span class='ocrx_word' id='word_1_129' title='bbox 960 2487 1487 2555; x_wconf 89' lang='lat' dir='ltr'><strong>Commendamus</strong></span> <span class='ocrx_word' id='word_1_130' title='bbox 1542 2487 1721 2553; x_wconf 85' lang='lat' dir='ltr'><strong>vobis</strong></span> <span class='ocrx_word' id='word_1_131' title='bbox 1774 2485 2054 2570; x_wconf 88' lang='lat' dir='ltr'><strong>labores,</strong></span> <span class='ocrx_word' id='word_1_132' title='bbox 2120 2507 2275 2571; x_wconf 91' lang='lat' dir='ltr'><strong>quos</strong></span> <span class='ocrx_word' id='word_1_133' title='bbox 2333 2486 2402 2551; x_wconf 93' lang='lat' dir='ltr'><strong>in</strong></span> <span class='ocrx_word' id='word_1_134' title='bbox 2448 2499 2585 2552; x_wconf 85' lang='lat' dir='ltr'><strong>aec-</strong></span> 
     </span>
     <span class='ocr_line' id='line_1_19' title="bbox 233 2601 2585 2693; baseline -0.001 -21"><span class='ocrx_word' id='word_1_135' title='bbox 233 2604 428 2672; x_wconf 84' lang='lat' dir='ltr'><strong>clesia</strong></span> <span class='ocrx_word' id='word_1_136' title='bbox 472 2602 840 2672; x_wconf 88' lang='lat' dir='ltr'><strong>Corbeiensi</strong></span> <span class='ocrx_word' id='word_1_137' title='bbox 896 2604 935 2672; x_wconf 71' lang='lat' dir='ltr'><strong>a</strong></span> <span class='ocrx_word' id='word_1_138' title='bbox 978 2604 1079 2672; x_wconf 90' lang='lat' dir='ltr'><strong>die</strong></span> <span class='ocrx_word' id='word_1_139' title='bbox 1135 2604 1550 2693; x_wconf 89' lang='lat' dir='ltr'><strong>promotionis</strong></span> <span class='ocrx_word' id='word_1_140' title='bbox 1605 2625 1757 2670; x_wconf 88' lang='lat' dir='ltr'><strong>suae</strong></span> <span class='ocrx_word' id='word_1_141' title='bbox 1801 2601 2072 2670; x_wconf 89' lang='lat' dir='ltr'><strong>fideliter</strong></span> <span class='ocrx_word' id='word_1_142' title='bbox 2116 2608 2180 2670; x_wconf 91' lang='lat' dir='ltr'><strong>et</strong></span> <span class='ocrx_word' id='word_1_143' title='bbox 2224 2601 2585 2687; x_wconf 85' lang='lat' dir='ltr'><strong>infatigabi-</strong></span> 
     </span>
     <span class='ocr_line' id='line_1_20' title="bbox 232 2719 2585 2804; baseline -0.001 -17"><span class='ocrx_word' id='word_1_144' title='bbox 232 2720 375 2788; x_wconf 86' lang='lat' dir='ltr'><strong>liter</strong></span> <span class='ocrx_word' id='word_1_145' title='bbox 447 2722 752 2788; x_wconf 88' lang='lat' dir='ltr'><strong>sustinuit</strong></span> <span class='ocrx_word' id='word_1_146' title='bbox 812 2728 951 2788; x_wconf 85' lang='lat' dir='ltr'><strong>tum</strong></span> <span class='ocrx_word' id='word_1_147' title='bbox 1014 2722 1083 2788; x_wconf 92' lang='lat' dir='ltr'><strong>in</strong></span> <span class='ocrx_word' id='word_1_148' title='bbox 1146 2722 1549 2788; x_wconf 86' lang='lat' dir='ltr'><strong>reformanda</strong></span> <span class='ocrx_word' id='word_1_149' title='bbox 1603 2721 1820 2786; x_wconf 85' lang='lat' dir='ltr'><strong>divina</strong></span> <span class='ocrx_word' id='word_1_150' title='bbox 1879 2719 2183 2804; x_wconf 85' lang='lat' dir='ltr'><strong>religione</strong></span> <span class='ocrx_word' id='word_1_151' title='bbox 2235 2720 2305 2785; x_wconf 90' lang='lat' dir='ltr'><strong>in</strong></span> <span class='ocrx_word' id='word_1_152' title='bbox 2365 2719 2585 2785; x_wconf 91' lang='lat' dir='ltr'><strong>eodem</strong></span> 
     </span>
     <span class='ocr_line' id='line_1_21' title="bbox 233 2834 2582 2925; baseline -0.002 -21"><span class='ocrx_word' id='word_1_153' title='bbox 233 2839 619 2905; x_wconf 87' lang='lat' dir='ltr'><strong>monasterio</strong></span> <span class='ocrx_word' id='word_1_154' title='bbox 667 2844 731 2905; x_wconf 91' lang='lat' dir='ltr'><strong>et</strong></span> <span class='ocrx_word' id='word_1_155' title='bbox 772 2839 840 2905; x_wconf 91' lang='lat' dir='ltr'><strong>in</strong></span> <span class='ocrx_word' id='word_1_156' title='bbox 885 2837 1322 2923; x_wconf 87' lang='lat' dir='ltr'><strong>recolligendis</strong></span> <span class='ocrx_word' id='word_1_157' title='bbox 1368 2834 1869 2925; x_wconf 87' lang='lat' dir='ltr'><strong>possessionibus</strong></span> <span class='ocrx_word' id='word_1_158' title='bbox 1912 2837 2113 2923; x_wconf 89' lang='lat' dir='ltr'><strong>ipsius</strong></span> <span class='ocrx_word' id='word_1_159' title='bbox 2172 2841 2309 2901; x_wconf 93' lang='lat' dir='ltr'><strong>tum</strong></span> <span class='ocrx_word' id='word_1_160' title='bbox 2364 2835 2432 2900; x_wconf 89' lang='lat' dir='ltr'><strong>in</strong></span> <span class='ocrx_word' id='word_1_161' title='bbox 2476 2835 2582 2921; x_wconf 90' lang='lat' dir='ltr'><strong>pio</strong></span> 
     </span>
     <span class='ocr_line' id='line_1_22' title="bbox 236 2951 2582 3039; baseline -0.003 -18"><span class='ocrx_word' id='word_1_162' title='bbox 236 2960 296 3021; x_wconf 85' lang='lat' dir='ltr'><strong>et</strong></span> <span class='ocrx_word' id='word_1_163' title='bbox 347 2953 659 3021; x_wconf 86' lang='lat' dir='ltr'><strong>laudabili</strong></span> <span class='ocrx_word' id='word_1_164' title='bbox 716 2955 955 3039; x_wconf 90' lang='lat' dir='ltr'><strong>studi0,</strong></span> <span class='ocrx_word' id='word_1_165' title='bbox 1015 2975 1137 3039; x_wconf 91' lang='lat' dir='ltr'><strong>quo</strong></span> <span class='ocrx_word' id='word_1_166' title='bbox 1183 2955 1252 3021; x_wconf 90' lang='lat' dir='ltr'><strong>in</strong></span> <span class='ocrx_word' id='word_1_167' title='bbox 1299 2954 1539 3020; x_wconf 90' lang='lat' dir='ltr'><strong>duobus</strong></span> <span class='ocrx_word' id='word_1_168' title='bbox 1585 2953 2019 3036; x_wconf 78' lang='lat' dir='ltr'><strong>monasteriiS,</strong></span> <span class='ocrx_word' id='word_1_169' title='bbox 2079 2951 2418 3017; x_wconf 87' lang='lat' dir='ltr'><strong>Kaminata</strong></span> <span class='ocrx_word' id='word_1_170' title='bbox 2463 2951 2582 3015; x_wconf 92' lang='lat' dir='ltr'><strong>sci-</strong></span> 
     </span>
     <span class='ocr_line' id='line_1_23' title="bbox 232 3067 2582 3156; baseline -0.002 -20"><span class='ocrx_word' id='word_1_171' title='bbox 232 3070 379 3139; x_wconf 87' lang='lat' dir='ltr'><strong>licet</strong></span> <span class='ocrx_word' id='word_1_172' title='bbox 427 3077 493 3137; x_wconf 90' lang='lat' dir='ltr'><strong>et</strong></span> <span class='ocrx_word' id='word_1_173' title='bbox 524 3069 806 3155; x_wconf 88' lang='lat' dir='ltr'><strong>Visbick,</strong></span> <span class='ocrx_word' id='word_1_174' title='bbox 861 3092 1021 3156; x_wconf 91' lang='lat' dir='ltr'><strong>quae</strong></span> <span class='ocrx_word' id='word_1_175' title='bbox 1068 3091 1108 3137; x_wconf 86' lang='lat' dir='ltr'><strong>a</strong></span> <span class='ocrx_word' id='word_1_176' title='bbox 1150 3070 1403 3137; x_wconf 89' lang='lat' dir='ltr'><strong>domino</strong></span> <span class='ocrx_word' id='word_1_177' title='bbox 1450 3090 1590 3136; x_wconf 89' lang='lat' dir='ltr'><strong>meo</strong></span> <span class='ocrx_word' id='word_1_178' title='bbox 1637 3089 1786 3153; x_wconf 87' lang='lat' dir='ltr'><strong>rege</strong></span> <span class='ocrx_word' id='word_1_179' title='bbox 1832 3068 2094 3154; x_wconf 87' lang='lat' dir='ltr'><strong>accepit,</strong></span> <span class='ocrx_word' id='word_1_180' title='bbox 2142 3067 2420 3133; x_wconf 88' lang='lat' dir='ltr'><strong>studiose</strong></span> <span class='ocrx_word' id='word_1_181' title='bbox 2465 3087 2582 3153; x_wconf 88' lang='lat' dir='ltr'><strong>pro</strong></span> 
     </span>
     <span class='ocr_line' id='line_1_24' title="bbox 236 3181 2583 3274; baseline -0.003 -20"><span class='ocrx_word' id='word_1_182' title='bbox 236 3187 591 3274; x_wconf 85' lang='lat' dir='ltr'><strong>reparanda</strong></span> <span class='ocrx_word' id='word_1_183' title='bbox 646 3188 715 3252; x_wconf 91' lang='lat' dir='ltr'><strong>in</strong></span> <span class='ocrx_word' id='word_1_184' title='bbox 772 3187 861 3253; x_wconf 90' lang='lat' dir='ltr'><strong>eis</strong></span> <span class='ocrx_word' id='word_1_185' title='bbox 918 3187 1135 3254; x_wconf 84' lang='lat' dir='ltr'><strong>divina</strong></span> <span class='ocrx_word' id='word_1_186' title='bbox 1189 3186 1492 3272; x_wconf 85' lang='lat' dir='ltr'><strong>religione</strong></span> <span class='ocrx_word' id='word_1_187' title='bbox 1536 3184 1868 3252; x_wconf 81' lang='lat' dir='ltr'><strong>laboravit.</strong></span> <span class='ocrx_word' id='word_1_188' title='bbox 1945 3183 2149 3250; x_wconf 91' lang='lat' dir='ltr'><strong>Huius</strong></span> <span class='ocrx_word' id='word_1_189' title='bbox 2197 3183 2364 3250; x_wconf 92' lang='lat' dir='ltr'><strong>enim</strong></span> <span class='ocrx_word' id='word_1_190' title='bbox 2408 3181 2583 3248; x_wconf 86' lang='lat' dir='ltr'><strong>labo-</strong></span> 
     </span>
     <span class='ocr_line' id='line_1_25' title="bbox 235 3298 2581 3386; baseline -0.003 -16"><span class='ocrx_word' id='word_1_191' title='bbox 235 3304 465 3370; x_wconf 82' lang='lat' dir='ltr'><strong>ratoris</strong></span> <span class='ocrx_word' id='word_1_192' title='bbox 522 3303 591 3369; x_wconf 89' lang='lat' dir='ltr'><strong>in</strong></span> <span class='ocrx_word' id='word_1_193' title='bbox 635 3309 808 3370; x_wconf 82' lang='lat' dir='ltr'><strong>terra</strong></span> <span class='ocrx_word' id='word_1_194' title='bbox 851 3309 1070 3370; x_wconf 82' lang='lat' dir='ltr'><strong>nostra</strong></span> <span class='ocrx_word' id='word_1_195' title='bbox 1112 3303 1383 3370; x_wconf 87' lang='lat' dir='ltr'><strong>multum</strong></span> <span class='ocrx_word' id='word_1_196' title='bbox 1429 3302 1848 3386; x_wconf 82' lang='lat' dir='ltr'><strong>indiguimuS,</strong></span> <span class='ocrx_word' id='word_1_197' title='bbox 1906 3300 2181 3366; x_wconf 81' lang='lat' dir='ltr'><strong>maxime</strong></span> <span class='ocrx_word' id='word_1_198' title='bbox 2226 3299 2294 3366; x_wconf 92' lang='lat' dir='ltr'><strong>in</strong></span> <span class='ocrx_word' id='word_1_199' title='bbox 2340 3298 2581 3365; x_wconf 90' lang='lat' dir='ltr'><strong>duobus</strong></span> 
     </span>
     <span class='ocr_line' id='line_1_26' title="bbox 236 3415 2583 3506; baseline -0.002 -21"><span class='ocrx_word' id='word_1_200' title='bbox 236 3419 656 3504; x_wconf 85' lang='lat' dir='ltr'><strong>monasteriis,</strong></span> <span class='ocrx_word' id='word_1_201' title='bbox 703 3419 813 3486; x_wconf 90' lang='lat' dir='ltr'><strong>ubi</strong></span> <span class='ocrx_word' id='word_1_202' title='bbox 858 3419 1130 3486; x_wconf 91' lang='lat' dir='ltr'><strong>multum</strong></span> <span class='ocrx_word' id='word_1_203' title='bbox 1175 3420 1392 3486; x_wconf 85' lang='lat' dir='ltr'><strong>divina</strong></span> <span class='ocrx_word' id='word_1_204' title='bbox 1435 3418 1656 3502; x_wconf 82' lang='lat' dir='ltr'><strong>religio</strong></span> <span class='ocrx_word' id='word_1_205' title='bbox 1689 3417 2066 3506; x_wconf 87' lang='lat' dir='ltr'><strong>deperierat,</strong></span> <span class='ocrx_word' id='word_1_206' title='bbox 2113 3436 2304 3502; x_wconf 88' lang='lat' dir='ltr'><strong>quam</strong></span> <span class='ocrx_word' id='word_1_207' title='bbox 2332 3415 2432 3482; x_wconf 82' lang='lat' dir='ltr'><strong>vir</strong></span> <span class='ocrx_word' id='word_1_208' title='bbox 2461 3415 2583 3481; x_wconf 89' lang='lat' dir='ltr'><strong>iste</strong></span> 
     </span>
     <span class='ocr_line' id='line_1_27' title="bbox 236 3531 2583 3623; baseline -0.003 -21"><span class='ocrx_word' id='word_1_209' title='bbox 236 3537 577 3623; x_wconf 88' lang='lat' dir='ltr'><strong>prudenter</strong></span> <span class='ocrx_word' id='word_1_210' title='bbox 635 3540 700 3602; x_wconf 91' lang='lat' dir='ltr'><strong>et</strong></span> <span class='ocrx_word' id='word_1_211' title='bbox 753 3535 1011 3602; x_wconf 88' lang='lat' dir='ltr'><strong>honeste</strong></span> <span class='ocrx_word' id='word_1_212' title='bbox 1067 3535 1410 3602; x_wconf 86' lang='lat' dir='ltr'><strong>reformare</strong></span> <span class='ocrx_word' id='word_1_213' title='bbox 1466 3534 1732 3601; x_wconf 86' lang='lat' dir='ltr'><strong>laborat.</strong></span> <span class='ocrx_word' id='word_1_214' title='bbox 1812 3533 2130 3617; x_wconf 86' lang='lat' dir='ltr'><strong>Rogamus</strong></span> <span class='ocrx_word' id='word_1_215' title='bbox 2184 3552 2331 3616; x_wconf 87' lang='lat' dir='ltr'><strong>ergo</strong></span> <span class='ocrx_word' id='word_1_216' title='bbox 2379 3531 2583 3597; x_wconf 80' lang='lat' dir='ltr'><strong>excel-</strong></span> 
     </span>
     <span class='ocr_line' id='line_1_28' title="bbox 236 3647 2581 3737; baseline -0.002 -20"><span class='ocrx_word' id='word_1_217' title='bbox 236 3651 497 3719; x_wconf 86' lang='lat' dir='ltr'><strong>lentiam</strong></span> <span class='ocrx_word' id='word_1_218' title='bbox 534 3657 835 3735; x_wconf 80' lang='lat' dir='ltr'><strong>vestram,</strong></span> <span class='ocrx_word' id='word_1_219' title='bbox 882 3652 1176 3737; x_wconf 91' lang='lat' dir='ltr'><strong>quatinus</strong></span> <span class='ocrx_word' id='word_1_220' title='bbox 1207 3651 1550 3718; x_wconf 88' lang='lat' dir='ltr'><strong>secundum</strong></span> <span class='ocrx_word' id='word_1_221' title='bbox 1579 3650 1958 3737; x_wconf 89' lang='lat' dir='ltr'><strong>peticionem</strong></span> <span class='ocrx_word' id='word_1_222' title='bbox 1991 3648 2230 3715; x_wconf 89' lang='lat' dir='ltr'><strong>domini</strong></span> <span class='ocrx_word' id='word_1_223' title='bbox 2258 3647 2386 3714; x_wconf 90' lang='lat' dir='ltr'><strong>mei</strong></span> <span class='ocrx_word' id='word_1_224' title='bbox 2414 3648 2581 3731; x_wconf 88' lang='lat' dir='ltr'><strong>regis</strong></span> 
     </span>
     <span class='ocr_line' id='line_1_29' title="bbox 236 3764 2581 3850; baseline -0.002 -17"><span class='ocrx_word' id='word_1_225' title='bbox 236 3767 393 3835; x_wconf 89' lang='lat' dir='ltr'><strong>hanc</strong></span> <span class='ocrx_word' id='word_1_226' title='bbox 438 3768 845 3835; x_wconf 88' lang='lat' dir='ltr'><strong>donationem</strong></span> <span class='ocrx_word' id='word_1_227' title='bbox 893 3768 1027 3834; x_wconf 89' lang='lat' dir='ltr'><strong>eius</strong></span> <span class='ocrx_word' id='word_1_228' title='bbox 1070 3774 1286 3834; x_wconf 81' lang='lat' dir='ltr'><strong>vestra</strong></span> <span class='ocrx_word' id='word_1_229' title='bbox 1331 3767 1706 3834; x_wconf 87' lang='lat' dir='ltr'><strong>auctoritate</strong></span> <span class='ocrx_word' id='word_1_230' title='bbox 1752 3764 2155 3849; x_wconf 88' lang='lat' dir='ltr'><strong>confirmetis,</strong></span> <span class='ocrx_word' id='word_1_231' title='bbox 2204 3769 2267 3830; x_wconf 92' lang='lat' dir='ltr'><strong>et</strong></span> <span class='ocrx_word' id='word_1_232' title='bbox 2299 3765 2369 3829; x_wconf 91' lang='lat' dir='ltr'><strong>in</strong></span> <span class='ocrx_word' id='word_1_233' title='bbox 2398 3785 2581 3850; x_wconf 89' lang='lat' dir='ltr'><strong>repa-</strong></span> 
     </span>
     <span class='ocr_line' id='line_1_30' title="bbox 238 3880 2582 3951; baseline -0.002 -1"><span class='ocrx_word' id='word_1_234' title='bbox 238 3885 434 3951; x_wconf 87' lang='lat' dir='ltr'><strong>randa</strong></span> <span class='ocrx_word' id='word_1_235' title='bbox 489 3884 707 3951; x_wconf 83' lang='lat' dir='ltr'><strong>divina</strong></span> <span class='ocrx_word' id='word_1_236' title='bbox 761 3885 1063 3951; x_wconf 82' lang='lat' dir='ltr'><strong>servitute</strong></span> <span class='ocrx_word' id='word_1_237' title='bbox 1121 3884 1444 3950; x_wconf 89' lang='lat' dir='ltr'><strong>dominum</strong></span> <span class='ocrx_word' id='word_1_238' title='bbox 1488 3903 1703 3950; x_wconf 89' lang='lat' dir='ltr'><strong>meum</strong></span> <span class='ocrx_word' id='word_1_239' title='bbox 1749 3881 2042 3949; x_wconf 86' lang='lat' dir='ltr'><strong>abbatem</strong></span> <span class='ocrx_word' id='word_1_240' title='bbox 2086 3880 2426 3948; x_wconf 91' lang='lat' dir='ltr'><strong>clementer</strong></span> <span class='ocrx_word' id='word_1_241' title='bbox 2473 3881 2582 3946; x_wconf 88' lang='lat' dir='ltr'><strong>ad-</strong></span> 
     </span>
     <span class='ocr_line' id='line_1_31' title="bbox 241 3997 2504 4087; baseline -0.003 -19"><span class='ocrx_word' id='word_1_242' title='bbox 241 3999 485 4085; x_wconf 50' lang='lat' dir='ltr'><strong>iuvetiffi</strong></span> <span class='ocrx_word' id='word_1_243' title='bbox 530 4000 837 4087; x_wconf 88' lang='lat' dir='ltr'><strong>nobisque</strong></span> <span class='ocrx_word' id='word_1_244' title='bbox 882 3999 1241 4087; x_wconf 85' lang='lat' dir='ltr'><strong>exemplum</strong></span> <span class='ocrx_word' id='word_1_245' title='bbox 1287 4000 1356 4066; x_wconf 90' lang='lat' dir='ltr'><strong>in</strong></span> <span class='ocrx_word' id='word_1_246' title='bbox 1402 3998 1776 4066; x_wconf 85' lang='lat' dir='ltr'><strong>adiuvandis</strong></span> <span class='ocrx_word' id='word_1_247' title='bbox 1825 3997 2144 4065; x_wconf 87' lang='lat' dir='ltr'><strong>aecclesiis</strong></span> <span class='ocrx_word' id='word_1_248' title='bbox 2190 3997 2504 4084; x_wconf 90' lang='lat' dir='ltr'><strong>prestetis.</strong></span> 
     </span>
    </p>
   </div>
   <div class='ocr_carea' id='block_1_6' title="bbox 1196 4157 1621 4167">
    <p class='ocr_par' dir='ltr' id='par_1_7' title="bbox 1196 4157 1621 4167">
     <span class='ocr_line' id='line_1_32' title="bbox 1196 4157 1621 4167; baseline 0 0"><span class='ocrx_word' id='word_1_249' title='bbox 1196 4157 1621 4167; x_wconf 95' lang='lat' dir='ltr'><strong> </strong></span> 
     </span>
    </p>
   </div>
   <div class='ocr_carea' id='block_1_7' title="bbox 249 4270 2579 4469">
    <p class='ocr_par' dir='ltr' id='par_1_8' title="bbox 249 4270 2579 4469">
     <span class='ocr_line' id='line_1_33' title="bbox 249 4270 2579 4364; baseline -0.002 -23"><span class='ocrx_word' id='word_1_250' title='bbox 249 4270 362 4343; x_wconf 79' lang='lat'><strong>72.</strong></span> <span class='ocrx_word' id='word_1_251' title='bbox 412 4276 491 4344; x_wconf 89' lang='lat' dir='ltr'><strong>H.</strong></span> <span class='ocrx_word' id='word_1_252' title='bbox 528 4280 719 4344; x_wconf 77' lang='lat' dir='ltr'><strong>abbas</strong></span> <span class='ocrx_word' id='word_1_253' title='bbox 752 4276 1284 4364; x_wconf 67' lang='lat' dir='ltr'><strong>Fleclzthovpensis</strong></span> <span class='ocrx_word' id='word_1_254' title='bbox 1316 4276 1604 4364; x_wconf 74' lang='lat' dir='ltr'><strong>Euqenio</strong></span> <span class='ocrx_word' id='word_1_255' title='bbox 1636 4275 1751 4343; x_wconf 85' lang='lat' dir='ltr'><strong>IH</strong></span> <span class='ocrx_word' id='word_1_256' title='bbox 1770 4299 1988 4364; x_wconf 76' lang='lat' dir='ltr'><strong>papae</strong></span> <span class='ocrx_word' id='word_1_257' title='bbox 2022 4274 2372 4340; x_wconf 79' lang='lat' dir='ltr'><strong>Wibaldum</strong></span> <span class='ocrx_word' id='word_1_258' title='bbox 2417 4297 2579 4338; x_wconf 82' lang='lat' dir='ltr'><strong>eom·</strong></span> 
     </span>
     <span class='ocr_line' id='line_1_34' title="bbox 411 4383 2578 4469; baseline -0.003 -11"><span class='ocrx_word' id='word_1_259' title='bbox 411 4395 676 4459; x_wconf 75' lang='lat' dir='ltr'><strong>mendat.</strong></span> <span class='ocrx_word' id='word_1_260' title='bbox 972 4458 975 4459; x_wconf 9' lang='grc' dir='ltr'><em>γ</em></span> <span class='ocrx_word' id='word_1_261' title='bbox 2297 4383 2405 4466; x_wconf 90' lang='grc' dir='ltr'><strong>(Μ.</strong></span> <span class='ocrx_word' id='word_1_262' title='bbox 2446 4387 2578 4469; x_wconf 87' lang='grc'><strong>60.)</strong></span> 
     </span>
    </p>
   </div>
   <div class='ocr_carea' id='block_1_8' title="bbox 416 4518 2583 4689">
    <p class='ocr_par' dir='ltr' id='par_1_9' title="bbox 416 4518 2583 4689">
     <span class='ocr_line' id='line_1_35' title="bbox 416 4518 2583 4612; baseline -0.003 -20"><span class='ocrx_word' id='word_1_263' title='bbox 416 4524 823 4593; x_wconf 87' lang='lat' dir='ltr'><strong>Sanctissimo</strong></span> <span class='ocrx_word' id='word_1_264' title='bbox 882 4525 1054 4612; x_wconf 84' lang='lat' dir='ltr'><strong>patri</strong></span> <span class='ocrx_word' id='word_1_265' title='bbox 1099 4544 1172 4591; x_wconf 87' lang='lat' dir='ltr'><strong>ac</strong></span> <span class='ocrx_word' id='word_1_266' title='bbox 1217 4524 1469 4593; x_wconf 89' lang='lat' dir='ltr'><strong>domino</strong></span> <span class='ocrx_word' id='word_1_267' title='bbox 1515 4544 1629 4593; x_wconf 89' lang='lat' dir='ltr'><strong>suo</strong></span> <span class='ocrx_word' id='word_1_268' title='bbox 1676 4523 1964 4608; x_wconf 88' lang='lat' dir='ltr'><strong>Eugenio</strong></span> <span class='ocrx_word' id='word_1_269' title='bbox 2010 4540 2255 4590; x_wconf 90' lang='lat' dir='ltr'><strong>summo</strong></span> <span class='ocrx_word' id='word_1_270' title='bbox 2299 4518 2583 4606; x_wconf 89' lang='lat' dir='ltr'><strong>pontifici</strong></span> 
     </span>
     <span class='ocr_line' id='line_1_36' title="bbox 2041 4632 2156 4689; baseline 0 0"><span class='ocrx_word' id='word_1_271' title='bbox 2041 4632 2156 4689; x_wconf 74' lang='lat'><strong>10*</strong></span> 
     </span>
    </p>
   </div>
   <div class='ocr_carea' id='block_1_9' title="bbox 2622 583 2797 705">
    <p class='ocr_par' dir='ltr' id='par_1_10' title="bbox 2622 583 2797 705">
     <span class='ocr_line' id='line_1_37' title="bbox 2643 583 2780 640; baseline 0 -2"><span class='ocrx_word' id='word_1_272' title='bbox 2643 583 2780 640; x_wconf 79' lang='lat'><strong>1147</strong></span> 
     </span>
     <span class='ocr_line' id='line_1_38' title="bbox 2622 658 2797 705; baseline -0.006 0"><span class='ocrx_word' id='word_1_273' title='bbox 2622 672 2661 705; x_wconf 87' lang='lat' dir='ltr'><strong>c.</strong></span> <span class='ocrx_word' id='word_1_274' title='bbox 2688 658 2797 705; x_wconf 85' lang='lat' dir='ltr'><strong>1)ec.</strong></span> 
     </span>
    </p>
   </div>
   <div class='ocr_carea' id='block_1_10' title="bbox 2622 1797 2800 1918">
    <p class='ocr_par' dir='ltr' id='par_1_11' title="bbox 2622 1797 2800 1918">
     <span class='ocr_line' id='line_1_39' title="bbox 2643 1797 2780 1852; baseline 0.007 -1"><span class='ocrx_word' id='word_1_275' title='bbox 2643 1797 2780 1852; x_wconf 79' lang='lat'>1147</span> 
     </span>
     <span class='ocr_line' id='line_1_40' title="bbox 2622 1870 2800 1918; baseline 0 -1"><span class='ocrx_word' id='word_1_276' title='bbox 2622 1870 2800 1918; x_wconf 62' lang='lat' dir='ltr'><strong>c.Dem</strong></span> 
     </span>
    </p>
   </div>
   <div class='ocr_carea' id='block_1_11' title="bbox 2636 4526 2774 4582">
    <p class='ocr_par' dir='ltr' id='par_1_12' title="bbox 2636 4526 2774 4582">
     <span class='ocr_line' id='line_1_41' title="bbox 2636 4526 2774 4582; baseline -0.007 0"><span class='ocrx_word' id='word_1_277' title='bbox 2636 4526 2774 4582; x_wconf 78' lang='lat'>1147</span> 
     </span>
    </p>
   </div>
   <div class='ocr_carea' id='block_1_12' title="bbox 2617 4600 2793 4648">
    <p class='ocr_par' dir='ltr' id='par_1_13' title="bbox 2617 4600 2793 4648">
     <span class='ocr_line' id='line_1_42' title="bbox 2617 4600 2793 4648; baseline -0.006 0"><span class='ocrx_word' id='word_1_278' title='bbox 2617 4600 2793 4648; x_wconf 59' lang='lat' dir='ltr'><strong>c.Dma</strong></span> 
     </span>
    </p>
   </div>
  </div>
 </body>
</html>
