3319 5242
710 401 839 468 100
1409 418 1708 467 wmsnm
1750 417 2123 468 nrm-onan
2167 418 2242 464 19.
2274 415 2350 464 20.

370 565 685 621 1131—1151
703 558 989 644 ficentia,
1037 561 1204 646 quod
1249 562 1315 628 in
1360 566 1699 648 conspectu
1741 565 1992 627 vestrae
2036 560 2363 644 dignitatis
2408 563 2663 625 nostrae
2709 557 3045 625 audemus·

704 677 1109 743 manifestare
1153 677 1478 745 schedulas
1526 677 1921 762 exiguitatis3
1978 697 2198 743 verum
2242 695 2359 742 nec
2403 675 2780 742 temeritatis
2828 693 3047 760 super·

703 792 848 859 cilio
915 792 981 859 id
1035 793 1273 860 factum
1331 794 1649 861 existimet
1704 798 1953 860 vestrae
2008 792 2264 880 pietatis
2323 811 2460 857 esse
2514 790 2815 874 dignatio.
2908 789 3047 855 Non

703 928 851 993 ergo
904 908 1024 975 hoc
1082 910 1150 975 in
1206 931 1395 997 opere
1413 906 1429 936 ¹
1472 910 1827 977 luculentae
1870 908 2272 975 verbositatis
2327 907 2710 990 investigare
2755 911 3048 972 ornatum

703 1028 891 1110 atque
955 1026 1455 1093 animadvertere
1521 1026 1601 1092 ab
1667 1026 1962 1112 imperito
2020 1023 2230 1091 velitis
2292 1022 2564 1108 qualiter
2631 1021 3045 1106 enucleatum,

700 1141 956 1207 verumb
1012 1162 1138 1227 qua
1203 1143 1288 1209 sit
1351 1142 1647 1229 respicite
1705 1142 2053 1208 intentione
2107 1138 2444 1226 prolatum.
2538 1137 2626 1204 Ut
2678 1140 2876 1222 igitur
2931 1139 3047 1205 hoc

698 1263 979 1324 vestrae⁰
1013 1259 1497 1325 examinationis
1539 1257 1869 1324 roboretur
1898 1257 2150 1339 iudicio,
2197 1255 2275 1321 de
2304 1259 2552 1321 vestrae
2581 1254 3048 1340 magnificentia

699 1372 1014 1441 confidens
1066 1375 1326 1461 pietatis
1345 1423 1364 1457 ,
1420 1374 1648 1440 vestris
1696 1372 2015 1439 obtutibus
2061 1376 2495 1458 repraesentO,
2554 1391 2678 1456 quo
2723 1373 2938 1455 vigeat
2980 1373 3045 1437 in

699 1489 907 1575 aliquo
936 1491 1155 1575 vestri,
1205 1490 1260 1557 si
1288 1489 1599 1577 displicet,
1648 1490 1897 1556 arbitrii
1926 1489 2260 1576 correptio,
2291 1492 2681 1580 vestraeque,
2728 1488 2786 1554 si
2812 1487 3041 1575 placet,

695 1605 1026 1674 roboretur
1073 1606 1646 1673 adminiculationis
1692 1606 1963 1674 decreto.

698 1922 822 1994 20.
882 1926 1199 1993 Wzbazdus
1245 1927 1621 1994 Theoderico
1670 1929 1880 1993 abbati
1927 1901 2412 1992 walciodorensi
2455 1925 2533 1990 de
2575 1928 2700 1989 aaa
2746 1935 2806 1989 et
2847 1926 3044 1990 mira-

878 2042 1031 2107 culis
1061 2044 1115 2108 b.
1141 2042 1514 2108 Forannam'
1539 2045 1661 2108 sibi
1684 2044 1885 2107 missis
1916 2065 2054 2107 oum
2085 2064 2334 2106 assensu
2362 2041 2691 2127 respondet
2701 2038 2743 2105 ἀ.
2814 2037 2925 2120 (Μ.
2954 2038 3046 2118 6.)

358 2191 673 2248 1131-1151
870 2180 1095 2248 Frater
1138 2181 1466 2249 Wiboldus
1529 2182 1652 2249 Dei
1719 2183 1926 2266 gratia
1993 2181 2382 2248 Stabulensis
2452 2181 2751 2248 ecclesiae
2820 2200 3048 2247 servus

696 2296 923 2364 domno
963 2297 1346 2366 Theoderico
1392 2298 1739 2365 venerabili
1771 2296 2299 2365 walciodorensis
2345 2297 2643 2366 ecclesiae
2684 2293 2936 2364 abbati'
2984 2302 3052 2365 et

694 2413 1036 2480 reverendo
1094 2415 1363 2480 fratrum
1419 2415 1788 2498 conventui,
1849 2414 2079 2480 divinis
2135 2435 2385 2502 semper
2438 2413 2769 2500 invigilare
2814 2414 3050 2480 studiis

695 2532 759 2595 et
802 2530 1064 2615 provehi
1106 2531 1491 2598 muneribus.

872 2644 1124 2713 Gratias
1155 2648 1419 2732 agimus,
1468 2647 1880 2731 dilectissimi,
1912 2647 2253 2715 conditoris
2284 2647 2566 2713 omnium
2592 2647 3052 2715 inaestimabili

693 2762 954 2846 gratiae,
1003 2763 1110 2848 qui
1154 2763 1530 2831 universalis
1579 2762 1877 2840 ecclesiae
1924 2783 2074 2830 suae
2118 2762 2605 2849 pulcritudinem
2649 2765 2839 2831 certis
2881 2769 3050 2831 tem-

693 2878 952 2964 poribus
990 2880 1150 2946 miro
1183 2881 1402 2946 ordine
1431 2880 1680 2964 magnis
1712 2880 2092 2964 auctoribus,
2134 2880 2271 2965 ipse
2300 2880 2500 2946 idem⁶
2527 2899 2728 2946 novus
2759 2900 3049 2966 semper-

694 3014 814 3079 que
829 2993 847 3030 ‘
892 2996 1206 3081 perfectus
1254 2996 1514 3080 artifeX,
1570 2995 1985 3063 condecorare
2030 3016 2155 3062 non
2203 2995 2466 3078 desinit,
2513 3001 2584 3061 ut
2625 3016 3049 3083 unaquaeque

692 3129 807 3196 per
853 3111 1069 3179 orbem
1115 3112 1408 3197 ecclesia,
1463 3132 1622 3198 quae
1669 3112 1862 3178 maris
1908 3111 2107 3178 undas
2151 3111 2469 3177 interdum
2514 3111 2785 3197 patitur,
2831 3112 3047 3180 litoris

691 3231 903 3294 tamen
934 3226 1233 3296 firmitate
1265 3228 1603 3315 aliquando
1628 3227 1918 3313 gaudeat,
1952 3226 2276 3314 discipulis
2306 3227 2374 3293 in
2402 3226 2694 3294 navicula
2714 3227 3048 3295 Christum

694 3341 1107 3410 dormientem
1138 3344 1558 3411 excitantibus
1592 3349 1656 3410 et
1686 3342 1935 3411 Christo
1965 3342 2256 3410 fiuctibus
2286 3343 2656 3430 imperante.
2716 3343 3045 3412 Christum

692 3459 939 3544 utique,
994 3460 1253 3543 fratrea,
1312 3464 1376 3525 et
1428 3479 1539 3525 vos
1600 3460 1943 3546 apostolico
2001 3459 2288 3545 exemplo
2344 3460 2415 3525 in
2470 3464 2682 3527 vestra
2745 3460 3047 3528 navicula

695 3572 986 3641 excitatis
999 3625 1018 3660 ,
1074 3575 1228 3641 dum
1270 3576 1501 3642 vestris
1514 3624 1534 3659 ,
1576 3572 1821 3661 'quibus
1869 3575 2132 3643 ecclesia
2173 3580 2388 3643 vestra
2429 3577 2671 3660 regitur
2684 3625 2704 3660 ,
2748 3578 3043 3662 patronis

692 3688 992 3757 honorem
1041 3696 1104 3757 et
1149 3691 1544 3757 devotionem
1590 3691 1921 3775 exhibetis,
1966 3691 2119 3757 dum
2164 3710 2257 3775 ea,
2305 3712 2466 3777 quae
2502 3693 2571 3758 in
2599 3693 2689 3760 eis
2718 3693 2857 3779 ipse
2887 3713 3043 3780 ope-

692 3811 872 3872 ratur
926 3806 1260 3891 miracula,
1328 3807 1411 3873 ad
1466 3805 1810 3874 multorum
1869 3807 2161 3874 notitiam
2217 3813 2280 3874 et
2339 3806 2834 3875 aedificationem
2891 3829 3043 3896 per-

692 3921 922 3988 ducere
977 3923 1364 3990 desideratis.
1549 3922 1906 4012 Scripsistis
1950 3924 2131 3990 nobis
2175 3943 2291 4010 per
2334 3924 2595 3991 fratrem
2638 3930 2927 3991 nostrum
2977 3932 3046 3994 et

821 4094 863 4127 a.
895 4082 1140 4141 audeamus
1174 4085 1217 4130 1.
1317 4083 1364 4129 b.
1395 4097 1552 4129 verum
1589 4106 1639 4115 -
1676 4083 1902 4143 prolatum
1932 4083 2139 4129 on.1.3.
2242 4096 2282 4129 c.
2314 4085 2494 4131 vestrae
2525 4101 2610 4132 om.
2637 4086 2680 4131 1.
2706 4085 2751 4131 Β.
2845 4084 2892 4131 d.
2923 4086 3044 4133 Edu·-

696 4161 850 4208 denmt
879 4163 922 4207 1.
956 4165 1162 4236 Murteae
1193 4172 1236 4209 ee
1254 4164 1464 4218 Durand,
1503 4165 1547 4209 2.
1578 4163 1810 4209 mabillon
1842 4165 1961 4209 Acta
1985 4164 2067 4211 SS.
2090 4180 2211 4209 saec.
2233 4163 2286 4209 V.
2308 4162 2416 4220 587,
2448 4165 2491 4210 8.
2513 4164 2778 4224 papebroch
2800 4167 2920 4211 Acta
2953 4168 3043 4215 SS.

693 4244 805 4300 Apr.
835 4244 884 4288 T.
901 4243 988 4288 111.
1018 4242 1124 4298 807,
1157 4243 1201 4290 4.
1232 4243 1467 4300 D’Acbery
1496 4243 1657 4299 spicil.
1679 4244 1744 4289 11.
1766 4242 1870 4287 708.
1997 4256 2037 4288 e.
2069 4259 2153 4287 om.
2180 4244 2224 4287 2.
2348 4241 2381 4288 f.
2415 4256 2594 4303 semper
2623 4246 2669 4288 et
2698 4245 2743 4290 2.
2775 4244 2822 4291 3.

838 4335 888 4389 1.
934 4334 1065 4391 Vita
1107 4336 1164 4392 b.
1197 4335 1508 4392 Foraunani
1554 4334 1639 4391 ed.
1673 4335 1934 4393 Mabillon
1979 4336 2126 4392 Acta
2159 4335 2258 4392 88.
2292 4352 2438 4393 saec.
2464 4338 2534 4394 V.
2565 4338 2695 4406 588,
2741 4337 2894 4394 Acta
2935 4338 3041 4398 88.

455 4423 479 4460 N
692 4422 835 4480 Boll.
860 4423 997 4493 Apr.
1035 4425 1099 4480 T.
1127 4425 1225 4480 111.
1263 4425 1389 4481 814.
1530 4424 1584 4478 2.
1633 4439 1797 4495 quem
1833 4430 1931 4482 aut
1965 4429 2203 4483 exeunte
2238 4418 2289 4482 a.
2317 4427 2450 4484 1151
2489 4430 2587 4483 aut
2619 4425 2780 4484 initio
2814 4443 2864 4485 a.
2894 4429 3042 4485 1152

693 4511 899 4569 obiisse
935 4516 1170 4569 constat.
