<?xml version="1.0" encoding="UTF-8"?>
<!DOCTYPE html PUBLIC "-//W3C//DTD XHTML 1.0 Transitional//EN"
    "http://www.w3.org/TR/xhtml1/DTD/xhtml1-transitional.dtd">
<html xmlns="http://www.w3.org/1999/xhtml" xml:lang="en" lang="en">
 <head>
  <title>
</title>
<meta http-equiv="Content-Type" content="text/html;charset=utf-8" />
  <meta name='ocr-system' content='tesseract 3.04.00' />
  <meta name='ocr-capabilities' content='ocr_page ocr_carea ocr_par ocr_line ocrx_word'/>
</head>
<body>
  <div class='ocr_page' id='page_1' title='image "./monumentacorbei00corvgoog_0525.png"; bbox 0 0 3319 5242; ppageno 0'>
   <div class='ocr_carea' id='block_1_1' title="bbox 656 429 693 452">
    <p class='ocr_par' dir='ltr' id='par_1_1' title="bbox 656 429 693 452">
     <span class='ocr_line' id='line_1_1' title="bbox 656 429 693 452; baseline 0 -8"><span class='ocrx_word' id='word_1_1' title='bbox 656 429 693 452; x_wconf 54' lang='lat' dir='ltr'>q</span> 
     </span>
    </p>
   </div>
   <div class='ocr_carea' id='block_1_2' title="bbox 919 477 2589 545">
    <p class='ocr_par' dir='ltr' id='par_1_2' title="bbox 919 477 2589 545">
     <span class='ocr_line' id='line_1_2' title="bbox 919 477 2589 545; baseline 0.005 -8"><span class='ocrx_word' id='word_1_2' title='bbox 919 489 1216 539; x_wconf 67' lang='lat' dir='ltr'>wmALm</span> <span class='ocrx_word' id='word_1_3' title='bbox 1258 490 1632 541; x_wconf 67' lang='lat' dir='ltr'>anemonas</span> <span class='ocrx_word' id='word_1_4' title='bbox 1676 490 1783 540; x_wconf 72' lang='lat' dir='ltr'>eea.</span> <span class='ocrx_word' id='word_1_5' title='bbox 1818 491 1926 540; x_wconf 77' lang='lat'>384.</span> <span class='ocrx_word' id='word_1_6' title='bbox 2456 477 2589 545; x_wconf 84' lang='lat'>515</span> 
     </span>
    </p>
   </div>
   <div class='ocr_carea' id='block_1_3' title="bbox 266 626 2770 1882">
    <p class='ocr_par' dir='ltr' id='par_1_3' title="bbox 266 626 2770 1747">
     <span class='ocr_line' id='line_1_3' title="bbox 430 626 2764 722; baseline 0 -27"><span class='ocrx_word' id='word_1_7' title='bbox 430 626 577 695; x_wconf 87' lang='lat' dir='ltr'>Dux</span> <span class='ocrx_word' id='word_1_8' title='bbox 603 628 918 697; x_wconf 85' lang='lat' dir='ltr'>Bertolfus</span> <span class='ocrx_word' id='word_1_9' title='bbox 962 629 1218 700; x_wconf 88' lang='lat' dir='ltr'>habebit</span> <span class='ocrx_word' id='word_1_10' title='bbox 1259 653 1404 700; x_wconf 87' lang='lat' dir='ltr'>cum</span> <span class='ocrx_word' id='word_1_11' title='bbox 1448 633 1676 700; x_wconf 92' lang='lat' dir='ltr'>domno</span> <span class='ocrx_word' id='word_1_12' title='bbox 1709 653 1858 717; x_wconf 85' lang='lat' dir='ltr'>rege</span> <span class='ocrx_word' id='word_1_13' title='bbox 1885 632 2062 700; x_wconf 92' lang='lat' dir='ltr'>mille</span> <span class='ocrx_word' id='word_1_14' title='bbox 2089 634 2383 703; x_wconf 89' lang='lat' dir='ltr'>loricatos</span> <span class='ocrx_word' id='word_1_15' title='bbox 2415 638 2764 762; x_wconf 79' lang='lat' dir='ltr'>equi-1152</span> 
     </span>
     <span class='ocr_line' id='line_1_4' title="bbox 277 718 2770 830; baseline 0.006 -19"><span class='ocrx_word' id='word_1_16' title='bbox 277 748 377 828; x_wconf 80' lang='lat' dir='ltr'>tes,</span> <span class='ocrx_word' id='word_1_17' title='bbox 418 744 716 830; x_wconf 79' lang='lat' dir='ltr'><strong>quamdiu</strong></span> <span class='ocrx_word' id='word_1_18' title='bbox 759 746 1025 814; x_wconf 88' lang='lat' dir='ltr'>domnus</span> <span class='ocrx_word' id='word_1_19' title='bbox 1069 768 1184 815; x_wconf 87' lang='lat' dir='ltr'>rex</span> <span class='ocrx_word' id='word_1_20' title='bbox 1226 749 1296 815; x_wconf 93' lang='lat' dir='ltr'>in</span> <span class='ocrx_word' id='word_1_21' title='bbox 1341 749 1577 818; x_wconf 89' lang='lat' dir='ltr'>eisdem</span> <span class='ocrx_word' id='word_1_22' title='bbox 1619 750 1809 816; x_wconf 85' lang='lat' dir='ltr'>terris</span> <span class='ocrx_word' id='word_1_23' title='bbox 1850 750 2061 817; x_wconf 85' lang='lat' dir='ltr'>fuerit.</span> <span class='ocrx_word' id='word_1_24' title='bbox 2207 751 2282 818; x_wconf 91' lang='lat' dir='ltr'>In</span> <span class='ocrx_word' id='word_1_25' title='bbox 2309 751 2593 820; x_wconf 79' lang='lat' dir='ltr'>Italicam</span> <span class='ocrx_word' id='word_1_26' title='bbox 2624 718 2749 824; x_wconf 51' lang='lat' dir='ltr'><strong>1unf⁰</strong></span> <span class='ocrx_word' id='word_1_27' title='bbox 2743 779 2770 824; x_wconf 92' lang='lat'>1</span> 
     </span>
     <span class='ocr_line' id='line_1_5' title="bbox 278 860 2592 955; baseline 0.003 -27"><span class='ocrx_word' id='word_1_28' title='bbox 278 860 720 947; x_wconf 74' lang='lat' dir='ltr'>expeditionem</span> <span class='ocrx_word' id='word_1_29' title='bbox 763 863 950 930; x_wconf 89' lang='lat' dir='ltr'>ducet</span> <span class='ocrx_word' id='word_1_30' title='bbox 992 883 1137 931; x_wconf 91' lang='lat' dir='ltr'>cum</span> <span class='ocrx_word' id='word_1_31' title='bbox 1185 865 1412 931; x_wconf 90' lang='lat' dir='ltr'>domno</span> <span class='ocrx_word' id='word_1_32' title='bbox 1459 886 1635 951; x_wconf 85' lang='lat' dir='ltr'>rege,</span> <span class='ocrx_word' id='word_1_33' title='bbox 1695 865 1995 951; x_wconf 83' lang='lat' dir='ltr'><strong>quamdiu</strong></span> <span class='ocrx_word' id='word_1_34' title='bbox 2037 866 2104 932; x_wconf 91' lang='lat' dir='ltr'>in</span> <span class='ocrx_word' id='word_1_35' title='bbox 2148 867 2292 953; x_wconf 89' lang='lat' dir='ltr'>ipsa</span> <span class='ocrx_word' id='word_1_36' title='bbox 2335 867 2592 955; x_wconf 86' lang='lat' dir='ltr'>expedi-</span> 
     </span>
     <span class='ocr_line' id='line_1_6' title="bbox 275 976 2594 1068; baseline 0.004 -26"><span class='ocrx_word' id='word_1_37' title='bbox 275 977 428 1043; x_wconf 84' lang='lat' dir='ltr'>tione</span> <span class='ocrx_word' id='word_1_38' title='bbox 466 976 677 1063; x_wconf 77' lang='lat' dir='ltr'>fuerit,</span> <span class='ocrx_word' id='word_1_39' title='bbox 723 980 1097 1064; x_wconf 82' lang='lat' dir='ltr'>quingentos</span> <span class='ocrx_word' id='word_1_40' title='bbox 1140 979 1434 1048; x_wconf 87' lang='lat' dir='ltr'>loricatos</span> <span class='ocrx_word' id='word_1_41' title='bbox 1481 982 1723 1068; x_wconf 79' lang='lat' dir='ltr'>equites</span> <span class='ocrx_word' id='word_1_42' title='bbox 1757 986 1823 1048; x_wconf 90' lang='lat' dir='ltr'>et</span> <span class='ocrx_word' id='word_1_43' title='bbox 1855 982 2309 1068; x_wconf 81' lang='lat' dir='ltr'>quinquaginta</span> <span class='ocrx_word' id='word_1_44' title='bbox 2337 984 2594 1052; x_wconf 87' lang='lat' dir='ltr'>arcoba-</span> 
     </span>
     <span class='ocr_line' id='line_1_7' title="bbox 272 1090 2596 1181; baseline 0.003 -23"><span class='ocrx_word' id='word_1_45' title='bbox 272 1090 546 1159; x_wconf 85' lang='lat' dir='ltr'>listarios.</span> <span class='ocrx_word' id='word_1_46' title='bbox 725 1094 812 1161; x_wconf 89' lang='lat' dir='ltr'>Et</span> <span class='ocrx_word' id='word_1_47' title='bbox 865 1095 1032 1181; x_wconf 90' lang='lat' dir='ltr'>quod</span> <span class='ocrx_word' id='word_1_48' title='bbox 1085 1096 1217 1162; x_wconf 84' lang='lat' dir='ltr'>dux</span> <span class='ocrx_word' id='word_1_49' title='bbox 1270 1096 1427 1164; x_wconf 88' lang='lat' dir='ltr'>haec</span> <span class='ocrx_word' id='word_1_50' title='bbox 1482 1099 1697 1165; x_wconf 88' lang='lat' dir='ltr'>omnia</span> <span class='ocrx_word' id='word_1_51' title='bbox 1751 1098 2109 1166; x_wconf 80' lang='lat' dir='ltr'>observabit</span> <span class='ocrx_word' id='word_1_52' title='bbox 2159 1099 2296 1166; x_wconf 90' lang='lat' dir='ltr'>sine</span> <span class='ocrx_word' id='word_1_53' title='bbox 2342 1099 2485 1166; x_wconf 91' lang='lat' dir='ltr'>dolo</span> <span class='ocrx_word' id='word_1_54' title='bbox 2532 1104 2596 1166; x_wconf 90' lang='lat' dir='ltr'>et</span> 
     </span>
     <span class='ocr_line' id='line_1_8' title="bbox 272 1208 2594 1302; baseline 0.003 -27"><span class='ocrx_word' id='word_1_55' title='bbox 272 1208 395 1275; x_wconf 86' lang='lat' dir='ltr'>sine</span> <span class='ocrx_word' id='word_1_56' title='bbox 427 1209 668 1295; x_wconf 86' lang='lat' dir='ltr'>fraude,</span> <span class='ocrx_word' id='word_1_57' title='bbox 714 1210 891 1278; x_wconf 90' lang='lat' dir='ltr'>dabit</span> <span class='ocrx_word' id='word_1_58' title='bbox 920 1211 1150 1278; x_wconf 91' lang='lat' dir='ltr'>domno</span> <span class='ocrx_word' id='word_1_59' title='bbox 1180 1214 1316 1297; x_wconf 84' lang='lat' dir='ltr'>regi</span> <span class='ocrx_word' id='word_1_60' title='bbox 1344 1214 1413 1279; x_wconf 90' lang='lat' dir='ltr'>in</span> <span class='ocrx_word' id='word_1_61' title='bbox 1440 1214 1705 1302; x_wconf 83' lang='lat' dir='ltr'>pignore</span> <span class='ocrx_word' id='word_1_62' title='bbox 1735 1213 2033 1280; x_wconf 88' lang='lat' dir='ltr'>allodium</span> <span class='ocrx_word' id='word_1_63' title='bbox 2064 1234 2269 1299; x_wconf 90' lang='lat' dir='ltr'>suum,</span> <span class='ocrx_word' id='word_1_64' title='bbox 2315 1220 2594 1282; x_wconf 77' lang='lat' dir='ltr'>castrum</span> 
     </span>
     <span class='ocr_line' id='line_1_9' title="bbox 270 1322 2595 1417; baseline 0.003 -26"><span class='ocrx_word' id='word_1_65' title='bbox 270 1324 495 1392; x_wconf 80' lang='lat' dir='ltr'>scilicet</span> <span class='ocrx_word' id='word_1_66' title='bbox 522 1324 804 1393; x_wconf 90' lang='lat' dir='ltr'>Thecche</span> <span class='ocrx_word' id='word_1_67' title='bbox 820 1322 837 1354; x_wconf 88' lang='lat'><strong>¹</strong></span> <span class='ocrx_word' id='word_1_68' title='bbox 881 1347 1026 1394; x_wconf 90' lang='lat' dir='ltr'>cum</span> <span class='ocrx_word' id='word_1_69' title='bbox 1071 1329 1358 1395; x_wconf 91' lang='lat' dir='ltr'>omnibus</span> <span class='ocrx_word' id='word_1_70' title='bbox 1402 1329 1922 1397; x_wconf 81' lang='lat' dir='ltr'>ministerialibus</span> <span class='ocrx_word' id='word_1_71' title='bbox 1968 1334 2032 1397; x_wconf 88' lang='lat' dir='ltr'>et</span> <span class='ocrx_word' id='word_1_72' title='bbox 2074 1330 2312 1417; x_wconf 87' lang='lat' dir='ltr'>prediis</span> <span class='ocrx_word' id='word_1_73' title='bbox 2357 1331 2595 1398; x_wconf 91' lang='lat' dir='ltr'>ibidem</span> 
     </span>
     <span class='ocr_line' id='line_1_10' title="bbox 267 1439 2595 1529; baseline 0.003 -22"><span class='ocrx_word' id='word_1_74' title='bbox 267 1442 743 1529; x_wconf 71' lang='lat' dir='ltr'>pertinentibus,</span> <span class='ocrx_word' id='word_1_75' title='bbox 798 1442 1136 1528; x_wconf 83' lang='lat' dir='ltr'>Hetlingen</span> <span class='ocrx_word' id='word_1_76' title='bbox 1148 1439 1191 1528; x_wconf 82' lang='lat'>²,</span> <span class='ocrx_word' id='word_1_77' title='bbox 1249 1440 1623 1529; x_wconf 83' lang='lat' dir='ltr'>Williggeu⁸</span> <span class='ocrx_word' id='word_1_78' title='bbox 1675 1453 1743 1512; x_wconf 90' lang='lat' dir='ltr'>et</span> <span class='ocrx_word' id='word_1_79' title='bbox 1781 1445 2035 1513; x_wconf 90' lang='lat' dir='ltr'>Erstein</span> <span class='ocrx_word' id='word_1_80' title='bbox 2049 1441 2072 1474; x_wconf 85' lang='lat'><strong>⁴</strong></span> <span class='ocrx_word' id='word_1_81' title='bbox 2115 1465 2257 1512; x_wconf 93' lang='lat' dir='ltr'>cum</span> <span class='ocrx_word' id='word_1_82' title='bbox 2305 1447 2595 1514; x_wconf 89' lang='lat' dir='ltr'>omnibus</span> 
     </span>
     <span class='ocr_line' id='line_1_11' title="bbox 269 1559 2597 1648; baseline 0.002 -23"><span class='ocrx_word' id='word_1_83' title='bbox 269 1577 470 1625; x_wconf 91' lang='lat' dir='ltr'>eorum</span> <span class='ocrx_word' id='word_1_84' title='bbox 513 1559 929 1645; x_wconf 83' lang='lat' dir='ltr'>pertinentiis.</span> <span class='ocrx_word' id='word_1_85' title='bbox 1106 1559 1194 1626; x_wconf 91' lang='lat' dir='ltr'>Et</span> <span class='ocrx_word' id='word_1_86' title='bbox 1237 1562 1404 1646; x_wconf 92' lang='lat' dir='ltr'>quod</span> <span class='ocrx_word' id='word_1_87' title='bbox 1447 1562 1578 1628; x_wconf 85' lang='lat' dir='ltr'>dux</span> <span class='ocrx_word' id='word_1_88' title='bbox 1621 1561 1778 1629; x_wconf 90' lang='lat' dir='ltr'>haec</span> <span class='ocrx_word' id='word_1_89' title='bbox 1821 1564 2033 1630; x_wconf 91' lang='lat' dir='ltr'>omnia</span> <span class='ocrx_word' id='word_1_90' title='bbox 2076 1563 2453 1648; x_wconf 81' lang='lat' dir='ltr'>observabit,</span> <span class='ocrx_word' id='word_1_91' title='bbox 2498 1564 2597 1629; x_wconf 92' lang='lat' dir='ltr'>iu-</span> 
     </span>
     <span class='ocr_line' id='line_1_12' title="bbox 266 1673 2024 1747; baseline 0.003 -5"><span class='ocrx_word' id='word_1_92' title='bbox 266 1678 557 1742; x_wconf 83' lang='lat' dir='ltr'>raverunt</span> <span class='ocrx_word' id='word_1_93' title='bbox 598 1673 885 1741; x_wconf 89' lang='lat' dir='ltr'>homines</span> <span class='ocrx_word' id='word_1_94' title='bbox 930 1676 1030 1742; x_wconf 89' lang='lat' dir='ltr'>sui</span> <span class='ocrx_word' id='word_1_95' title='bbox 1072 1674 1471 1743; x_wconf 87' lang='lat' dir='ltr'>Burchardus</span> <span class='ocrx_word' id='word_1_96' title='bbox 1515 1682 1581 1744; x_wconf 91' lang='lat' dir='ltr'>et</span> <span class='ocrx_word' id='word_1_97' title='bbox 1623 1677 2024 1747; x_wconf 80' lang='lat' dir='ltr'>wernherus.</span> 
     </span>
    </p>

    <p class='ocr_par' dir='ltr' id='par_1_4' title="bbox 431 1788 2598 1882">
     <span class='ocr_line' id='line_1_13' title="bbox 431 1788 2598 1882; baseline 0.003 -27"><span class='ocrx_word' id='word_1_98' title='bbox 431 1788 716 1856; x_wconf 89' lang='lat' dir='ltr'>Domnus</span> <span class='ocrx_word' id='word_1_99' title='bbox 774 1796 986 1858; x_wconf 89' lang='lat' dir='ltr'>autem</span> <span class='ocrx_word' id='word_1_100' title='bbox 1038 1812 1154 1860; x_wconf 90' lang='lat' dir='ltr'>rex</span> <span class='ocrx_word' id='word_1_101' title='bbox 1209 1793 1679 1880; x_wconf 87' lang='lat' dir='ltr'>expeditionem</span> <span class='ocrx_word' id='word_1_102' title='bbox 1731 1795 1801 1861; x_wconf 92' lang='lat' dir='ltr'>in</span> <span class='ocrx_word' id='word_1_103' title='bbox 1852 1796 2169 1882; x_wconf 89' lang='lat' dir='ltr'>predictas</span> <span class='ocrx_word' id='word_1_104' title='bbox 2214 1801 2417 1862; x_wconf 88' lang='lat' dir='ltr'>terras</span> <span class='ocrx_word' id='word_1_105' title='bbox 2462 1814 2598 1861; x_wconf 89' lang='lat' dir='ltr'>mo-</span> 
     </span>
    </p>
   </div>
   <div class='ocr_carea' id='block_1_4' title="bbox 262 1905 2597 2089">
    <p class='ocr_par' dir='ltr' id='par_1_5' title="bbox 262 1905 2597 2089">
     <span class='ocr_line' id='line_1_14' title="bbox 263 1905 2597 2017; baseline 0.003 -45"><span class='ocrx_word' id='word_1_106' title='bbox 263 1905 429 1973; x_wconf 89' lang='lat' dir='ltr'>vebit</span> <span class='ocrx_word' id='word_1_107' title='bbox 481 1926 522 1972; x_wconf 89' lang='lat' dir='ltr'>a</span> <span class='ocrx_word' id='word_1_108' title='bbox 574 1907 883 1993; x_wconf 87' lang='lat' dir='ltr'>proximis</span> <span class='ocrx_word' id='word_1_109' title='bbox 940 1906 1240 2017; x_wconf 89' lang='lat' dir='ltr'>Kalendis</span> <span class='ocrx_word' id='word_1_110' title='bbox 1294 1909 1459 1976; x_wconf 90' lang='lat' dir='ltr'>Iunii</span> <span class='ocrx_word' id='word_1_111' title='bbox 1472 1959 1491 1994; x_wconf 93' lang='lat'>,</span> <span class='ocrx_word' id='word_1_112' title='bbox 1553 1930 1717 1996; x_wconf 89' lang='lat' dir='ltr'>quae</span> <span class='ocrx_word' id='word_1_113' title='bbox 1773 1916 1923 1978; x_wconf 90' lang='lat' dir='ltr'>sunt</span> <span class='ocrx_word' id='word_1_114' title='bbox 1973 1913 2043 1978; x_wconf 92' lang='lat' dir='ltr'>in</span> <span class='ocrx_word' id='word_1_115' title='bbox 2100 1911 2444 1978; x_wconf 73' lang='lat' dir='ltr'>indictione</span> <span class='ocrx_word' id='word_1_116' title='bbox 2494 1911 2597 1995; x_wconf 97' lang='grc'>15,</span> 
     </span>
     <span class='ocr_line' id='line_1_15' title="bbox 262 2019 755 2089; baseline 0.002 -1"><span class='ocrx_word' id='word_1_117' title='bbox 262 2022 424 2089; x_wconf 72' lang='lat' dir='ltr'>infra</span> <span class='ocrx_word' id='word_1_118' title='bbox 466 2019 755 2089; x_wconf 87' lang='lat' dir='ltr'>annum‘.</span> 
     </span>
    </p>
   </div>
   <div class='ocr_carea' id='block_1_5' title="bbox 1214 2114 1636 2126">
    <p class='ocr_par' dir='ltr' id='par_1_6' title="bbox 1214 2114 1636 2126">
     <span class='ocr_line' id='line_1_16' title="bbox 1214 2114 1636 2126; baseline 0 0"><span class='ocrx_word' id='word_1_119' title='bbox 1214 2114 1636 2126; x_wconf 95' lang='lat' dir='ltr'> </span> 
     </span>
    </p>
   </div>
   <div class='ocr_carea' id='block_1_6' title="bbox 265 2277 2604 2487">
    <p class='ocr_par' dir='ltr' id='par_1_7' title="bbox 265 2277 2604 2487">
     <span class='ocr_line' id='line_1_17' title="bbox 265 2277 2604 2370; baseline -0.002 -19"><span class='ocrx_word' id='word_1_120' title='bbox 265 2277 439 2351; x_wconf 85' lang='lat'>384.</span> <span class='ocrx_word' id='word_1_121' title='bbox 476 2280 792 2347; x_wconf 65' lang='lat' dir='ltr'>wibaldus</span> <span class='ocrx_word' id='word_1_122' title='bbox 847 2304 985 2346; x_wconf 76' lang='lat' dir='ltr'>oum</span> <span class='ocrx_word' id='word_1_123' title='bbox 1027 2282 1352 2348; x_wconf 56' lang='lat' dir='ltr'>Faeiderico</span> <span class='ocrx_word' id='word_1_124' title='bbox 1392 2281 1440 2349; x_wconf 93' lang='lat' dir='ltr'><strong><em>I</em></strong></span> <span class='ocrx_word' id='word_1_125' title='bbox 1478 2305 1623 2370; x_wconf 66' lang='lat' dir='ltr'>repe</span> <span class='ocrx_word' id='word_1_126' title='bbox 1680 2284 1758 2349; x_wconf 85' lang='lat' dir='ltr'>de</span> <span class='ocrx_word' id='word_1_127' title='bbox 1813 2284 2048 2349; x_wconf 62' lang='lat' dir='ltr'>iniat-ia</span> <span class='ocrx_word' id='word_1_128' title='bbox 2093 2307 2135 2349; x_wconf 83' lang='lat' dir='ltr'>a</span> <span class='ocrx_word' id='word_1_129' title='bbox 2179 2282 2496 2349; x_wconf 73' lang='lat' dir='ltr'>Folowino</span> <span class='ocrx_word' id='word_1_130' title='bbox 2544 2294 2604 2348; x_wconf 81' lang='lat' dir='ltr'>et</span> 
     </span>
     <span class='ocr_line' id='line_1_18' title="bbox 471 2395 2600 2487; baseline 0 -24"><span class='ocrx_word' id='word_1_131' title='bbox 471 2397 833 2463; x_wconf 79' lang='lat' dir='ltr'>Widekindo</span> <span class='ocrx_word' id='word_1_132' title='bbox 876 2399 995 2464; x_wconf 72' lang='lat' dir='ltr'>sibi</span> <span class='ocrx_word' id='word_1_133' title='bbox 1035 2399 1213 2464; x_wconf 76' lang='lat' dir='ltr'>illata</span> <span class='ocrx_word' id='word_1_134' title='bbox 1258 2401 1552 2487; x_wconf 73' lang='lat' dir='ltr'>queritur.</span> <span class='ocrx_word' id='word_1_135' title='bbox 2275 2395 2385 2479; x_wconf 84' lang='lat' dir='ltr'>(M.</span> <span class='ocrx_word' id='word_1_136' title='bbox 2420 2397 2600 2478; x_wconf 85' lang='lat'>359.)</span> 
     </span>
    </p>
   </div>
   <div class='ocr_carea' id='block_1_7' title="bbox 230 2528 2797 4126">
    <p class='ocr_par' dir='ltr' id='par_1_8' title="bbox 254 2528 2797 2965">
     <span class='ocr_line' id='line_1_19' title="bbox 435 2528 2785 2617; baseline -0 -21"><span class='ocrx_word' id='word_1_137' title='bbox 435 2528 658 2596; x_wconf 92' lang='lat' dir='ltr'>Inclito</span> <span class='ocrx_word' id='word_1_138' title='bbox 710 2530 1157 2617; x_wconf 82' lang='lat' dir='ltr'>triumphatori</span> <span class='ocrx_word' id='word_1_139' title='bbox 1207 2548 1281 2597; x_wconf 91' lang='lat' dir='ltr'>ac</span> <span class='ocrx_word' id='word_1_140' title='bbox 1324 2530 1725 2597; x_wconf 88' lang='lat' dir='ltr'>serenissimo</span> <span class='ocrx_word' id='word_1_141' title='bbox 1773 2529 2047 2597; x_wconf 92' lang='lat' dir='ltr'>domino</span> <span class='ocrx_word' id='word_1_142' title='bbox 2070 2551 2182 2597; x_wconf 89' lang='lat' dir='ltr'>suo</span> <span class='ocrx_word' id='word_1_143' title='bbox 2227 2529 2600 2613; x_wconf 89' lang='lat' dir='ltr'>F(riderico)</span> <span class='ocrx_word' id='word_1_144' title='bbox 2647 2541 2785 2595; x_wconf 83' lang='lat'>1152</span> 
     </span>
     <span class='ocr_line' id='line_1_20' title="bbox 256 2614 2797 2734; baseline -0 -20"><span class='ocrx_word' id='word_1_145' title='bbox 256 2644 384 2714; x_wconf 87' lang='lat' dir='ltr'>Dei</span> <span class='ocrx_word' id='word_1_146' title='bbox 426 2646 633 2730; x_wconf 83' lang='lat' dir='ltr'>gratia</span> <span class='ocrx_word' id='word_1_147' title='bbox 663 2645 935 2731; x_wconf 83' lang='lat' dir='ltr'>glorioso</span> <span class='ocrx_word' id='word_1_148' title='bbox 964 2646 1390 2714; x_wconf 89' lang='lat' dir='ltr'>Romanorum</span> <span class='ocrx_word' id='word_1_149' title='bbox 1418 2647 1790 2734; x_wconf 90' lang='lat' dir='ltr'>imperatori</span> <span class='ocrx_word' id='word_1_150' title='bbox 1820 2652 2082 2732; x_wconf 83' lang='lat' dir='ltr'>augusto</span> <span class='ocrx_word' id='word_1_151' title='bbox 2111 2647 2309 2714; x_wconf 86' lang='lat' dir='ltr'>frater</span> <span class='ocrx_word' id='word_1_152' title='bbox 2336 2646 2601 2730; x_wconf 87' lang='lat' dir='ltr'>W(ibal·</span> <span class='ocrx_word' id='word_1_153' title='bbox 2633 2614 2716 2661; x_wconf 77' lang='lat'>¹¹²¹</span> <span class='ocrx_word' id='word_1_154' title='bbox 2735 2629 2797 2661; x_wconf 83' lang='lat'><strong>¹¹²&#39;</strong></span> 
     </span>
     <span class='ocr_line' id='line_1_21' title="bbox 254 2761 2604 2881; baseline 0 -52"><span class='ocrx_word' id='word_1_155' title='bbox 254 2761 403 2846; x_wconf 90' lang='lat' dir='ltr'>dus)</span> <span class='ocrx_word' id='word_1_156' title='bbox 448 2761 570 2830; x_wconf 88' lang='lat' dir='ltr'>Dei</span> <span class='ocrx_word' id='word_1_157' title='bbox 614 2763 822 2847; x_wconf 84' lang='lat' dir='ltr'>gratia</span> <span class='ocrx_word' id='word_1_158' title='bbox 862 2763 960 2848; x_wconf 90' lang='lat' dir='ltr'>id,</span> <span class='ocrx_word' id='word_1_159' title='bbox 1018 2764 1185 2850; x_wconf 90' lang='lat' dir='ltr'>quod</span> <span class='ocrx_word' id='word_1_160' title='bbox 1231 2768 1329 2831; x_wconf 89' lang='lat' dir='ltr'>est</span> <span class='ocrx_word' id='word_1_161' title='bbox 1377 2763 1444 2829; x_wconf 93' lang='lat' dir='ltr'>in</span> <span class='ocrx_word' id='word_1_162' title='bbox 1491 2762 1795 2881; x_wconf 83' lang='lat' dir='ltr'>aecclesia</span> <span class='ocrx_word' id='word_1_163' title='bbox 1837 2763 2173 2849; x_wconf 89' lang='lat' dir='ltr'>catholica,</span> <span class='ocrx_word' id='word_1_164' title='bbox 2221 2764 2489 2831; x_wconf 86' lang='lat' dir='ltr'>salutem</span> <span class='ocrx_word' id='word_1_165' title='bbox 2534 2764 2604 2830; x_wconf 93' lang='lat' dir='ltr'>in</span> 
     </span>
     <span class='ocr_line' id='line_1_22' title="bbox 254 2875 1310 2965; baseline -0.001 -18"><span class='ocrx_word' id='word_1_166' title='bbox 254 2898 334 2948; x_wconf 91' lang='lat' dir='ltr'>eo</span> <span class='ocrx_word' id='word_1_167' title='bbox 381 2879 490 2965; x_wconf 89' lang='lat' dir='ltr'>qui</span> <span class='ocrx_word' id='word_1_168' title='bbox 535 2878 645 2945; x_wconf 88' lang='lat' dir='ltr'>dat</span> <span class='ocrx_word' id='word_1_169' title='bbox 689 2877 957 2946; x_wconf 88' lang='lat' dir='ltr'>salutem</span> <span class='ocrx_word' id='word_1_170' title='bbox 1001 2875 1310 2963; x_wconf 44' lang='lat' dir='ltr'>regibus&amp;</span> 
     </span>
    </p>

    <p class='ocr_par' dir='ltr' id='par_1_9' title="bbox 230 2993 2609 4126">
     <span class='ocr_line' id='line_1_23' title="bbox 438 2993 2604 3082; baseline -0 -21"><span class='ocrx_word' id='word_1_171' title='bbox 438 2993 760 3081; x_wconf 83' lang='lat' dir='ltr'>Iniuriam,</span> <span class='ocrx_word' id='word_1_172' title='bbox 808 3016 968 3082; x_wconf 89' lang='lat' dir='ltr'>quae</span> <span class='ocrx_word' id='word_1_173' title='bbox 998 2995 1359 3063; x_wconf 88' lang='lat' dir='ltr'>Corbeiensi</span> <span class='ocrx_word' id='word_1_174' title='bbox 1405 2994 1742 3062; x_wconf 80' lang='lat' dir='ltr'>aecclesiae</span> <span class='ocrx_word' id='word_1_175' title='bbox 1784 3001 1847 3062; x_wconf 90' lang='lat' dir='ltr'>et</span> <span class='ocrx_word' id='word_1_176' title='bbox 1874 2995 2056 3063; x_wconf 89' lang='lat' dir='ltr'>nobis</span> <span class='ocrx_word' id='word_1_177' title='bbox 2086 2994 2265 3061; x_wconf 88' lang='lat' dir='ltr'>illata</span> <span class='ocrx_word' id='word_1_178' title='bbox 2294 3000 2409 3079; x_wconf 88' lang='lat' dir='ltr'>est,</span> <span class='ocrx_word' id='word_1_179' title='bbox 2456 3015 2604 3082; x_wconf 89' lang='lat' dir='ltr'>pro-</span> 
     </span>
     <span class='ocr_line' id='line_1_24' title="bbox 247 3110 2603 3200; baseline -0.001 -21"><span class='ocrx_word' id='word_1_180' title='bbox 247 3111 421 3200; x_wconf 86' lang='lat' dir='ltr'>priis</span> <span class='ocrx_word' id='word_1_181' title='bbox 452 3112 659 3179; x_wconf 89' lang='lat' dir='ltr'>verbis</span> <span class='ocrx_word' id='word_1_182' title='bbox 705 3111 1044 3199; x_wconf 84' lang='lat' dir='ltr'>explanare</span> <span class='ocrx_word' id='word_1_183' title='bbox 1088 3132 1216 3179; x_wconf 91' lang='lat' dir='ltr'>non</span> <span class='ocrx_word' id='word_1_184' title='bbox 1247 3110 1545 3196; x_wconf 77' lang='lat' dir='ltr'>valenteS,</span> <span class='ocrx_word' id='word_1_185' title='bbox 1593 3130 1737 3178; x_wconf 93' lang='lat' dir='ltr'>cum</span> <span class='ocrx_word' id='word_1_186' title='bbox 1780 3110 2091 3199; x_wconf 89' lang='lat' dir='ltr'>propheta</span> <span class='ocrx_word' id='word_1_187' title='bbox 2130 3111 2603 3195; x_wconf 88' lang='lat' dir='ltr'>ingemiscimus</span> 
     </span>
     <span class='ocr_line' id='line_1_25' title="bbox 246 3228 2600 3317; baseline -0.001 -21"><span class='ocrx_word' id='word_1_188' title='bbox 246 3228 538 3296; x_wconf 80' lang='lat' dir='ltr'>dicente:</span> <span class='ocrx_word' id='word_1_189' title='bbox 583 3229 1068 3316; x_wconf 75' lang='lat' dir='ltr'>Eoepectavimus</span> <span class='ocrx_word' id='word_1_190' title='bbox 1099 3252 1345 3317; x_wconf 81' lang='lat' dir='ltr'>pacem,</span> <span class='ocrx_word' id='word_1_191' title='bbox 1396 3241 1454 3294; x_wconf 79' lang='lat' dir='ltr'>et</span> <span class='ocrx_word' id='word_1_192' title='bbox 1480 3252 1607 3294; x_wconf 80' lang='lat' dir='ltr'>non</span> <span class='ocrx_word' id='word_1_193' title='bbox 1637 3232 1837 3306; x_wconf 52' lang='lat' dir='ltr'>venim-</span> <span class='ocrx_word' id='word_1_194' title='bbox 1883 3241 1941 3294; x_wconf 79' lang='lat' dir='ltr'>et</span> <span class='ocrx_word' id='word_1_195' title='bbox 1968 3241 2205 3316; x_wconf 81' lang='lat' dir='ltr'>tempus</span> <span class='ocrx_word' id='word_1_196' title='bbox 2236 3230 2600 3309; x_wconf 78' lang='lat' dir='ltr'>curationis,</span> 
     </span>
     <span class='ocr_line' id='line_1_26' title="bbox 244 3339 2606 3431; baseline -0.001 -18"><span class='ocrx_word' id='word_1_197' title='bbox 244 3360 314 3413; x_wconf 83' lang='lat' dir='ltr'>et</span> <span class='ocrx_word' id='word_1_198' title='bbox 376 3367 506 3411; x_wconf 84' lang='lat' dir='ltr'>ecce</span> <span class='ocrx_word' id='word_1_199' title='bbox 561 3345 833 3411; x_wconf 81' lang='lat' dir='ltr'>turbatio</span> <span class='ocrx_word' id='word_1_200' title='bbox 844 3339 887 3408; x_wconf 79' lang='lat'>⁷.</span> <span class='ocrx_word' id='word_1_201' title='bbox 981 3343 1402 3431; x_wconf 86' lang='lat' dir='ltr'>Sperabamus</span> <span class='ocrx_word' id='word_1_202' title='bbox 1455 3344 1625 3410; x_wconf 90' lang='lat' dir='ltr'>enim</span> <span class='ocrx_word' id='word_1_203' title='bbox 1668 3344 1737 3410; x_wconf 91' lang='lat' dir='ltr'>in</span> <span class='ocrx_word' id='word_1_204' title='bbox 1780 3349 2063 3430; x_wconf 91' lang='lat' dir='ltr'>tempore</span> <span class='ocrx_word' id='word_1_205' title='bbox 2111 3348 2175 3410; x_wconf 92' lang='lat' dir='ltr'>et</span> <span class='ocrx_word' id='word_1_206' title='bbox 2218 3344 2493 3410; x_wconf 84' lang='lat' dir='ltr'>maxime</span> <span class='ocrx_word' id='word_1_207' title='bbox 2537 3344 2606 3410; x_wconf 92' lang='lat' dir='ltr'>in</span> 
     </span>
     <span class='ocr_line' id='line_1_27' title="bbox 241 3458 2608 3551; baseline -0.001 -23"><span class='ocrx_word' id='word_1_208' title='bbox 241 3462 629 3551; x_wconf 85' lang='lat' dir='ltr'>primordiis</span> <span class='ocrx_word' id='word_1_209' title='bbox 672 3460 924 3547; x_wconf 88' lang='lat' dir='ltr'>imperii</span> <span class='ocrx_word' id='word_1_210' title='bbox 952 3459 1167 3545; x_wconf 83' lang='lat' dir='ltr'>vestri,</span> <span class='ocrx_word' id='word_1_211' title='bbox 1216 3481 1400 3546; x_wconf 92' lang='lat' dir='ltr'>quem</span> <span class='ocrx_word' id='word_1_212' title='bbox 1445 3459 1618 3526; x_wconf 92' lang='lat' dir='ltr'>Deus</span> <span class='ocrx_word' id='word_1_213' title='bbox 1663 3458 1939 3526; x_wconf 88' lang='lat' dir='ltr'>mirabili</span> <span class='ocrx_word' id='word_1_214' title='bbox 1984 3464 2048 3526; x_wconf 91' lang='lat' dir='ltr'>et</span> <span class='ocrx_word' id='word_1_215' title='bbox 2091 3459 2278 3526; x_wconf 90' lang='lat' dir='ltr'>celeri</span> <span class='ocrx_word' id='word_1_216' title='bbox 2321 3460 2608 3548; x_wconf 87' lang='lat' dir='ltr'>potentia</span> 
     </span>
     <span class='ocr_line' id='line_1_28' title="bbox 243 3574 2608 3664; baseline -0.001 -19"><span class='ocrx_word' id='word_1_217' title='bbox 243 3598 383 3646; x_wconf 84' lang='lat' dir='ltr'>sua</span> <span class='ocrx_word' id='word_1_218' title='bbox 427 3578 706 3645; x_wconf 92' lang='lat' dir='ltr'>omnium</span> <span class='ocrx_word' id='word_1_219' title='bbox 737 3576 1095 3664; x_wconf 86' lang='lat' dir='ltr'>principum</span> <span class='ocrx_word' id='word_1_220' title='bbox 1137 3597 1385 3643; x_wconf 89' lang='lat' dir='ltr'>summa</span> <span class='ocrx_word' id='word_1_221' title='bbox 1425 3581 1488 3644; x_wconf 90' lang='lat' dir='ltr'>et</span> <span class='ocrx_word' id='word_1_222' title='bbox 1516 3574 1919 3643; x_wconf 91' lang='lat' dir='ltr'>desiderabili</span> <span class='ocrx_word' id='word_1_223' title='bbox 1947 3575 2303 3643; x_wconf 87' lang='lat' dir='ltr'>coniventia</span> <span class='ocrx_word' id='word_1_224' title='bbox 2330 3577 2399 3642; x_wconf 92' lang='lat' dir='ltr'>in</span> <span class='ocrx_word' id='word_1_225' title='bbox 2428 3574 2608 3661; x_wconf 82' lang='lat' dir='ltr'>regni</span> 
     </span>
     <span class='ocr_line' id='line_1_29' title="bbox 240 3692 2608 3779; baseline -0.001 -17"><span class='ocrx_word' id='word_1_226' title='bbox 240 3692 494 3762; x_wconf 85' lang='lat' dir='ltr'>solium</span> <span class='ocrx_word' id='word_1_227' title='bbox 539 3692 928 3777; x_wconf 89' lang='lat' dir='ltr'>sublimavit,</span> <span class='ocrx_word' id='word_1_228' title='bbox 973 3692 1289 3759; x_wconf 89' lang='lat' dir='ltr'>latronum</span> <span class='ocrx_word' id='word_1_229' title='bbox 1331 3712 1555 3759; x_wconf 87' lang='lat' dir='ltr'>manus</span> <span class='ocrx_word' id='word_1_230' title='bbox 1602 3713 1739 3759; x_wconf 88' lang='lat' dir='ltr'>esse</span> <span class='ocrx_word' id='word_1_231' title='bbox 1785 3712 2174 3779; x_wconf 87' lang='lat' dir='ltr'>compressas</span> <span class='ocrx_word' id='word_1_232' title='bbox 2190 3743 2208 3777; x_wconf 90' lang='lat'>‚</span> <span class='ocrx_word' id='word_1_233' title='bbox 2254 3693 2425 3759; x_wconf 85' lang='lat' dir='ltr'>furta</span> <span class='ocrx_word' id='word_1_234' title='bbox 2468 3693 2608 3759; x_wconf 87' lang='lat' dir='ltr'>vin-</span> 
     </span>
     <span class='ocr_line' id='line_1_30' title="bbox 237 3807 2608 3898; baseline -0.003 -20"><span class='ocrx_word' id='word_1_235' title='bbox 237 3810 495 3895; x_wconf 86' lang='lat' dir='ltr'>dicata,</span> <span class='ocrx_word' id='word_1_236' title='bbox 539 3807 870 3898; x_wconf 89' lang='lat' dir='ltr'>perfidiam</span> <span class='ocrx_word' id='word_1_237' title='bbox 916 3807 1325 3892; x_wconf 85' lang='lat' dir='ltr'>eliminatam,</span> <span class='ocrx_word' id='word_1_238' title='bbox 1373 3809 1606 3895; x_wconf 91' lang='lat' dir='ltr'>quippe</span> <span class='ocrx_word' id='word_1_239' title='bbox 1636 3828 1780 3874; x_wconf 86' lang='lat' dir='ltr'>cum</span> <span class='ocrx_word' id='word_1_240' title='bbox 1810 3812 2055 3876; x_wconf 88' lang='lat' dir='ltr'>vestrae</span> <span class='ocrx_word' id='word_1_241' title='bbox 2084 3809 2404 3896; x_wconf 91' lang='lat' dir='ltr'>potentiae</span> <span class='ocrx_word' id='word_1_242' title='bbox 2433 3807 2608 3874; x_wconf 89' lang='lat' dir='ltr'>nulla</span> 
     </span>
     <span class='ocr_line' id='line_1_31' title="bbox 230 3920 2609 4016; baseline -0.002 -24"><span class='ocrx_word' id='word_1_243' title='bbox 230 3924 470 4016; x_wconf 86' lang='lat' dir='ltr'>possit</span> <span class='ocrx_word' id='word_1_244' title='bbox 521 3926 802 4011; x_wconf 89' lang='lat' dir='ltr'>nequitia</span> <span class='ocrx_word' id='word_1_245' title='bbox 859 3923 1179 3991; x_wconf 87' lang='lat' dir='ltr'>obsistere.</span> <span class='ocrx_word' id='word_1_246' title='bbox 1272 3922 1344 3989; x_wconf 90' lang='lat' dir='ltr'>In</span> <span class='ocrx_word' id='word_1_247' title='bbox 1397 3924 1516 3990; x_wconf 89' lang='lat' dir='ltr'>hac</span> <span class='ocrx_word' id='word_1_248' title='bbox 1572 3923 1949 3992; x_wconf 87' lang='lat' dir='ltr'>confidentia</span> <span class='ocrx_word' id='word_1_249' title='bbox 2003 3945 2255 3992; x_wconf 88' lang='lat' dir='ltr'>securos</span> <span class='ocrx_word' id='word_1_250' title='bbox 2309 3929 2373 3992; x_wconf 86' lang='lat' dir='ltr'>et</span> <span class='ocrx_word' id='word_1_251' title='bbox 2414 3920 2609 3989; x_wconf 92' lang='lat' dir='ltr'>nichil</span> 
     </span>
     <span class='ocr_line' id='line_1_32' title="bbox 232 4038 2608 4126; baseline -0.002 -15"><span class='ocrx_word' id='word_1_252' title='bbox 232 4041 524 4111; x_wconf 88' lang='lat' dir='ltr'>omnino</span> <span class='ocrx_word' id='word_1_253' title='bbox 583 4046 965 4124; x_wconf 87' lang='lat' dir='ltr'>metuentes,</span> <span class='ocrx_word' id='word_1_254' title='bbox 1031 4040 1400 4106; x_wconf 88' lang='lat' dir='ltr'>invaserunt</span> <span class='ocrx_word' id='word_1_255' title='bbox 1451 4061 1567 4107; x_wconf 90' lang='lat' dir='ltr'>nos</span> <span class='ocrx_word' id='word_1_256' title='bbox 1625 4040 1910 4108; x_wconf 86' lang='lat' dir='ltr'>homines</span> <span class='ocrx_word' id='word_1_257' title='bbox 1967 4041 2198 4126; x_wconf 88' lang='lat' dir='ltr'>nostri,</span> <span class='ocrx_word' id='word_1_258' title='bbox 2263 4040 2371 4125; x_wconf 89' lang='lat' dir='ltr'>qui</span> <span class='ocrx_word' id='word_1_259' title='bbox 2425 4038 2608 4106; x_wconf 91' lang='lat' dir='ltr'>nobis</span> 
     </span>
    </p>
   </div>
   <div class='ocr_carea' id='block_1_8' title="bbox 217 4231 2612 4661">
    <p class='ocr_par' dir='ltr' id='par_1_10' title="bbox 217 4231 2612 4661">
     <span class='ocr_line' id='line_1_33' title="bbox 413 4231 2610 4303; baseline -0.002 -13"><span class='ocrx_word' id='word_1_260' title='bbox 413 4236 468 4290; x_wconf 98' lang='grc'>1.</span> <span class='ocrx_word' id='word_1_261' title='bbox 515 4233 686 4290; x_wconf 86' lang='lat' dir='ltr'>Teck.</span> <span class='ocrx_word' id='word_1_262' title='bbox 829 4235 884 4289; x_wconf 80' lang='lat'>2.</span> <span class='ocrx_word' id='word_1_263' title='bbox 928 4231 1256 4303; x_wconf 80' lang='lat' dir='ltr'>Oethlingen</span> <span class='ocrx_word' id='word_1_264' title='bbox 1293 4247 1328 4287; x_wconf 89' lang='lat' dir='ltr'>a</span> <span class='ocrx_word' id='word_1_265' title='bbox 1360 4231 1683 4289; x_wconf 87' lang='lat' dir='ltr'>Kirchheim</span> <span class='ocrx_word' id='word_1_266' title='bbox 1725 4233 1870 4289; x_wconf 84' lang='lat' dir='ltr'>inter</span> <span class='ocrx_word' id='word_1_267' title='bbox 1903 4231 2245 4289; x_wconf 87' lang='lat' dir='ltr'>occidentem</span> <span class='ocrx_word' id='word_1_268' title='bbox 2282 4236 2342 4288; x_wconf 89' lang='lat' dir='ltr'>et</span> <span class='ocrx_word' id='word_1_269' title='bbox 2375 4235 2610 4303; x_wconf 87' lang='lat' dir='ltr'>septem-</span> 
     </span>
     <span class='ocr_line' id='line_1_34' title="bbox 225 4319 2611 4392; baseline -0.003 -11"><span class='ocrx_word' id='word_1_270' title='bbox 225 4323 498 4381; x_wconf 79' lang='lat' dir='ltr'>triones.</span> <span class='ocrx_word' id='word_1_271' title='bbox 639 4324 699 4379; x_wconf 84' lang='grc'>3.</span> <span class='ocrx_word' id='word_1_272' title='bbox 728 4321 1043 4392; x_wconf 80' lang='lat' dir='ltr'>Wellingen</span> <span class='ocrx_word' id='word_1_273' title='bbox 1080 4337 1114 4376; x_wconf 89' lang='lat' dir='ltr'>a</span> <span class='ocrx_word' id='word_1_274' title='bbox 1136 4320 1457 4377; x_wconf 87' lang='lat' dir='ltr'>Kirehheim</span> <span class='ocrx_word' id='word_1_275' title='bbox 1481 4322 1552 4377; x_wconf 85' lang='lat' dir='ltr'>ad</span> <span class='ocrx_word' id='word_1_276' title='bbox 1576 4321 2016 4392; x_wconf 86' lang='lat' dir='ltr'>septemtriones.</span> <span class='ocrx_word' id='word_1_277' title='bbox 2159 4321 2211 4376; x_wconf 81' lang='lat'>4.</span> <span class='ocrx_word' id='word_1_278' title='bbox 2248 4319 2414 4376; x_wconf 91' lang='lat' dir='ltr'>hodie</span> <span class='ocrx_word' id='word_1_279' title='bbox 2440 4335 2611 4390; x_wconf 83' lang='lat' dir='ltr'>prope</span> 
     </span>
     <span class='ocr_line' id='line_1_35' title="bbox 220 4408 2612 4481; baseline -0.003 -11"><span class='ocrx_word' id='word_1_280' title='bbox 220 4411 426 4470; x_wconf 74' lang='lat' dir='ltr'>Teck</span> <span class='ocrx_word' id='word_1_281' title='bbox 472 4410 627 4467; x_wconf 87' lang='lat' dir='ltr'>locus</span> <span class='ocrx_word' id='word_1_282' title='bbox 669 4411 890 4467; x_wconf 87' lang='lat' dir='ltr'>Erstein</span> <span class='ocrx_word' id='word_1_283' title='bbox 934 4426 1046 4467; x_wconf 88' lang='lat' dir='ltr'>non</span> <span class='ocrx_word' id='word_1_284' title='bbox 1081 4411 1367 4481; x_wconf 85' lang='lat' dir='ltr'>reperitur.</span> <span class='ocrx_word' id='word_1_285' title='bbox 1419 4411 1537 4467; x_wconf 86' lang='lat' dir='ltr'>Nec</span> <span class='ocrx_word' id='word_1_286' title='bbox 1580 4426 1715 4467; x_wconf 89' lang='lat' dir='ltr'>vero</span> <span class='ocrx_word' id='word_1_287' title='bbox 1760 4410 1831 4465; x_wconf 90' lang='lat' dir='ltr'>de</span> <span class='ocrx_word' id='word_1_288' title='bbox 1866 4409 2115 4466; x_wconf 86' lang='lat' dir='ltr'>Alsatiae</span> <span class='ocrx_word' id='word_1_289' title='bbox 2162 4414 2343 4465; x_wconf 87' lang='lat' dir='ltr'>castro</span> <span class='ocrx_word' id='word_1_290' title='bbox 2392 4408 2612 4464; x_wconf 84' lang='lat' dir='ltr'>Erstein</span> 
     </span>
     <span class='ocr_line' id='line_1_36' title="bbox 221 4497 2611 4573; baseline -0.003 -13"><span class='ocrx_word' id='word_1_291' title='bbox 221 4501 516 4573; x_wconf 73' lang='lat' dir='ltr'>cogitare</span> <span class='ocrx_word' id='word_1_292' title='bbox 551 4500 697 4556; x_wconf 86' lang='lat' dir='ltr'>lieet.</span> <span class='ocrx_word' id='word_1_293' title='bbox 840 4500 893 4556; x_wconf 84' lang='lat'>5.</span> <span class='ocrx_word' id='word_1_294' title='bbox 929 4499 966 4555; x_wconf 88' lang='lat' dir='ltr'>i.</span> <span class='ocrx_word' id='word_1_295' title='bbox 993 4515 1043 4556; x_wconf 88' lang='lat' dir='ltr'>e.</span> <span class='ocrx_word' id='word_1_296' title='bbox 1079 4499 1371 4556; x_wconf 85' lang='lat' dir='ltr'>intervallo</span> <span class='ocrx_word' id='word_1_297' title='bbox 1405 4499 1518 4557; x_wconf 87' lang='lat' dir='ltr'>diei</span> <span class='ocrx_word' id='word_1_298' title='bbox 1555 4501 1587 4554; x_wconf 98' lang='grc'>1</span> <span class='ocrx_word' id='word_1_299' title='bbox 1611 4499 1759 4555; x_wconf 86' lang='grc'>1111111</span> <span class='ocrx_word' id='word_1_300' title='bbox 1795 4499 1935 4555; x_wconf 85' lang='grc'>1152</span> <span class='ocrx_word' id='word_1_301' title='bbox 1970 4504 2030 4556; x_wconf 90' lang='lat' dir='ltr'>et</span> <span class='ocrx_word' id='word_1_302' title='bbox 2062 4498 2175 4555; x_wconf 87' lang='lat' dir='ltr'>diei</span> <span class='ocrx_word' id='word_1_303' title='bbox 2213 4501 2242 4554; x_wconf 93' lang='lat'>1</span> <span class='ocrx_word' id='word_1_304' title='bbox 2269 4497 2416 4555; x_wconf 89' lang='lat' dir='ltr'>Iunii</span> <span class='ocrx_word' id='word_1_305' title='bbox 2455 4498 2611 4554; x_wconf 79' lang='lat'>1153.</span> 
     </span>
     <span class='ocr_line' id='line_1_37' title="bbox 217 4589 1363 4661; baseline -0.004 -12"><span class='ocrx_word' id='word_1_306' title='bbox 217 4593 296 4649; x_wconf 80' lang='lat'>6.</span> <span class='ocrx_word' id='word_1_307' title='bbox 343 4591 449 4647; x_wconf 70' lang='lat'>1²0.</span> <span class='ocrx_word' id='word_1_308' title='bbox 483 4589 599 4661; x_wconf 72' lang='lat'>143,</span> <span class='ocrx_word' id='word_1_309' title='bbox 625 4591 712 4645; x_wconf 90' lang='grc'>10.</span> <span class='ocrx_word' id='word_1_310' title='bbox 854 4590 907 4647; x_wconf 82' lang='grc'>7.</span> <span class='ocrx_word' id='word_1_311' title='bbox 943 4589 1136 4647; x_wconf 86' lang='lat' dir='ltr'>Ierem.</span> <span class='ocrx_word' id='word_1_312' title='bbox 1167 4589 1251 4660; x_wconf 83' lang='lat'>14,</span> <span class='ocrx_word' id='word_1_313' title='bbox 1277 4589 1363 4645; x_wconf 85' lang='grc'>19.</span> 
     </span>
    </p>
   </div>
   <div class='ocr_carea' id='block_1_9' title="bbox 2074 4686 2188 4742">
    <p class='ocr_par' dir='ltr' id='par_1_11' title="bbox 2074 4686 2188 4742">
     <span class='ocr_line' id='line_1_38' title="bbox 2074 4686 2188 4742; baseline 0 -20"><span class='ocrx_word' id='word_1_314' title='bbox 2074 4686 2188 4742; x_wconf 69' lang='grc'>33*</span> 
     </span>
    </p>
   </div>
  </div>
 </body>
</html>
