3319 5242
750 409 883 475 508
1419 430 1718 479 wmALm
1757 430 2132 480 arma-onan
2171 431 2281 479 svs.
2313 432 2421 480 m.

574 565 714 628 1152
749 568 948 635 frater
974 567 1353 654 W(ibaldus)
1396 570 1519 639 Dei
1563 573 1773 657 gratia
1814 574 1903 659 id,
1951 575 2117 660 quod
2162 581 2262 643 est
2301 575 2371 642 in
2414 575 2723 645 aecclesia
2766 578 3079 663 catholica,

750 684 1010 769 exiguas
1057 687 1371 755 orationes
1419 693 1482 755 et
1526 689 1823 756 devotum
1868 691 2217 758 servitium.

926 800 1293 886 Dignationi
1337 810 1586 872 vestrae
1628 804 2010 892 multiplices
2053 808 2401 891 gratiarum
2432 809 2710 876 actiones
2738 809 3081 896 referimus,

751 917 935 1003 quod,
982 919 1283 1004 quamdiu
1326 922 1395 987 in
1438 919 1851 1006 Lotharingia
1891 922 2122 1007 fuistis,
2167 925 2541 991 memoriam
2578 931 2839 992 nostrae
2882 927 3083 1013 parvi·

747 1033 897 1100 tatis
942 1034 1009 1100 in
1053 1055 1287 1119 magna
1332 1037 1757 1104 benivolentia
1800 1042 1864 1104 et
1906 1038 2341 1108 benedictione
2377 1041 2688 1109 habuistis
2716 1048 3085 1129 nostrosque

749 1170 823 1217 ac
862 1155 1083 1217 nostra
1123 1151 1305 1219 iuxta
1347 1153 1651 1240 temporis
1694 1155 2188 1242 oportunitatem
2229 1162 2528 1244 prompta
2571 1158 2941 1225 defensione
2983 1160 3084 1225 ad·

746 1267 1017 1351 iuvistis,
1063 1267 1228 1334 sicut
1273 1289 1387 1355 per
1430 1269 1676 1337 litteras
1720 1268 2001 1338 fidelium
2040 1278 2424 1357 nostrorum,
2465 1272 2654 1357 longe
2695 1277 2954 1359 remoti,
2997 1275 3085 1342 di·

746 1383 1030 1449 dicimus.
1099 1382 1224 1451 Pro
1279 1384 1380 1452 his
1433 1386 1627 1470 igitur
1683 1390 1815 1452 tam
1870 1393 2172 1474 paternae
2226 1388 2695 1457 misericordiae
2746 1389 2977 1458 officiis
3020 1399 3087 1460 et

743 1520 1080 1588 personam
1132 1505 1411 1567 vestram
1466 1503 1843 1589 propensius
1900 1503 1977 1571 de
2035 1509 2242 1572 cetero
2297 1504 2559 1589 diligere
2619 1511 2685 1573 et
2737 1505 3086 1575 Romanam

744 1616 984 1683 curiam
1032 1618 1332 1684 attentius
1377 1619 1668 1685 venerari
1712 1618 2157 1706 disposuimus,
2201 1621 2296 1687 ita
2338 1626 2411 1688 ut
2450 1641 2654 1708 neque
2681 1643 2860 1690 mors
2891 1645 3090 1711 neque

743 1734 878 1800 vita
919 1753 1034 1800 nos
1082 1733 1162 1799 ab
1204 1733 1408 1819 ipsius
1453 1735 1718 1802 caritate
1760 1736 1965 1823 possit
2007 1734 2322 1803 divellere.
2495 1736 2656 1804 eum
2700 1747 3086 1808 revertentes

745 1849 824 1917 ab
868 1847 1037 1916 Urbe
1083 1848 1409 1916 Coloniam
1453 1870 1600 1916 cum
1642 1851 1873 1918 domno
1920 1851 2387 1940 archiepiscopo
2417 1854 2952 1942 pervenissemus,
2995 1859 3084 1924 in-

743 1966 1029 2032 venimus
1085 1965 1386 2033 domnum
1432 1966 1854 2050 T(iebaldum)
1900 1966 2290 2036 Xantensem
2343 1970 2737 2057 prepositum
2793 1974 2978 2056 gravi
3025 1980 3084 2040 et

742 2081 933 2165 longa
973 2080 1342 2150 infirmitate
1387 2083 1542 2150 adeo
1588 2083 1985 2152 debilitatum
1999 2134 2019 2168 ,
2077 2090 2177 2169 ut,
2234 2089 2375 2151 cute
2430 2086 2676 2153 ossibus
2722 2088 3080 2174 adherente,

741 2197 1061 2265 infirmum
1106 2199 1216 2265 vix
1261 2199 1541 2267 traheret
1584 2201 1898 2290 spiritum.
1967 2200 2345 2269 Audivimus
2385 2208 2595 2270 autem
2625 2204 2877 2291 priores
2909 2205 3079 2273 Colc-

740 2314 978 2381 niensis
1010 2314 1348 2383 aecclesiae
1377 2316 1443 2381 in
1474 2336 1702 2401 magno
1735 2316 2104 2384 clericorum
2143 2324 2454 2385 conventu
2482 2318 2876 2405 confitentes,
2925 2321 3079 2406 quod

740 2430 1061 2518 predictus
1105 2433 1466 2519 prepositus
1511 2452 1580 2498 se
1626 2432 1707 2499 ad
1752 2453 2002 2500 omnem
2047 2434 2365 2501 iusticiam
2408 2434 2771 2522 frequenter
2801 2436 2875 2503 in
2906 2437 3077 2504 Colc-

739 2547 946 2615 niensi
991 2546 1295 2615 aecclesia
1338 2548 1725 2615 exhibuisset
1768 2569 1959 2638 super
1989 2549 2263 2637 querela,
2308 2571 2500 2638 quam
2528 2551 2815 2619 canonici
2843 2554 2948 2620 sui
2978 2554 3076 2620 ad-

738 2684 956 2732 versus
1002 2686 1147 2731 eum
1191 2665 1574 2751 habuerant,
1631 2686 1775 2733 cnm
1829 2667 2000 2733 idem
2052 2668 2337 2734 canonici
2380 2688 2531 2757 sepe
2575 2669 2615 2736 a
2655 2669 2901 2737 maiore
2942 2691 3077 2758 pre-

737 2781 944 2868 posito
1001 2786 1065 2847 et
1120 2781 1439 2869 prioribus
1483 2803 1599 2870 pro
1644 2782 1765 2849 hoc
1808 2760 2015 2850 vocati
2058 2783 2275 2850 venire
2319 2785 2838 2872 supersedissent.
2932 2786 3076 2854 Pro-

737 2897 887 2964 inde
929 2917 1075 2982 nos,
1121 2896 1238 2963 filii
1281 2898 1507 2983 vestri,
1564 2918 1721 2965 ausu
1767 2919 1953 2966 verae
1998 2900 2312 2984 caritatis,
2369 2921 2497 2987 qua
2538 2920 2649 2968 vos
2693 2902 2760 2968 in
2806 2901 3075 2970 Domino

737 3013 1057 3098 diligimus
1070 3064 1089 3100 ,
1147 3020 1395 3081 vestrae
1453 3013 1737 3082 oculatae
1789 3015 2153 3083 discretioni
2206 3018 2598 3101 suggerimus
2611 3067 2632 3102 ,
2686 3022 2760 3083 ut
2817 3021 3075 3086 eandem

734 3150 992 3197 causam
1049 3129 1278 3197 domno
1336 3116 1698 3198 Coloniensi
1754 3132 2221 3220 archiepiscopo
2282 3133 2679 3201 tractandam
2732 3136 3074 3201 terminan-

735 3247 1006 3333 damque
1049 3247 1409 3332 remittatis,
1457 3267 1573 3315 nec
1601 3248 1681 3315 de
1714 3249 2081 3332 gravamine
2108 3250 2534 3336 prenominati
2561 3250 2877 3338 prepositi
2906 3251 3075 3319 vobis

737 3362 815 3430 ab
860 3363 1069 3449 aliquo
1115 3364 1482 3451 persuaderi
1525 3364 1930 3452 permittatis.

740 3573 783 3646 3
796 3574 915 3646 79.
957 3580 1272 3645 Arnoldus
1299 3580 1371 3646 ΙΙ
1401 3526 1896 3667 archiepiscopus
1928 3581 2302 3647 Coloniensi-s
2328 3579 2692 3647 Heinrioum
2724 3605 3074 3670 epo-scopum

958 3695 1341 3760 Mindensmn
1397 3697 1475 3762 de
1519 3697 1799 3763 mutilato
1844 3708 2211 3785 saeculoque
2253 3695 2467 3784 fratre
2511 3696 2855 3763 Vortltlevio
2907 3700 3070 3765 Colo·

954 3811 1129 3875 niam
1171 3813 1239 3875 in
1280 3813 1378 3878 ius
1419 3825 1612 3879 vocae.
2753 3811 2865 3893 (Μ.
2903 3814 3069 3895 358.)

558 3957 697 4013 1152
907 3942 1279 4027 A(rnoldus)
1310 3942 1432 4011 Dei
1476 3945 1684 4029 gratia
1727 3946 1784 4011 si
1829 3945 1980 4032 quid
2011 3950 2109 4013 est
2136 3950 2392 4012 sanctae
2422 3943 2812 4013 coloniensis
2844 3947 3071 4015 aeccle-

573 4032 684 4092 ΑΨ·
732 4060 867 4127 siae
909 4059 1167 4127 humilis
1202 4061 1492 4128 minister
1521 4060 1883 4144 H(einrico)-
1900 4062 2120 4129 eadem
2150 4061 2357 4146 gratia
2383 4062 2727 4130 venerabili
2761 4062 3071 4131 Mindensi

734 4176 1028 4264 episcopo
1075 4175 1343 4244 salutem
1389 4183 1455 4244 et
1496 4178 1812 4245 orationes
1854 4178 1924 4243 in
1967 4177 2260 4244 Domino.

910 4291 1227 4360 Luctuosa
1271 4294 1525 4379 quidem
1569 4298 1633 4360 et
1679 4294 1929 4361 omnino
1975 4292 2353 4361 miserabilis
2383 4294 2777 4380 querimonia
2807 4294 2887 4362 de
2916 4314 3065 4362 novo

734 4413 798 4476 et
839 4408 1276 4476 infandissimo
1324 4409 1558 4478 scelere
1603 4412 1683 4476 ad
1728 4430 1843 4476 nos
1890 4416 1953 4477 et
1997 4416 2280 4477 sanctam
2325 4416 2594 4477 matrem
2635 4416 2926 4479 nostram
2957 4410 3061 4477 Co-

729 4524 1072 4592 loniensem
1122 4526 1487 4593 aecclesiam
1530 4525 1779 4614 perlata
1821 4528 2102 4595 omnium
2144 4532 2389 4596 mentes
2425 4527 2832 4596 acerbissimo
2861 4528 3060 4597 dolore
