3319 5242
681 454 771 521 44
1307 470 1914 520 onnonocmrnns
1959 470 2401 522 oonnmsrs

506 617 647 674 1114
681 613 945 699 equites,
990 613 1059 679 id
1104 618 1204 680 est
1245 618 1497 680 centum
1541 613 1619 679 de
1659 632 2032 698 unaquaque
2076 613 2232 679 urbe
2277 632 2422 696 sua3
2467 632 2619 680 nam
2663 617 2794 681 tres
2837 613 3027 681 urbes

680 750 825 797 cum
869 730 999 797 suis
1044 729 1385 797 territoriis
1441 734 1690 795 tantum
1734 728 2090 815 possident,
2149 749 2310 815 quae
2353 729 2865 796 disterminantes
2910 750 3028 816 per

680 846 958 930 sing-ula,
1015 845 1434 932 provinciolas
1491 866 1629 912 esse
1684 844 1982 912 referunt.
2075 844 2226 928 Qui,
2285 850 2542 931 peracta
2595 845 3025 932 expedicione,

679 962 971 1029 conventi
1018 983 1134 1049 per
1175 962 1589 1048 interpretem
1618 981 1658 1027 a
1688 962 1866 1044 duce,
1912 961 2014 1026 cui
2042 961 2431 1028 marchionio
2462 960 2705 1027 subacti
2734 962 3026 1047 fuissent,

679 1079 851 1145 omni
893 1077 1269 1145 hesitatione
1314 1084 1576 1161 semota,
1621 1076 1993 1160 marchioni,
2047 1078 2147 1142 cui
2191 1083 2346 1143 tunc
2390 1077 2469 1143 ad
2513 1097 2812 1163 praesens
2855 1078 3029 1145 mili-

677 1200 918 1279 tarent,
978 1195 1171 1261 armis
1218 1194 1642 1261 obsecundare
1687 1214 1756 1260 se
1801 1193 2029 1260 debere
2069 1192 2389 1278 legaliter,
2445 1193 2642 1261 libere
2687 1214 2763 1261 ac
2804 1214 3027 1262 secure

676 1310 1048 1378 referebant.
1118 1310 1284 1377 Hinc
1329 1311 1457 1376 dux
1493 1309 1725 1397 oppido
1755 1309 2139 1394 indignatus,
2185 1309 2312 1375 nisi
2342 1310 2686 1393 sagacitate
2713 1310 3023 1377 nobilium

674 1428 955 1494 virorum
984 1427 1266 1493 animum
1298 1426 1379 1493 ad
1407 1427 1652 1493 instans
1683 1426 2193 1513 compositiorem
2218 1426 2642 1510 resumsisset,
2682 1427 3024 1514 suspendio

674 1550 747 1610 ut
788 1544 1107 1611 fatebatur
1153 1562 1369 1609 omnes
1414 1544 1807 1629 peremisset.
1882 1541 2151 1609 Sedatus
2197 1546 2409 1608 autem
2451 1542 2708 1610 tandem
2751 1563 2898 1609 cum
2943 1543 3025 1610 de

677 1659 977 1745 qualitate
1032 1679 1256 1726 census
1310 1664 1479 1726 terre
1534 1680 1645 1725 sue
1703 1664 1812 1725 aut
1867 1658 1968 1724 cui
2023 1664 2576 1744 recompensarent
2619 1659 2865 1726 edicere
2909 1680 3027 1726 an-

675 1775 935 1860 nuisset,
984 1776 1185 1842 denuo
1231 1775 1612 1842 intulerunt:
1662 1775 1907 1841 civitati
1937 1773 2260 1859 Corbeiae,
2307 1780 2523 1842 sancto
2554 1774 2701 1842 Vito
2748 1776 3024 1860 quodam

673 1890 832 1958 inibi
873 1892 1312 1978 patrocinante
1369 1912 1441 1958 ac
1485 1892 1849 1957 dominante
1864 1940 1883 1975 ,
1943 1891 2271 1957 annuatim
2329 1911 2396 1957 se
2456 1891 2682 1958 debere
2729 1896 2841 1958 aut
2883 1892 3026 1959 vul-

672 2008 889 2094 pinam
934 2008 1163 2094 pellem
1208 2012 1319 2073 aut
1359 2008 1459 2075 bis
1503 2007 1604 2075 vel
1645 2012 1743 2074 ter
1777 2006 1970 2073 dena·
1998 2007 2397 2091 nomismata,
2442 2006 3023 2077 Bardenwicccnsis

672 2129 961 2191 monetae
1008 2124 1332 2191 simillima
1374 2124 1476 2191 vel
1517 2124 1809 2211 propria,
1866 2123 1944 2190 de
1988 2123 2175 2189 unius
2220 2124 2521 2209 cuiusque
2566 2123 2683 2191 soli
2728 2124 2827 2190 sui
2869 2126 3023 2193 unci

670 2239 936 2324 cultura,
984 2261 1171 2326 quem
1213 2245 1528 2307 nostrates
1541 2240 1565 2277 ⁶
1613 2246 1894 2307 aratrum
1938 2240 2237 2306 vocitant.
2308 2238 2482 2306 Haec
2515 2244 2726 2307 autem
2757 2241 3023 2327 provin-

669 2355 832 2423 ciola
875 2361 974 2423 est
1017 2357 1211 2423 trium
1257 2362 1525 2441 tantum,
1570 2362 1646 2423 ut
1671 2336 1876 2423 infra⁶
1909 2355 2146 2422 dictum
2177 2360 2294 2440 est,
2340 2356 2593 2423 urbium
2624 2357 2759 2424 sive
2784 2358 2855 2425 in
2884 2362 3023 2426 tres

669 2471 874 2537 divisa
926 2471 1346 2559 provinciolas
1361 2472 1416 2555 ⁴¹3
1474 2470 1970 2557 Rugiacensibus
2030 2477 2095 2538 et
2147 2471 2639 2557 Havelbergensi
2695 2474 3024 2561 episcopio
3069 2520 3078 2525 -

666 2587 1014 2656 interiacet.
1047 2588 1223 2657 Haec
1240 2587 1534 2657 Conrado
1564 2588 1781 2656 urbico
1811 2587 2335 2656 Frakenlevensis
2365 2589 2770 2658 ministeriali
2794 2596 3023 2662 nostro

668 2710 734 2772 et
776 2704 901 2772 alio
947 2704 1235 2773 Com-ado
1250 2716 1272 2743 ⁶
1317 2706 1395 2773 de
1441 2705 1718 2791 Gronige
1761 2705 2178 2773 referentibus
2191 2755 2210 2790 ,
2255 2706 2382 2793 ipsi
2428 2706 2822 2793 expedicioni
2865 2728 3026 2778 con-

667 2821 875 2905 sertis,
924 2820 1005 2887 ad
1048 2842 1164 2888 nos
1210 2823 1303 2889 sic
1347 2822 1626 2889 delatum
1670 2822 1774 2888 hic
1817 2822 2218 2888 inseruimus.

849 2938 1040 3004 1145.
1110 2939 1332 3006 Tercio
1386 2939 1707 3007 destructa
1761 2943 1859 3005 est
1911 2939 2063 3005 urbs
2107 2934 2490 3024 Eresburg·.
2580 2938 2796 3008 Primo
2842 2943 3026 3011 enim

664 3073 797 3143 per.
810 3053 1114 3122 Karolum
1143 3053 1472 3140 Magnum:
1519 3055 1851 3123 undecimo
1897 3075 2062 3121 anno
2108 3055 2452 3122 obsidionis
2496 3055 2720 3124 fraude
2752 3059 2920 3145 cepit
2951 3067 3029 3127 et

666 3172 1046 3254 devastavit3
1095 3171 1367 3239 secundo
1412 3192 1528 3259 per
1572 3170 1967 3238 Fridericum
2009 3171 2363 3258 principem
2393 3172 2983 3257 Arnesburgensem
3005 3172 3027 3204 ¹

664 3294 923 3376 precatu
965 3288 1348 3356 Erkenberti
1392 3283 1705 3369 abbatis²3
1752 3287 1947 3354 tercio
1991 3307 2108 3374 per
2150 3284 2569 3373 Wolcuinum,
2614 3289 2820 3356 virum
2864 3311 3027 3376 pre-

831 3418 862 3452 ·
902 3420 1117 3477 Manus
1145 3420 1333 3478 eadem
1361 3419 1579 3477 addidit
1604 3420 1768 3477 haec.-
1804 3418 1933 3478 Hec
1959 3421 2052 3478 est
2076 3416 2398 3497 Arisburg3
2425 3418 2537 3479 hec
2563 3419 2769 3480 eadem
2796 3420 3025 3483 Eres-

902 3526 942 3586 b
956 3543 1095 3602 urg
1146 3528 1241 3586 est
1293 3529 1571 3602 corrupto
1622 3526 1944 3586 vocabulo¹
1982 3525 2162 3586 dicta.
2242 3525 2436 3599 Quam
2487 3529 2549 3587 et
2596 3527 2781 3588 lulius
2827 3527 3030 3591 Gem-

899 3633 1168 3693 Bomano
1208 3632 1441 3709 inperio
1482 3631 1734 3710 subegit,
1776 3632 2013 3708 qnando
2047 3635 2108 3693 et
2132 3632 2428 3708 Arispolis
2455 3650 2669 3694 nomen
2695 3632 2907 3696 habuit
2930 3638 3028 3698 ab

902 3756 993 3816 eo,
1035 3740 1138 3815 qui
1179 3738 1321 3800 Aris
1362 3739 1557 3800 Greca
1598 3738 2008 3816 designatione
2049 3758 2121 3800 ac
2159 3740 2320 3799 Mars
2360 3739 2489 3817 ipse
2529 3739 2724 3802 dictus
2763 3747 2856 3803 est
2893 3742 3027 3805 La-

898 3846 1026 3907 tino
1079 3846 1318 3907 famine.
1400 3846 1651 3907 Duobus
1703 3845 1994 3922 siquidem
2036 3845 2212 3907 idolis
2250 3846 2467 3908 civitas
2504 3846 2616 3908 hec
2655 3847 2857 3910 dedita
2898 3850 3031 3914 fuit

898 3954 1194 4014 culturae:
1235 3952 1298 4014 id
1339 3956 1432 4014 est
1469 3953 1630 4033 Aris,
1673 3954 1774 4029 qui
1815 3954 1981 4014 urbis
2023 3953 2236 4013 meniis
2275 3953 2568 4015 insertns⁸
2608 3956 2780 4031 quasi
2820 3955 3023 4020 domi-

896 4064 1071 4120 nator
1119 4060 1579 4140 dominantium,
1632 4063 1695 4120 et
1731 4060 1929 4121 Ermis
1983 4059 2084 4135 qui
2135 4062 2196 4120 et
2232 4061 2560 4122 Mercurius
2608 4062 3028 4127 mercimoniis

899 4166 1309 4228 insistentibus
1351 4167 1655 4228 colebatur
1696 4167 1757 4226 in
1799 4165 2197 4227 forensilibus.

799 4315 839 4348 a.
869 4301 941 4348 bis
962 4288 1021 4349 ἶ.
1042 4336 1054 4348 .
1072 4336 1085 4349 .
1114 4302 1305 4349 terdena
1337 4320 1376 4350 c.
1494 4302 1540 4349 b.
1570 4304 1827 4350 nostrates
1858 4320 1899 4350 c.
2023 4316 2064 4349 c.
2096 4306 2165 4350 εἰσ
2192 4320 2278 4363 pro
2313 4317 2454 4364 supra
2484 4321 2522 4352 c.
2650 4304 2696 4351 d.
2728 4304 2777 4352 in
2806 4307 2905 4353 tres
2935 4307 3024 4356 di-

658 4381 761 4429 visa
790 4382 1094 4442 provinciolss
1126 4386 1292 4444 scripsi
1313 4400 1401 4443 pro
1432 4384 1483 4430 in
1513 4385 1606 4430 tres
1640 4383 1812 4430 divisas
1844 4400 1884 4430 c.
2009 4397 2051 4430 e.
2085 4383 2149 4430 .0.
2183 4385 2286 4431 cod.
2409 4384 2442 4431 ί.
2474 4383 2631 4432 vocalo
2664 4402 2703 4433 c.

801 4487 854 4542 1.
899 4486 996 4556 qui
1032 4486 1173 4542 obiit
1206 4502 1258 4542 a.
1285 4486 1439 4542 1124.
1560 4488 1613 4542 2.
1651 4487 2019 4544 1107-1128.
2145 4488 2199 4543 3.
2234 4488 2306 4544 de
2339 4487 2448 4545 hoc
2483 4488 2674 4548 Martis
2708 4488 3026 4550 simulacro

659 4572 730 4630 cf.
757 4575 965 4631 Grimm
1005 4573 1284 4633 Deutsche
1319 4574 1664 4648 Mytbologie
1698 4575 1808 4643 (ed.
1832 4576 1888 4644 8)
1922 4575 1966 4631 1.
2007 4576 2130 4633 100.
