3319 5242
962 445 1258 492 wmAmI
1301 444 1631 493 Emsrom
1678 445 1783 491 ιω.
2402 429 2533 495 249

218 589 345 654 dam
385 587 543 654 iuris
588 587 898 654 rationem
944 586 1312 674 pretendere
1358 587 1623 654 videtur.
1698 586 1810 654 Set
1843 587 2240 655 inbecillitati
2283 593 2535 656 nostrae
2575 593 2711 650 1149

214 725 590 792 nequaquam
634 704 871 771 iustum
917 705 1051 771 sive
1094 703 1448 788 legitimum
1495 709 1605 771 aut
1648 703 1936 788 regulare
1981 704 2260 771 creditur
2273 754 2291 789 ‚
2338 711 2410 772 ut
2454 706 2535 772 ad

213 821 456 888 tutelam
512 821 758 905 redeat,
818 821 895 888 de
950 842 1076 906 qua
1129 819 1324 888 semel
1379 820 1500 887 fuit
1557 821 1988 906 emancipatus
2035 857 2117 866 —
2180 822 2534 909 emancipa-

218 2916 268 2982 ei
307 2917 656 3005 pacificum,
702 2918 773 2984 in
818 2919 1003 2985 domo
1047 2938 1175 2984 una
1217 2919 1384 2984 inter
1426 2938 1731 3005 personas
1771 2939 1928 3002 esse,
1977 2939 2135 3003 quae
2167 2923 2388 3002 agente
2418 2919 2539 2986 Dei

216 3031 429 3102 iudicio
474 3056 593 3102 sua
637 3036 1031 3102 accusatione
1090 3054 1163 3100 ac
1212 3032 1651 3101 testificatione
1709 3055 1851 3100 eum
1906 3034 2357 3121 deposuerunt,
2414 3035 2539 3101 nisi

216 3148 361 3218 forte
404 3152 470 3218 in
517 3153 728 3219 animo
773 3152 995 3239 ipsius,
1051 3151 1368 3218 soliditate
1413 3150 1788 3216 humilitatis
1829 3151 2089 3217 fundato
2106 3201 2125 3236 ‚
2185 3152 2539 3218 mundanae

216 3265 549 3335 altitudinis
594 3268 976 3335 desiderium
1019 3268 1273 3355 penitus
1321 3272 1645 3334 excoctum
1692 3267 1794 3332 sit.

371 3418 401 3466 ⁶
445 3436 510 3493 In
552 3438 801 3511 maryine
841 3434 1100 3511 lequntur
1139 3436 1307 3492 haec:
1347 3434 1439 3493 Ex
1467 3433 1617 3493 libro
1647 3433 2006 3510 digestorum
2034 3432 2223 3509 primo
2241 3436 2277 3491 ¹.
2339 3432 2534 3494 Mode-

438 3542 628 3601 stinus
671 3541 819 3600 libro
863 3544 895 3599 1
939 3541 1393 3617 pandectarum:
1443 3540 1623 3600 Inviti
1665 3540 1772 3600 filii
1813 3542 2111 3600 naturales
2150 3542 2244 3601 vel
2284 3541 2537 3601 emanci-

436 3649 561 3725 pati
602 3664 723 3707 non
763 3646 1109 3725 rediguntur
1150 3648 1209 3708 in
1252 3648 1505 3724 patriam
1546 3651 1918 3723 potestatem.
1947 3695 1960 3709 .

554 3756 705 3815 Item
749 3771 822 3813 ex
862 3753 1067 3815 eodem
1080 3757 1121 3814 ².
1185 3755 1475 3832 Ulpianus
1501 3754 1653 3815 libro
1685 3758 1761 3815 14
1792 3754 1868 3815 ad
1898 3754 2208 3815 Sabinum:
2250 3754 2368 3828 Qui
2395 3754 2536 3815 libe·

439 3866 601 3923 ratus
641 3865 736 3922 est
759 3861 955 3938 patria
981 3865 1292 3940 potestate,
1333 3866 1541 3939 postea
1580 3863 1641 3922 in
1670 3865 2020 3939 potestatem
2049 3861 2296 3923 honeste
2323 3862 2540 3923 reverti

438 3986 558 4029 non
596 3973 811 4047 potest,
851 3969 970 4029 nisi
1008 3968 1345 4045 adoptione.

558 4077 706 4136 Item
748 4094 822 4136 ex
861 4074 1119 4136 eodem⁸.
1181 4077 1482 4154 Papianus
1521 4076 1675 4136 libro
1703 4078 1781 4137 36
1822 4077 2227 4154 questionum:
2268 4077 2336 4135 In
2370 4075 2539 4134 omni

441 4183 585 4258 iure,
627 4182 796 4243 finita
836 4184 1023 4259 patris
1063 4187 1382 4262 potestate,
1430 4185 1650 4244 nullum
1694 4202 1769 4244 ex
1807 4184 1998 4260 primo
2038 4184 2322 4243 retinetur
2362 4180 2536 4240 vesti-

439 4289 615 4366 gium.
697 4290 970 4367 Denique
1020 4294 1083 4350 et
1129 4291 1326 4366 patria
1390 4290 1648 4369 dignitas
1698 4290 1930 4367 quesita
1979 4306 2086 4366 per
2139 4288 2539 4367 adoptionem,

439 4394 606 4456 finita
646 4415 736 4474 ea,
779 4397 1109 4473 deponitur.

351 4558 399 4610 1.
433 4556 611 4628 Dig.1
647 4563 689 4612 t.
714 4559 767 4613 6.
805 4557 841 4613 l.
870 4558 953 4613 11.
1099 4561 1151 4613 2.
1187 4557 1317 4629 Dig.
1342 4557 1370 4613 1
1404 4562 1448 4613 t.
1473 4558 1524 4614 7.
1560 4557 1598 4612 1.
1625 4558 1712 4613 12.
1853 4557 1906 4612 3.
1945 4555 2074 4627 Dig.
2100 4555 2125 4611 1
2149 4560 2204 4611 t.
2231 4554 2281 4610 7.
2320 4554 2357 4611 l.
2383 4555 2468 4611 13.
