3319 5242
485 587 624 643 1149

430 662 527 709 Oct.
549 662 663 709 Nov.

701 424 831 491 318
1451 440 1753 489 vvaLm
1796 440 2128 489 amsa-ona
2174 441 2279 489 200.

701 583 942 649 minata
985 585 1050 650 et
1091 581 1171 649 de
1197 579 1457 649 Visbick
1501 588 1566 650 et
1608 584 1688 650 de
1733 583 2320 650 Hilduardenhusen
2362 581 2646 649 laborem
2690 587 2758 648 et
2799 582 3033 668 impen-

703 720 841 766 sam
897 718 1374 766 assumeremus,
1463 697 1852 767 Presentasti
1908 701 2101 767 etiam
2144 699 2325 767 nobis
2370 705 2522 765 tunc
2563 698 2813 765 litteras
2860 697 3037 763 amici

703 816 905 882 nostri
957 815 1202 882 comitis
1248 814 1629 882 Heremanni
1642 866 1661 901 ,
1723 836 1912 902 quae,
1970 820 2043 881 ut
2084 815 2203 882 hoc
2256 817 2467 902 ipsum
2509 815 2893 899 faceremuS,
2946 814 3038 880 in-

702 937 875 1000 tente
919 930 1377 998 ammonebant.
1440 932 1528 999 Te
1572 933 1768 1017 igitur
1814 932 2094 998 omnium
2138 931 2575 998 consiliorum·
2606 936 2744 997 tam
2771 932 2842 997 in
2873 930 3041 996 curia

704 1048 918 1115 domni
958 1048 1124 1132 regis
1168 1068 1358 1134 quam
1402 1049 1595 1115 etiam
1643 1049 1815 1116 domi
1857 1049 2144 1136 principe
2179 1053 2244 1115 et
2271 1053 2544 1132 auctore,
2589 1036 2907 1133 simulque
2935 1065 3041 1113 an-

702 1165 1046 1232 nitentibus
1090 1184 1233 1232 cum
1277 1165 1553 1231 maximo
1597 1165 1812 1233 favore
1857 1164 2359 1249 Corbeiensibus,
2405 1162 2755 1231 sententiae
2797 1167 3043 1230 vestrae

702 1282 1004 1349 cessimus
1050 1286 1269 1348 contra
1310 1281 1613 1348 iudicium
1657 1281 1855 1347 animi
1888 1282 2120 1364 nostri3
2168 1281 2402 1369 quippe
2446 1281 2554 1366 qui
2597 1301 2737 1347 rem
2779 1285 2917 1345 tam
2948 1299 3045 1345 ar-

703 1399 894 1465 duam
935 1402 1069 1464 tam
1114 1396 1433 1465 difficilem
1475 1402 1609 1464 tam
1651 1403 2200 1485 presumptuosam
2246 1398 2503 1482 aggredi
2528 1396 3044 1480 formidabamus,

702 1535 830 1581 non
882 1514 1091 1599 ignari
1132 1533 1250 1581 nec
1292 1514 1636 1600 inexperti,
1700 1520 1936 1600 quanta
1979 1514 2459 1601 impedimenta,
2520 1518 2795 1599 quantae
2836 1514 3044 1579 muta-

701 1633 906 1699 tiones
949 1630 1180 1697 talibus
1224 1630 1409 1697 rebus
1453 1636 1714 1717 possent
1758 1631 2058 1696 accidere.
2130 1630 2216 1696 Et
2259 1631 2592 1714 credimuS,
2639 1628 2809 1715 quod
2836 1627 3041 1713 zelum

702 1746 826 1814 Dei
867 1746 1160 1814 habueris
1214 1751 1279 1813 et
1332 1748 1399 1813 in
1443 1746 1562 1812 hoc
1605 1767 1795 1832 opere
1840 1746 2264 1833 promovendo
2307 1766 2545 1834 pronus
2590 1764 2665 1813 ac
2704 1744 3041 1812 vehemens

703 1864 900 1931 fueris
953 1883 1082 1929 non
1138 1862 1338 1929 solum
1392 1884 1508 1950 pro
1564 1863 1831 1929 delenda
1891 1864 2262 1930 enormitate
2317 1862 2686 1947 mulierum,
2742 1881 2905 1947 quae
2954 1860 3043 1927 ibi

705 1977 1094 2063 habitabant,
1139 1983 1235 2044 set
1278 1979 1468 2045 etiam
1497 2000 1613 2065 pro
1647 1985 1981 2063 augmento
2013 1979 2404 2046 Corbeiensis
2436 1977 2754 2046 ecclesiae.
2807 1976 3043 2045 Verum

706 2095 775 2161 in
831 2099 1096 2181 quantas
1154 2095 1471 2179 miserias,
1527 2097 1595 2161 in
1651 2101 1918 2181 quantas
1962 2096 2326 2162 vexationes
2385 2095 2610 2162 animi·
2633 2099 2701 2162 et
2741 2093 3042 2162 corporis-

706 2211 773 2277 in
831 2216 1068 2297 quanta
1116 2232 1327 2277 rerum
1373 2216 1733 2277 nostrarum
1777 2211 2154 2278 detrimenta
2196 2233 2311 2299 per
2352 2212 2472 2278 hoc
2514 2210 2810 2278 consilium

706 2326 1004 2412 derimus,
1049 2347 1176 2393 non
1222 2328 1425 2394 solum
1468 2332 1580 2394 tua
1622 2326 2059 2413 intelligentia,
2107 2348 2266 2414 quae
2310 2329 2495 2395 rebus
2537 2327 2810 2414 propinq

707 2450 805 2510 set
859 2445 1051 2511 etiam
1106 2448 1242 2509 tota
1295 2444 1476 2527 regni
1522 2443 1892 2511 Theutonici
1948 2445 2325 2511 universitas
2382 2444 2654 2510 clamore
2698 2464 2891 2530 super
2930 2468 3044 2508 nos

706 2560 1127 2627 famosissimo
1171 2561 1479 2644 cognovit.
1659 2561 1747 2628 Et
1788 2580 1985 2646 nunc,
2046 2562 2343 2647 quoniam
2389 2561 2469 2627 ad
2523 2560 2766 2627 curiam
2808 2558 3044 2627 domini

707 2677 910 2743 nostri
954 2678 1121 2761 regis
1163 2677 1434 2743 transire
1479 2682 1544 2743 et
1585 2683 1806 2744 nostra
1841 2679 2033 2745 etiam
2063 2680 2319 2762 negotia
2346 2698 2530 2762 agere
2559 2676 2856 2760 intendis,
2901 2674 3044 2741 fidei

710 2813 784 2860 ac
840 2792 1109 2860 bonitati
1161 2799 1309 2860 tuae
1364 2794 1609 2860 intenta
1666 2794 2013 2861 devotione·
2053 2794 2532 2877 committimus,
2599 2799 2672 2859 ut
2726 2794 2818 2860 sic
2875 2813 3042 2876 agas,

709 2909 1234 2995 quemadmodum
1291 2909 1470 2976 decet
1523 2910 1731 2975 virum
1785 2910 2149 2995 religiosum
2205 2916 2269 2977 et
2324 2910 2689 2994 honestum,
2752 2910 3042 2995 quatinus

707 3026 888 3093 nobis
931 3028 1126 3092 noxia
1167 3030 1412 3109 cuncta,
1458 3025 1593 3092 Deo
1630 3032 1973 3113 prestante,
2021 3026 2389 3093 submoveas
2420 3031 2484 3092 et
2514 3026 2594 3091 ad
2625 3025 2837 3091 omnia
2866 3024 3041 3091 nobis

707 3142 1038 3229 profutura
1082 3141 1473 3225 diligentiam
1519 3142 1835 3209 adhibeas.
1980 3141 2109 3208 Nos
2157 3142 2234 3208 de
2279 3142 2484 3225 gratia
2524 3147 2587 3208 et
2617 3140 3042 3208 misericordia

709 3258 924 3324 domni
966 3259 1133 3341 regis
1181 3257 1413 3343 absque
1458 3258 1586 3323 ullo
1632 3258 2040 3325 dubitationis
2085 3258 2379 3345 scrupulo
2424 3257 2815 3342 confidimus,
2862 3262 2926 3324 et
2968 3255 3040 3322 ab

709 3372 849 3460 ipso
902 3374 972 3439 in
1029 3375 1204 3440 curia
1258 3394 1373 3440 sua
1423 3373 1896 3442 Frankenevort
1951 3394 2095 3441 cum
2149 3395 2377 3458 magno
2433 3374 2669 3441 honore
2727 3373 2931 3442 habiti
2985 3377 3043 3439 et

713 3509 858 3555 cum
911 3510 1144 3573 magna
1197 3489 1515 3556 hilaritate
1570 3491 1815 3557 dimissi
1871 3491 2136 3575 fuimuS,
2193 3491 2350 3557 iussi
2394 3491 2609 3557 venire
2663 3489 2743 3556 ad
2788 3491 3039 3571 curiam,

715 3626 874 3691 quae
927 3605 1143 3671 futura
1199 3609 1296 3672 est
1338 3606 1726 3691 Aquisgrani
1779 3608 1848 3674 in
1900 3609 2190 3694 proxima
2232 3608 2564 3674 nativitate
2608 3604 2871 3672 Domini
2892 3603 2926 3689 ¹,
2978 3608 3042 3670 ut

714 3721 805 3789 ibi
846 3721 925 3788 de
971 3720 1307 3787 obtinenda
1350 3722 1651 3789 aecclesia
1696 3723 1774 3790 de
1817 3722 2078 3790 Visbick
2121 3724 2487 3790 mandatum
2531 3723 2732 3809 ipsius
2782 3722 3040 3810 accipia-

713 3856 875 3902 mus.
1054 3835 1414 3923 Caeterum,
1465 3839 1663 3905 frater
1706 3839 2059 3924 karissime,
2112 3860 2225 3905 nos
2269 3839 2548 3905 laborem
2590 3838 2773 3904 illum
2819 3859 3040 3925 nequa-

715 3973 906 4040 quam
951 3972 1268 4021 assumere
1310 3953 1631 4040 volumuS,
1679 3956 1830 4041 quia
1874 3961 1936 4022 et
1979 3955 2258 4022 thesauri
2302 3955 2597 4022 ecclesiae
2640 3960 2901 4022 nostrae
2945 3974 3039 4021 ex-

714 4070 926 4137 hausti
984 4075 1133 4136 sunt
1187 4076 1249 4137 et
1304 4077 1437 4138 tam
1480 4071 1827 4138 Mindensis
1886 4068 2252 4159 episcopus²
2309 4092 2496 4157 quam
2541 4091 2759 4138 omnes
2807 4064 3039 4139 clerici⁸

715 4187 897 4254 nobis
940 4188 1010 4253 in
1051 4187 1169 4255 hoc
1215 4188 1606 4255 amarissime
1637 4188 2092 4254 contradicunt.
2239 4187 2374 4254 Hoc
2403 4208 2648 4274 quoque
2676 4185 3039 4272 benignitati

716 4307 862 4371 tuae
875 4353 895 4390 ,
954 4304 1117 4371 sicut
1173 4304 1252 4372 de
1307 4311 1371 4373 te
1416 4304 1786 4372 confidimus
1799 4354 1819 4389 ,
1882 4305 2244 4371 intimatum
2288 4309 2476 4391 atque
2518 4304 2871 4372 iniunctum
2914 4321 3036 4371 esse

860 4468 901 4502 a.
933 4457 1191 4503 nostrorum
1220 4457 1445 4504 excidisse
1472 4457 1662 4502 videtur.

862 4542 913 4596 1.
951 4540 1089 4596 1149
1124 4542 1262 4599 Dec.
1285 4542 1374 4597 25.
1421 4539 1503 4599 Of.
1530 4557 1619 4612 ep.
1646 4541 1748 4597 191
1784 4557 1842 4611 p.
1865 4542 1989 4597 301.
2113 4544 2166 4598 2.
2203 4541 2514 4600 Heinricus.
2627 4543 2682 4598 3.
2717 4540 3031 4598 uindensoe.
