3319 5242
1038 474 1333 522 wmALm
1376 474 1709 522 naemu
1756 474 1863 520 840.
2488 458 2619 524 471

278 615 419 683 nice
462 621 529 682 et
571 616 964 683 concorditer
1004 615 1239 684 factam
1282 636 1401 704 pro
1428 621 1718 684 nostrae·
1748 616 2078 701 dignitatis
2111 615 2445 703 privilegio
2475 636 2622 684 con-
2659 623 2798 678 1151

277 730 672 799 firmaremus
718 737 783 799 ct
826 732 1094 800 electum
1140 733 1222 800 ad
1262 732 1729 800 reformandam
1774 752 1998 820 pacem
2041 738 2106 800 et
2132 733 2416 800 iusticias
2446 753 2622 801 sccu-

276 847 441 915 lares
484 848 805 915 faciendas
849 849 1340 935 proveheremus
1386 855 1452 916 et
1495 850 1956 916 adiuvaremus.
2028 848 2266 915 Verum
2295 849 2405 917 ille
2436 849 2622 917 solito

237 3891 452 3956 regno
493 3870 903 3938 cancellarius
972 3869 1425 3956 significamus,
1479 3893 1598 3960 per
1654 3871 1850 3939 alium
1893 3871 2014 3940 hoc
2056 3878 2342 3960 tempore
2385 3893 2602 3940 casum

237 3988 492 4058 existat
526 3993 591 4055 et
623 3987 803 4054 nobis
833 3988 901 4053 in
973 3987 1309 4054 aecclesiae
1353 3987 1525 4055 illius
1568 4009 1969 4075 nequaquam
2013 4008 2200 4076 posse
2239 4008 2597 4085 resurgeim

235 4103 581 4191 cisalpinis
613 4104 900 4190 partibus
970 4103 1283 4188 siquidem
1325 4104 1405 4171 dc
1450 4109 1621 4171 statu
1650 4105 2024 4172 universalis
2056 4104 2392 4172 aecclesiae
2419 4110 2602 4171 tanta

233 4227 391 4290 tam
447 4240 526 4287 ex
583 4221 900 4305 magnitu-
969 4220 1146 4287 vobis
1192 4239 1345 4286 cura
1373 4226 1489 4307 est,
1536 4227 1836 4306 quantam
1871 4241 2008 4288 esse
2036 4241 2163 4287 non
2190 4221 2428 4286 frustra
2455 4241 2598 4308 spe-

403 4368 445 4401 ι.
477 4354 602 4413 tegio
634 4368 759 4401 more
782 4355 808 4401 1
837 4371 925 4414 pro
955 4367 1039 4414 pro
1071 4356 1254 4401 nostrae
1280 4377 1330 4386 —
1353 4353 1609 4415 privilegio.
1733 4355 1779 4402 b.
1811 4354 1964 4401 studio
1996 4355 2040 4401 1.
2167 4367 2208 4401 c.
2238 4353 2409 4401 labenti
2431 4357 2478 4402 et
2496 4369 2595 4402 cot-

231 4434 406 4486 ruenti
438 4436 484 4480 1.
591 4434 637 4481 d.
670 4434 911 4481 erectionis
944 4452 1028 4482 om.
1056 4435 1098 4481 1.
1209 4449 1248 4480 e.
1282 4437 1328 4481 et
1358 4435 1632 4483 discretione
1665 4452 1751 4482 om.
1774 4436 1818 4481 1.
1921 4434 1954 4481 f.
1986 4447 2076 4494 qua
2107 4436 2150 4481 2.
2259 4448 2302 4493 g.
2333 4435 2422 4483 sibi
2456 4437 2480 4481 1
2508 4452 2595 4495 pro

229 4515 341 4578 ipsi
366 4513 526 4561 eiecto.
620 4513 666 4560 h.
697 4514 800 4574 ipss
822 4514 936 4560 add.
959 4515 1002 4560 2.
1104 4512 1136 4562 i'.
1169 4513 1408 4562 clementia
1428 4517 1471 4561 1.
1573 4514 1618 4562 k.
1650 4513 1906 4562 mandando
1929 4527 1982 4560 ac
2001 4531 2087 4561 om.
2108 4516 2153 4561 1.
2258 4514 2290 4561 l.
2320 4528 2530 4573 rogamus
2550 4517 2594 4561 1.

227 4611 303 4645 n.
354 4595 655 4641 rnevm2.
776 4607 991 4641 mooe.
