3319 5242
760 430 891 495 200
1426 444 1725 493 wmALm
1766 444 2141 493 nms'ronm
2182 444 2289 491 125.
2326 446 2431 492 126.

575 593 713 649 1148
757 589 1094 676 parvitatis
1140 588 1440 672 subsidio,
1485 588 1948 675 possessionem
1990 587 2167 653 illam
2212 588 2291 655 de
2332 586 2674 673 furnagiis·
2719 589 2799 656 ab
2826 588 2939 656 illa
2963 609 3087 655 ma-

757 711 943 772 trona
988 704 1217 789 odilia,
1265 705 1398 772 sive
1444 705 1740 772 defuncta
1784 707 1917 773 sive
1963 705 2165 772 adhuc
2208 706 2479 789 vivente,
2527 706 2609 772 ad
2652 726 2839 773 usum
2882 727 3088 772 mona-

758 823 938 889 sterii
983 827 1291 906 revocate,
1340 826 1403 887 et
1446 822 1724 889 maxime
1768 822 1849 888 ad
1894 822 2415 889 sustentationem
2446 843 2818 909 pauperum,
2842 886 2843 889 ,
2863 824 2933 888 in
2961 824 3090 908 qui-

757 938 875 1005 bus
905 937 1192 1004 Christus
1236 938 1701 1024 presentialiter
1745 939 2048 1025 recipitur
2094 943 2157 1004 et
2202 938 2410 1005 alitur.
2479 937 2737 1006 Etenim
2768 946 2903 1006 tam
2932 940 3090 1027 apud

757 1054 962 1121 Deum
1021 1055 1223 1121 maior
1276 1073 1517 1122 merces
1575 1059 1640 1120 et
1693 1057 1948 1143 copiosa
1998 1055 2329 1122 retributio
2375 1076 2492 1142 pro
2535 1056 2656 1122 hoc
2700 1057 2881 1124 vobis
2924 1057 3091 1123 exhi-

715 1236 716 1239 ,
756 1172 1025 1257 bebitur‚
1074 1192 1261 1258 quam
1309 1171 1477 1258 apud
1519 1171 1806 1239 homines
1850 1172 2098 1239 facilior
2142 1173 2463 1240 excusatio
2500 1178 2565 1239 et
2594 1171 2965 1257 suffiagium
2993 1174 3091 1241 de-

755 1292 962 1357 votius
1011 1293 1076 1356 et
1120 1288 1397 1356 defensio
1434 1287 1752 1355 robustior
1783 1289 2186 1356 obtinebitur.
2322 1289 2473 1373 Nos,
2521 1289 2688 1374 quod
2717 1290 2897 1357 vobis
2930 1291 3093 1358 cordi

756 1413 870 1491 est,
920 1408 987 1473 in
1034 1410 1283 1472 tantum
1325 1404 1631 1489 valemuS‚
1677 1405 1745 1471 in
1792 1411 2095 1490 quantum
2141 1426 2252 1472 vos
2283 1405 2493 1473 valere
2523 1407 2994 1490 cognoscimus3
3037 1412 3093 1472 et

755 1544 891 1590 esse
936 1522 1262 1589 vobiscum
1306 1522 1478 1588 omni
1522 1526 1827 1608 tempore,
1889 1523 1943 1588 si
1988 1520 2125 1589 fieri
2171 1528 2316 1609 apte
2361 1528 2596 1609 posset,
2651 1523 3089 1590 desideramus.

752 1639 962 1706 Minae
1006 1639 1331 1705 hominum
1374 1638 1548 1704 venti
1593 1644 1758 1704 sunt.
1831 1639 1973 1706 Iure
2017 1640 2301 1723 gentium
2339 1639 2492 1706 licet
2519 1640 2649 1705 vim
2676 1641 2744 1706 vi
2771 1640 3090 1727 repellere.

751 1756 825 1823 In
871 1756 1033 1823 atrio
1081 1759 1290 1822 vestro
1338 1758 1402 1820 et
1443 1755 1511 1820 in
1555 1756 1847 1822 manibus
1878 1756 2107 1822 vestris
2140 1776 2242 1821 res
2272 1756 2484 1843 posita
2528 1761 2642 1823 est.
2809 1756 3092 1824 Misimus

749 1872 928 1939 vobis
988 1873 1056 1937 in
1113 1871 1350 1937 maiore
1406 1870 1661 1937 scedula
1718 1872 2022 1956 quasdam
2068 1873 2458 1958 questiones,
2518 1894 2639 1960 que
2682 1893 2888 1960 nuper
2934 1872 3095 1961 apud

750 2009 865 2055 nos
911 1987 1213 2055 Corbeiae
1258 1992 1514 2053 exortae
1556 1987 1831 2054 fuerunt.

759 2192 931 2263 126.
968 2196 1284 2262 Wibaldus
1331 2195 1793 2261 Stabulensibus
1849 2196 2159 2285 siynfificat
2216 2196 2293 2260 de
2346 2197 2539 2261 tribus
2579 2198 2881 2263 seditiosis
2925 2222 3094 2263 mon-

973 2302 1142 2369 achis
1213 2303 1709 2386 Corbeiensibus5
1781 2325 1933 2391 quos
2003 2304 2251 2391 quidem
2318 2326 2360 2368 a
2425 2326 2490 2367 se
2554 2305 2840 2391 expulsos
2904 2308 3097 2393 recipi

971 2420 1149 2475 vetat.
1831 2466 1837 2473 .
2782 2409 2890 2491 (Μ.
2925 2412 3094 2491 105.)

576 2538 715 2592 1148
929 2522 1152 2590 Frater
1194 2521 1572 2605 W(ibaldus)
1619 2522 1743 2589 Dei
1798 2525 2006 2608 gratia
2059 2524 2126 2590 id
2185 2526 2349 2611 quod
2395 2530 2493 2593 est
2535 2527 2605 2592 in
2649 2526 2950 2594 aecclesia
2994 2547 3097 2594 ca-

598 2611 696 2658 ⁰⁰t
748 2640 983 2706 tholica
1024 2640 1348 2723 R(oberto)
1387 2641 1733 2707 venerabili
1780 2642 2014 2709 decano
2064 2647 2127 2709 et
2170 2644 2394 2709 ceteris
2441 2644 2508 2709 in
2554 2642 2804 2711 Christo
2851 2644 3097 2711 dilectis

747 2755 893 2823 filiis
952 2763 1015 2822 et
1071 2757 1371 2823 fratribus
1429 2756 1819 2825 Stabulensis
1879 2759 2163 2858 coenobii
2218 2760 2541 2827 monachis
2600 2761 3099 2829 benedictionem

750 2878 813 2940 ct
854 2874 1053 2939 vitam
1097 2893 1294 2959 usque
1341 2873 1408 2938 in
1454 2874 1754 2940 seculum.

925 2988 1106 3056 Licet
1148 2990 1353 3056 modis
1389 2990 1680 3057 omnibus
1712 2991 1949 3057 iustum
1984 2992 2088 3075 sit,
2135 2997 2207 3058 ut
2235 3012 2351 3079 pro
2382 2991 2561 3059 filiali
2594 2992 2938 3078 affectione,
2968 3016 3101 3082 qua

747 3112 1000 3174 nostrae
1032 3106 1334 3193 parvitati
1366 3107 1597 3174 artiore
1626 3107 1877 3173 vinculo
1910 3108 2312 3194 copulamini,
2360 3110 2572 3175 omnia
2599 3115 2821 3177 nostra
2848 3118 3098 3178 vestrae

748 3224 1165 3291 conscientiae
1224 3222 1495 3288 debeant
1553 3244 1690 3289 esse
1744 3224 1916 3290 nuda
1962 3229 2025 3289 et
2070 3230 2321 3311 aperta,
2378 3231 2589 3293 tamen
2639 3227 3098 3314 aliquantulum

751 3340 1174 3407 erubescimus
1235 3337 1585 3404 infirmiora
1641 3338 2036 3407 Corbeiensis
2108 3343 2475 3408 monasterii
2541 3344 2719 3410 vobis
2787 3345 3097 3429 detegere,

748 3457 871 3523 nisi
932 3455 1098 3541 quod
1142 3460 1356 3520 vestra
1407 3454 1673 3521 interest
1724 3458 2004 3523 omnium
2050 3479 2261 3524 rerum
2306 3464 2667 3526 nostrarum
2709 3461 2940 3528 habere
2983 3483 3100 3527 no·

749 3573 984 3638 ticiam.
1049 3571 1136 3636 Et
1178 3591 1294 3636 nos
1341 3576 1560 3637 contra
1606 3571 2051 3658 obloquentum
2092 3575 2508 3642 detractiones
2549 3577 2787 3644 famam
2814 3563 3097 3645 nostram

749 3689 914 3755 tueri
947 3693 1010 3754 et
1039 3707 1411 3754 conservare
1442 3688 1784 3755 studemus,
1845 3689 2099 3757 Etenim
2138 3692 2325 3775 juxta
2352 3691 2608 3758 beatum
2635 3694 3065 3778 Augustinum
3084 3691 3099 3722 ¹

751 3803 1019 3871 crudelis
1067 3808 1182 3887 est,
1231 3804 1340 3889 qui
1384 3805 1619 3871 famam
1647 3805 1958 3902 'negligit3
2005 3812 2070 3873 et
2113 3797 2365 3892 gentilis
2408 3808 2516 3875 ifle
2562 3809 2958 3878 doctissimus
2990 3811 3100 3878 Gi-

749 3941 891 3986 cero
949 3920 1130 4003 dicit,
1187 3921 1419 3987 famam
1478 3942 1615 3988 esse
1670 3943 1798 3988 non
1853 3923 2165 3990 mediocre
2219 3923 2415 3990 telum
2462 3925 2542 3991 ad
2586 3947 2689 3993 res
2735 3925 3042 4010 gerendas
3053 3924 3097 3993 '.

752 4037 847 4102 Ob
892 4036 1010 4102 hoc
1056 4036 1246 4102 etiam
1287 4043 1534 4104 vestrae
1578 4039 1850 4105 noticiae
1895 4041 2021 4106 ista
2062 4061 2191 4106 non
2234 4062 2371 4108 esse
2413 4042 2840 4110 subtrahenda
2880 4065 3101 4111 sumus

753 4153 1062 4237 arbitrati,
1089 4154 1255 4238 quod
1279 4153 1531 4240 quidam
1564 4155 1642 4221 de
1667 4156 1967 4223 fratribus
1991 4156 2471 4224 Corbeiensibus
2505 4158 2795 4230 exierunt
2825 4180 2863 4225 a
2891 4160 3099 4245 nobis,

751 4274 848 4336 set
891 4290 1020 4335 non
1066 4275 1246 4336 erant
1303 4291 1381 4336 ex
1426 4270 1640 4352 nobis3
1703 4277 1766 4338 et
1820 4277 2080 4360 propter
2134 4274 2463 4340 institutae
2507 4275 2919 4341 fraternitatis
2961 4269 3101 4341 for-

895 4398 936 4430 a.
975 4387 1045 4431 sic
1075 4395 1142 4431 est
1174 4404 1284 4433 corr.
1320 4390 1364 4432 in
1398 4387 1502 4434 cod.
1532 4387 1765 4445 fornagiis.

893 4455 944 4525 1.
982 4471 1040 4525 in
1076 4486 1327 4527 sermone
1363 4472 1470 4528 355
1506 4488 1554 4528 c.
1582 4475 1612 4528 1
1653 4473 1811 4545 (Opp.
1839 4471 1896 4531 S.
1922 4473 2224 4548 Augustini
2249 4475 2340 4534 ed.
2365 4475 2576 4533 Caillau
2601 4477 2670 4533 T.
2688 4476 2842 4533 xxl.
2864 4492 2919 4548 p.
2937 4477 3099 4546 348).

750 4561 800 4620 2.
840 4559 953 4618 Cic.
991 4560 1062 4618 de
1097 4561 1342 4622 amicitia
1378 4562 1462 4634 17,
1501 4564 1588 4621 61.
