3319 5242
696 428 820 494 166
1392 446 1691 494 wmum
1731 446 2107 495 musa-onst.
2146 447 2223 494 92.
2255 448 2331 495 ss.

514 590 654 646 1148
691 588 1028 674 inponetis,
1075 591 1150 652 ut
1190 586 1485 654 videlicet
1527 592 1740 654 vestro
1785 588 2137 674 privilegio,
2184 609 2346 674 quae
2384 589 2453 656 in
2491 590 2612 656 hac
2640 592 3039 659 memorabili

690 704 959 769 duarum
1017 702 1464 770 aecclesiarum
1519 704 1958 772 coniunctione
2002 710 2216 771 vestra
2257 706 2675 792 permissione
2717 709 3040 794 utrimque

691 820 931 907 scripta
986 818 1087 886 vel
1151 818 1322 885 facta
1376 825 1553 904 sunt,
1622 821 1705 887 ad
1762 826 2135 908 perpetuam
2191 842 2623 889 successorum
2676 829 3041 891 nostrorum

688 936 1059 1003 memoriam
1116 933 1497 1002 confirmetis
1554 942 1620 1003 et
1669 936 1790 1003 hoc
1831 938 2265 1005 testimonium
2308 939 2377 1004 in
2421 944 2689 1025 utraque
2733 940 3044 1008 aecclesia

690 1051 1025 1135 diligenter
1038 1101 1057 1135 ,
1136 1052 1299 1117 sicut
1364 1072 1500 1118 rem
1569 1052 1828 1136 dignam
1893 1055 2228 1138 memoria,
2298 1055 2659 1123 conservari
2723 1057 3041 1144 precipia-

688 1170 791 1235 tis.
929 1167 1388 1234 Nicbilominus
1446 1181 1695 1253 quoque
1749 1190 2045 1253 rogamus

687 1284 810 1351 Dei
869 1290 933 1350 et
991 1284 1071 1349 ad
1122 1285 1476 1351 remedium
1521 1286 1877 1351 animarum
1920 1292 2049 1353 nesi

687 1399 825 1467 fieri
887 1400 1382 1486 postulavimuS,
1454 1402 1689 1467 sanctis
1756 1403 1948 1468 etiam
2008 1424 2049 1490 p

689 1515 1096 1583 alterutrum·
1141 1516 1364 1600 dignos
1409 1515 1678 1584 honores
1708 1519 1969 1605 inpendi
1998 1540 2049 1586 c<

687 1637 953 1718 utraque
1001 1632 1304 1699 aecclesia
1337 1654 1588 1699 oramus
1617 1654 1735 1720 pro
1765 1635 2033 1702 invicem

689 1769 810 1835 que
864 1749 1236 1835 patrociniis
1293 1749 1375 1815 ad
1430 1750 1929 1835 consequendam
1988 1771 2049 1818 sa

688 1866 993 1931 iuvemur.
1063 1863 1319 1932 Placeat
1374 1886 1522 1949 ergo
1578 1866 1759 1933 vobis
1774 1916 1793 1950 ,
1851 1872 1924 1932 ut
1975 1868 2049 1935 ob

689 1981 941 2064 signum
986 1979 1239 2067 aliquod
1285 1987 1349 2048 et
1391 1982 1758 2049 memoriale
1800 1984 1870 2048 in
1913 1983 2049 2050 festi

687 2098 1188 2185 possessionibus
1245 2099 1574 2184 utriusque
1630 2098 1931 2166 ecclesiae
1989 2102 2282 2168 statuatis
2316 2107 2404 2168 et
2458 2103 2577 2169 hoc
2635 2103 2842 2169 studio
2899 2104 3041 2189 pie-

686 2214 837 2308 tatis
893 2220 1027 2280 tam
1082 2220 1360 2282 vestram
1417 2235 1606 2301 quam
1661 2220 2074 2302 patronorum
2117 2220 2490 2285 memoriam
2534 2219 2702 2305 apud
2747 2219 3036 2314 subditos

685 2336 929 2398 vestros
974 2336 1347 2418 perpetuam
1389 2331 1674 2400 faciatis„

694 2558 818 2631 93.
869 2563 1258 2630 Corbeiemee
1299 2564 1582 2631 wibaldo
1626 2566 1901 2631 scribam
1943 2565 2022 2631 de
2053 2566 2300 2632 iniuriis
2330 2567 2449 2633 siba·
2488 2566 2693 2634 luatis.
2758 2567 3033 2654 Royant,

863 2680 1092 2744 redeat.
2756 2680 2864 2763 (Μ.
2901 2683 3034 2766 ΊΊ.)

511 2819 652 2874 1148
867 2811 1208 2880 Carissimo
1253 2814 1423 2899 patri
1467 2819 1532 2881 et
1565 2812 1821 2879 domino
1850 2812 2196 2880 venerabili
2227 2813 2591 2881 Corbeiensi
2638 2815 2851 2882 abbati
2874 2815 3035 2897 Wo-

689 2929 900 3012 baldo)
946 2928 1023 2995 E.
1048 2930 1243 3016 prior,
1288 2930 1722 3013 A(delbertus)
1768 2929 2127 3017 prepositus
2172 2930 2488 3015 ceterique
2532 2930 2760 2998 frah-es
2806 2936 2871 2998 et
2913 2933 3034 2998 mi·

687 3045 1044 3113 nisteriales
1090 3045 1486 3113 Gorbeiensis
1533 3045 1893 3130 aecclesiae,
1938 3045 2235 3131 quicquid
2279 3045 2449 3133 patri
2506 3046 2734 3114 dilecto
2778 3046 2916 3132 filii,
2970 3054 3036 3115 et

689 3163 942 3230 domino
985 3160 1203 3229 fideles
1247 3162 1432 3228 servi.

867 3277 1070 3357 Quam
1116 3299 1262 3363 egre
1308 3283 1372 3344 et
1416 3299 1606 3364 quam
1651 3278 1930 3362 graviter
1974 3282 2040 3344 et
2083 3298 2273 3363 quam
2316 3277 2799 3345 intolerabiliter
2843 3282 3036 3347 susti-

689 3414 949 3462 neamus
1006 3398 1141 3461 tam
1187 3395 1550 3460 diuturnam
1606 3394 1805 3461 vestri
1849 3394 2231 3479 absentiam,
2278 3415 2404 3461 non
2450 3415 2785 3481 possumus
2829 3417 3035 3482 neque

692 3511 993 3577 audemus
1061 3510 1143 3576 ad
1207 3511 1557 3597 perfectum
1611 3510 1791 3577 vobis
1847 3511 2200 3595 insinuare,
2264 3531 2346 3578 ne
2401 3510 2565 3577 forte
2619 3512 2915 3579 nimietas
2971 3520 3036 3580 et

691 3626 1136 3714 importunitas
1193 3632 1414 3694 nostra
1469 3628 1988 3712 equanimitatem
2039 3632 2317 3694 vestram
2374 3627 2598 3694 debeat
2641 3629 3029 3714 perturbare.

691 3743 1143 3810 Verumtamen
1186 3743 1511 3828 noveritis,
1559 3744 1727 3829 quod
1772 3743 2074 3810 aecclesia
2116 3748 2353 3827 nostra,
2401 3763 2590 3828 quam
2634 3745 2938 3812 tuendam
2972 3752 3036 3813 et

690 3859 1030 3943 regendam
1074 3859 1147 3924 in
1189 3864 1471 3946 tempore
1516 3858 1943 3927 tribulationis
1989 3880 2140 3927 suae
2175 3859 2561 3947 suscepistis,
2609 3866 2671 3926 et
2699 3881 2891 3946 quam
2920 3883 3032 3949 per

690 3974 1190 4041 misericordiam
1219 3974 1341 4042 Dei
1385 3976 1464 4042 de
1507 3975 1727 4042 multis
1771 3975 2089 4043 laboribus
2120 3975 2495 4043 sublevastis
2542 3981 2606 4043 et
2646 3997 2762 4063 per
2801 3978 3032 4045 multos

691 4091 943 4158 labores
992 4097 1235 4158 vestros
1285 4092 1566 4159 honestis
1610 4092 2017 4159 incrementis
2030 4091 2053 4129 ¹’
2102 4113 2141 4158 a
2183 4092 2285 4159 die
2330 4093 2743 4179 promotionis
2788 4101 3031 4161 vestrae

693 4207 1120 4275 indesinenter
1134 4218 1155 4244 ⁶
1185 4209 1531 4296 provehere
1576 4208 1929 4294 studuistis,
1974 4208 2130 4275 haec
2171 4209 2241 4274 in
2286 4208 2574 4275 absentia
2619 4215 2833 4276 vestra
2874 4210 3035 4277 mul-

693 4329 830 4391 tum
874 4325 1002 4390 iam
1044 4323 1419 4391 tribulatur‘¹
1461 4329 1544 4407 et,
1592 4324 1648 4390 si
1695 4324 1931 4409 absque
1974 4324 2276 4391 dilatione
2322 4325 2380 4390 ei
2423 4344 2553 4390 non
2598 4325 3030 4408 subveneritis,

693 4439 892 4507 multo
939 4440 1209 4527 amplius
1245 4440 1669 4507 tribulabitur.
1743 4438 2066 4526 Siquidem
2098 4440 2363 4507 domnus
2392 4439 2768 4526 Folcwinus,
2814 4443 2884 4508 in
2913 4461 3027 4528 quo

836 4579 877 4611 a.
920 4583 980 4611 a».
1013 4565 1387 4625 alternumque?
1517 4564 1564 4610 b.
1602 4561 1872 4611 incensum
1907 4581 1947 4610 ο.
2068 4577 2110 4612 e..
2150 4565 2453 4612 amentor
2483 4581 2523 4610 ε.
2649 4565 2694 4612 α,
2725 4563 2959 4626 mnium
2986 4581 3026 4610 c.
