3319 5242
755 421 888 487 300
1421 440 1718 488 wmALm
1763 440 2137 491 nms'ronnn
2181 442 2286 490 179.
2319 443 2424 491 1so.

581 585 717 671 1149
753 579 980 648 dilecto
1047 601 1159 647 suo
1215 582 1560 649 venerabili
1618 582 2071 668 chorbegensis
2139 585 2477 654 aecclesiae
2544 587 2759 657 abbati
2823 591 3061 674 gratiam

596 661 702 708 Μ’
753 717 930 764 suam
979 702 1042 764 et
1085 717 1269 765 omne
1314 699 1563 766 bonum.

928 813 1089 892 Quia
1140 815 1304 882 inter
1362 815 1688 883 universos
1743 817 1923 900 regni
1976 817 2178 885 nostri
2232 819 2551 906 principes
2594 821 2808 890 nullus
2851 830 2944 891 est
2979 845 3064 892 re-

748 936 966 1018 pertus
980 982 999 1015 ,
1059 932 1166 1019 qui
1221 930 1425 998 fidelis
1439 942 1461 968 ·
1518 932 1620 999 vel
1673 933 1856 1001 nobis
1915 933 2015 1001 vel
2067 933 2198 1000 filio
2255 940 2471 1001 nostro
2527 956 2645 1023 pro
2700 960 2885 1026 posse
2937 947 3065 1008 tuo·

747 1053 894 1134 post
948 1049 1294 1116 discessum
1337 1053 1624 1115 nostrum
1672 1049 1972 1133 astiterit,
2032 1050 2388 1137 specialiter
2430 1051 2723 1122 fidelitati
2764 1060 2910 1123 tuae
2949 1063 3067 1124 tam

745 1164 929 1231 saetis
986 1185 1174 1250 quam
1218 1166 1427 1232 verbis
1488 1171 1700 1249 grates
1757 1166 1993 1232 referre
2043 1166 2447 1235 intendimus.
2541 1168 2716 1238 Scire
2763 1171 2973 1258 itaque
3011 1179 3069 1241 te

745 1279 1052 1364 volumus,
1100 1301 1287 1348 sanos
1333 1286 1398 1347 et
1441 1281 1602 1347 bene
1629 1280 1910 1347 valentes
1956 1282 2023 1347 in
2069 1287 2292 1350 octava
2332 1289 2726 1371 pentecostes
2746 1283 2762 1314 ¹
2792 1287 3068 1356 Ratisbo-

741 1416 891 1462 nam
934 1397 1319 1483 pervenisse,
1366 1396 1517 1482 quia
1558 1397 1625 1463 id
1672 1396 1947 1463 maxime
1989 1402 2055 1463 te
2102 1399 2459 1468 desiderare
2503 1404 2930 1487 cognevimus.

750 1626 920 1697 180.
955 1628 1272 1694 Wibaldus
1317 1629 1671 1695 Com-adum
1703 1625 1815 1693 Ill
1841 1652 2048 1716 reqem
2091 1632 2158 1696 δη
2198 1630 2602 1698 Germaniam
2643 1659 2953 1702 reversum
2990 1640 3069 1704 ad

962 1768 1063 1810 res
1106 1745 1380 1811 celeriter
1419 1745 1725 1831 yet-endas
1766 1743 2063 1810 hortatur.
2124 1745 2488 1814 Heinrieum
2528 1752 2881 1839 epi-scopum
2910 1754 3064 1819 Min-

961 1861 1207 1924 densem
1250 1861 1329 1925 de
1370 1861 1614 1926 iniuriis
1657 1861 1776 1925 sibi
1818 1861 2005 1926 illati-0
2050 1876 2313 1930 accusat.
2753 1866 2862 1949 (Μ.
2904 1870 3063 1950 163.)

563 2000 701 2056 1149
917 1991 1137 2059 Inclito
1182 1992 1626 2079 triumphatori
1671 1993 1710 2058 a
1737 1991 1872 2060 Deo
1917 2001 2214 2063 coronato
2260 2003 2325 2064 et
2367 1997 2642 2066 exaltato
2677 2002 3061 2070 serenissimo

581 2075 677 2121 Μ’
737 2108 991 2175 domino
1060 2129 1173 2175 suo
1230 2108 1567 2192 C(onrado)
1622 2107 2049 2176 Romanorum
2115 2113 2484 2199 imperatori
2551 2122 2816 2200 augusto
2880 2119 3062 2185 frater
3164 2159 3165 2162 =

735 2223 1113 2308 W(ibaldus)
1158 2224 1282 2293 Dei
1334 2231 1398 2293 et
1440 2230 1652 2293 vestra
1695 2227 1901 2311 gratia
1942 2228 2010 2294 id
2055 2229 2220 2313 quod
2266 2235 2363 2296 est
2404 2230 2468 2297 in
2517 2233 2821 2301 aecclesia
2862 2235 3059 2301 catho-

731 2340 873 2425 lica,
922 2340 1190 2408 salutem
1231 2342 1300 2408 in
1345 2363 1439 2427 eo,
1486 2343 1595 2428 qui
1641 2342 1752 2410 dat
1795 2343 2062 2410 salutem
2105 2345 2359 2430 regibus
2370 2340 2413 2412 ².

912 2456 1089 2523 Sicut
1132 2456 1478 2526 infidelium
1524 2464 1767 2527 mentes
1806 2459 1884 2527 de
1913 2459 2232 2547 insperato
2263 2462 2536 2531 adventu
2563 2469 2777 2532 vestro
2807 2467 3061 2534 nimium

729 2579 1163 2641 consternatae
1220 2580 1397 2661 sunt,
1456 2576 1549 2643 ita
1600 2573 1881 2644 fidelium
1924 2583 2274 2649 vestrorum
2324 2581 2520 2648 animi
2562 2585 2738 2649 tanto
2784 2583 3057 2652 eoelestis

728 2691 1007 2758 muneris
1051 2690 1353 2760 beneficio
1400 2691 1740 2780 plurimum
1786 2700 1935 2761 sunt
1978 2695 2329 2763 exhilarati.
2396 2697 2468 2764 In
2513 2719 2779 2784 quorum
2802 2721 3059 2768 numero

726 2812 945 2873 nostra
986 2809 1269 2894 parvitas
1314 2830 1442 2875 non
1469 2809 1779 2876 ‘inmerito
1826 2816 2167 2896 aggregata
2206 2817 2383 2880 tanto
2430 2814 2673 2882 exultat
2702 2817 2954 2903 gaudio,
2995 2821 3059 2882 ut

726 2944 867 2990 cum
912 2926 1274 3011 patriarcha
1317 2925 1499 2994 Iacob
1544 2927 1750 2993 dicere
1795 2928 2137 3014 possimus:
2200 2930 2452 3017 Sufficit
2492 2933 2680 3013 mihi,
2736 2935 2969 3000 vadam
3009 2946 3059 2998 et

724 3043 941 3108 videbo
999 3044 1320 3108 dominum
1377 3038 1630 3109 meum⁸.
1732 3042 1820 3109 Et
1873 3064 1988 3111 nos
2044 3045 2330 3130 quidem,
2388 3048 2496 3134 qui
2549 3068 2799 3135 semper
2858 3051 3055 3117 animo

725 3163 789 3225 et
843 3158 1123 3224 oratione
1184 3162 1373 3244 atque
1427 3156 1549 3226 fide
1604 3159 1928 3227 vobiscum
1984 3160 2218 3228 fuimus
2231 3212 2250 3246 ‚
2306 3163 2435 3229 iam
2489 3164 2559 3230 in
2614 3164 2756 3251 ipso
2813 3167 3054 3254 imperii

723 3274 919 3340 vestri
961 3274 1252 3358 ingressu
1298 3275 1610 3362 corporali
1654 3277 1975 3362 presentia
2019 3278 2193 3345 vobis
2239 3280 2745 3367 occurrissemuS,
2790 3283 2918 3350 nisi
2960 3304 3054 3349 ra-

720 3390 909 3477 pinae
966 3396 1030 3457 et
1070 3391 1364 3457 incendia
1406 3392 1737 3459 cotidianis
1780 3393 2094 3480 pressuris
2138 3393 2613 3481 Lotharingiam
2658 3404 2722 3466 et
2766 3400 3056 3488 precipue

721 3506 1020 3572 miseram
1049 3506 1458 3574 Arduennam
1494 3507 1901 3591 afflictarent3
1948 3510 2015 3576 in
2061 3531 2186 3596 qua
2227 3513 2620 3580 miseriarum
2658 3515 3056 3584 dimicatione

720 3627 1020 3707 tanquam
1061 3623 1131 3687 in
1177 3623 1310 3690 acie
1354 3625 1701 3691 succinctos
1749 3626 1973 3693 acerba
2000 3628 2340 3695 necessitas
2371 3650 2485 3696 nos
2516 3636 2685 3698 stare
2715 3634 3050 3722 compellit.

717 3738 806 3804 Et
858 3739 1154 3823 quoniam
1208 3740 1587 3808 desideranti
1632 3762 1744 3808 vos
1803 3747 1867 3808 et
1923 3743 2052 3809 iam
2097 3744 2228 3811 fere
2270 3745 2508 3813 labenti
2554 3749 2799 3834 patriae
2847 3751 3054 3818 divina

718 3853 922 3941 pietas
966 3873 1190 3920 sanum
1237 3860 1301 3922 et
1341 3856 1718 3925 incolumem
1738 3860 2057 3944 ·restituit‚
2109 3861 2413 3947 porrigite
2456 3862 2799 3931 salutarem
2844 3867 3050 3934 dexte-

718 3991 855 4036 ram
917 3971 1234 4057 oppressis
1247 4022 1266 4057 ,
1325 3974 1645 4042 sublevate
1700 3975 1972 4062 pupillos
1985 4027 2004 4060 ,
2062 3977 2377 4045 defendite
2421 3979 2641 4046 viduas
2654 4030 2674 4065 ‚
2729 3982 3048 4050 subvenite

716 4087 1057 4154 catholicae
1103 4088 1459 4174 aecclesiae,
1513 4090 1680 4175 quod
1724 4095 1900 4160 tanto
1943 4113 2111 4160 nunc
2153 4096 2470 4182 potentius
2516 4101 2703 4183 atque
2748 4098 3045 4167 efficatius

696 4185 1026 4290 ‘complere
1071 4206 1395 4291 poteritis,
1444 4212 1677 4293 quanto
1725 4208 2159 4277 excellentiam
2203 4216 2479 4279 vestram
2524 4213 2811 4282 coelestis
2859 4217 3042 4283 maie-

714 4325 844 4387 stas
888 4319 1282 4391 mirabilibus
1328 4328 1391 4390 et
1434 4324 1777 4410 inopinatis
1822 4326 2157 4414 triumphis
2201 4348 2317 4415 per
2360 4329 2758 4399 incredibiles
2802 4331 3039 4401 labores

856 4476 897 4509 a.
939 4466 1008 4510 sie
1039 4464 1144 4510 eod.

857 4549 903 4602 1.
945 4547 1083 4604 1149
1117 4514 1356 4606 111129.
1498 4552 1551 4607 2.
1588 4552 1937 4623 Ps.143,1o.
2079 4557 2129 4612 3.
2169 4556 2419 4628 comm,
2443 4558 2531 4614 28.
