3319 5242
1012 442 1312 491 wmALm
1352 405 1683 491 amsa-ona
1729 442 1803 488 14.
2496 421 2584 490 95

252 580 362 652 14.
410 585 731 652 Wibaldus
764 585 1194 652 Cas-{umbem
1219 588 1443 669 scribit,
1491 611 1557 653 se
1598 609 1726 652 non
1768 609 1884 651 sua
1928 587 2040 651 sed
2082 608 2295 650 eorum
2323 606 2514 650 causa
2543 606 2586 649 a

410 703 786 767 monasterio
831 703 1165 782 recessisse,
1214 703 1303 767 ad
1345 726 1447 768 eos
1490 725 1810 791 nunquam
1853 724 2258 767 reversurum.
2324 701 2432 765 Ad
2471 722 2584 764 no-

415 841 561 883 vum
606 819 887 883 abbatem
934 818 1280 905 eliqendum
1326 841 1428 884 eos
1473 819 1879 884 cohortatur&
2352 813 2461 896 (Μ.
2495 813 2584 895 3.)

416 957 765 1025 Guibaldus
821 957 945 1025 Dei
1013 959 1220 1043 gratia
1276 960 1480 1025 sancti
1535 957 1897 1024 Casinensis
1954 958 2238 1024 coenobii
2294 957 2585 1023 minister
2693 958 2832 1013 1137

245 1074 536 1159 indignus
593 1073 841 1140 dilectis
886 1075 955 1140 in
1000 1073 1249 1142 Christo
1294 1073 1441 1142 filiis
1489 1079 1554 1142 et
1595 1072 1898 1141 fratribus
1943 1074 2012 1139 in
2058 1074 2278 1140 eadem
2323 1073 2587 1140 ecclesia
2618 1032 2798 1140 μῗιιιιῇ.
2815 1098 2844 1141 2

246 1190 373 1258 Deo
422 1191 865 1276 militantibus,
913 1191 1145 1278 spiritu
1190 1191 1438 1257 consilii
1483 1197 1547 1257 et
1587 1190 1978 1257 fortitudinis
2024 1190 2409 1256 habundare.

418 1306 741 1375 Hactenus
785 1308 853 1373 in
900 1327 1049 1391 agro
1097 1308 1446 1374 dominicae
1492 1306 1796 1390 culturae,
1841 1307 1909 1373 id
1955 1313 2052 1373 est
2082 1307 2152 1372 in
2180 1310 2429 1373 vestrae
2457 1306 2586 1372 fra—

245 1424 559 1490 ternitatis
617 1423 1035 1510 praelatione,
1094 1423 1281 1490 arbor
1336 1424 1628 1490 umbram
1683 1429 1750 1489 et
1800 1442 1929 1488 non
1982 1423 2259 1489 fructum
2314 1422 2550 1488 faciens
2569 1418 2586 1448 ¹

244 1545 480 1608 terram
507 1541 830 1627 occupavi,
875 1560 1006 1606 11011
1034 1539 1170 1606 sine
1198 1539 1426 1606 timore
1455 1558 1674 1606 vocem
1705 1538 1964 1605 audiens
1995 1538 2255 1605 Domini
2284 1539 2582 1605 dicentis:

251 1658 510 1725 Sucet'de
558 1652 747 1740 eam',
797 1681 957 1746 quae
1003 1669 1063 1722 et
1106 1681 1181 1723 ex
1223 1639 1289 1722 se
1318 1656 1601 1746 fructum
1644 1681 1770 1723 non
1815 1658 2021 1722 reddit
2029 1707 2047 1740 ,
2098 1669 2155 1722 et
2195 1660 2313 1723 sibi
2335 1681 2584 1744 ¹suppo-

248 1777 424 1841 sitoen
468 1787 700 1841 terram
729 1774 1126 1865 fructificare
1169 1775 1443 1860 impedit.
1513 1771 1826 1850 Quoniam
1869 1773 2064 1857 igitur
2105 1772 2343 1839 securis
2375 1771 2456 1837 ad
2483 1791 2585 1837 ra-

252 1888 448 1956 dicem
491 1889 623 1955 iam
667 1889 878 1975 posita
921 1892 1019 1954 est
1036 1884 1071 1972 ¹,
1121 1893 1191 1954 ut
1231 1888 1435 1955 omnis
1467 1889 1674 1973 arbor,
1722 1909 1882 1975 quae
1910 1889 2188 1956 fructum
2216 1909 2345 1956 non
2373 1888 2584 1973 faciat,

252 2006 634 2090 succidatur,
691 2027 806 2073 nos
862 2005 1196 2073 consilium
1250 2003 1692 2091 propheticum
1737 2005 1973 2072 diutius
2020 2005 2417 2073 dissimulare
2460 2026 2586 2072 non

252 2122 598 2209 potuimus3
646 2122 757 2189 sed
803 2122 954 2207 quia
986 2126 1250 2208 propter
1288 2141 1391 2188 me
1433 2121 1789 2208 periculosa
1818 2128 1882 2188 et
1910 2123 2100 2209 plena
2129 2123 2587 2210 desperationis

251 2243 591 2325 tempestas
637 2243 776 2305 orta
823 2245 938 2323 est,
983 2237 1196 2304 nautis
1242 2237 1651 2322 cessantibuS,
1699 2239 1837 2325 ipse
1882 2259 1984 2305 me
2028 2241 2096 2306 in
2131 2260 2307 2306 mare
2334 2240 2587 2306 mittere

252 2374 369 2422 non
404 2356 632 2440 refugi.
702 2355 942 2441 Itaque,
990 2354 1140 2440 quia
1170 2355 1261 2421 sic
1293 2374 1332 2420 a
1361 2355 1538 2422 vobis
1567 2350 1855 2439 recessi³,
1902 2355 2038 2423 Deo
2069 2361 2229 2423 teste
2259 2377 2388 2422 non
2415 2343 2588 2422 metu
2621 2369 2737 2416 Nov.
2753 2370 2783 2417 2

253 2472 491 2557 mortis,
539 2472 652 2538 sed
695 2472 863 2558 quod
907 2491 1079 2538 mors
1116 2491 1260 2537 mea
1300 2471 1495 2537 nichil
1522 2473 1702 2539 vobis
1744 2474 2148 2540 emolumenti
2194 2474 2347 2560 quin
2375 2473 2588 2560 potius

252 2588 518 2659 multum
572 2588 838 2676 periculi
894 2587 1118 2656 afferre
1173 2593 1452 2675 poterat,
1518 2593 1590 2656 ut
1646 2589 1817 2657 ultra
1873 2590 1954 2657 ad
2008 2612 2117 2657 vos
2174 2611 2301 2657 11011
2356 2590 2590 2658 reverti

254 2703 668 2794 disposuerim
681 2755 700 2790 ,
759 2705 1081 2792 praecipio
1128 2705 1306 2771 vobis
1350 2706 1419 2771 in
1462 2706 1697 2773 virtute
1743 2712 1997 2773 sanctae
2042 2706 2464 2791 obedientiae,
2519 2712 2591 2773 ut

253 2822 620 2910 posqmsitis
664 2822 947 2910 partium
993 2821 1240 2905 studiis,
1287 2828 1530 2888 remota
1564 2824 1736 2888 omni
1768 2824 2107 2890 ambitione
2139 2829 2202 2890 et
2231 2822 2590 2907 venalitate,

258 2936 484 3029 Quo
529 2938 740 3025 gratia
781 2938 884 3005 vel
942 2937 1084 3004 odio
1143 2942 1254 3004 aut
1300 2938 1663 3025 acceptione
1710 2939 1973 3005 alicuius
2019 2960 2326 3026 personae
2371 2959 2589 3006 secun-

257 3036 396 3122 dum
422 3038 425 3041 ’
450 3053 743 3139 reg-ulam
798 3055 1000 3122 sancti
1044 3053 1369 3121 Benedicti
1426 3074 1764 3140 personam
1818 3055 2191 3122 catholicam
2237 3060 2300 3122 et
2343 3055 2589 3140 regula-

255 3188 380 3237 rem
423 3171 507 3238 de
553 3191 814 3258 corpore
859 3174 1106 3238 vestrae
1152 3171 1675 3256 congregationis,
1730 3171 2022 3238 invocata
2065 3172 2269 3238 sancti
2315 3171 2589 3259 Spiritus

258 3287 470 3373 gratia,
516 3287 587 3353 in
632 3286 922 3355 abbatem
968 3287 1145 3355 vobis
1191 3292 1257 3354 et
1298 3293 1620 3375 pastorem
1652 3288 2006 3355 animarum
2036 3293 2409 3374 vestrarum,
2457 3308 2589 3355 ser-

260 3409 396 3469 vata
426 3402 790 3471 Casinensis
837 3405 1121 3471 coenobii
1165 3404 1476 3489 libertate,
1524 3405 1659 3471 sine
1706 3425 1885 3471 mora
1929 3405 2193 3490 eligatis.
2268 3404 2590 3472 Statutum

260 3517 558 3606 siquidem
601 3521 783 3587 nobis
828 3527 945 3605 est,
990 3527 1063 3588 ut
1108 3521 1163 3586 si
1207 3521 1369 3587 hanc
1412 3522 1683 3587 formam
1725 3522 1794 3587 in
1841 3521 2124 3606 eligendo
2156 3522 2332 3588 vobis
2363 3522 2589 3589 abbate

263 3636 648 3703 servaveritis
663 3686 683 3720 ,
729 3640 801 3701 ut
844 3656 980 3721 nos,
1028 3638 1311 3703 remissis
1357 3636 1534 3704 vobis
1581 3637 1881 3705 ecclesiae
1924 3644 2172 3706 vestrae
2215 3638 2587 3723 insignibus,

264 3766 362 3817 vos
416 3752 492 3819 ab
552 3751 911 3819 obedientia
957 3757 1020 3819 et
1064 3752 1450 3820 subiectione
1493 3758 1714 3820 nostra
1758 3774 1973 3821 omnes
2019 3755 2259 3842 pariter
2305 3754 2589 3822 absolva—

266 3880 393 3934 mus
436 3873 499 3936 et
544 3889 657 3936 vos
704 3868 785 3934 ad
829 3870 1292 3956 promotionem
1334 3870 1533 3936 futuri
1578 3870 1825 3937 abbatis
1870 3871 2101 3937 liberos
2149 3890 2188 3935 a
2230 3870 2411 3937 nobis
2458 3870 2589 3938 effi-

268 3980 506 4051 ciamus.
576 3982 759 4063 Quod
802 3985 877 4069 si,
925 3984 1091 4070 quod
1123 3985 1307 4070 absit,
1355 3986 1524 4075 apud
1551 4007 1665 4053 vos
1697 3986 2042 4053 diabolicae
2073 3991 2137 4053 et
2165 3988 2590 4054 contentiosae

269 4092 396 4167 mae
433 4101 895 4167 coniurationes
927 4105 992 4167 et
1020 4103 1516 4190 conspirationes
1546 4102 1614 4169 in
1643 4102 1761 4170 hac
1792 4102 2030 4189 aliquid
2058 4122 2250 4170 causa
2278 4109 2588 4190 temptare

302 4280 439 4339 *³534*-
462 4278 531 4328 ’Β
554 4276 676 4327 fiac
706 4287 750 4325 d
780 4278 900 4328 dnae
932 4296 1050 4341 quac
1079 4289 1321 4341 sequnntur
1349 4282 1569 4341 φὺὶοὶω
1600 4283 1756 4341 repetis·
1783 4298 1842 4326 ex
1868 4284 2071 4341 principe
2104 4285 2262 4344 (quam
2292 4291 2495 4329 caeterae
2524 4299 2591 4329 u-

278 4360 389 4411 *
413 4367 532 4414 ml)
566 4359 761 4407 aditione
796 4361 963 4424 Augoh‘
991 4360 1049 4408 dc
1080 4361 1205 4406 Nuce
1236 4361 1269 4407 l.
1288 4361 1323 4407 l.
1348 4377 1398 4420 ρ.
1420 4362 1496 4416 26,
1530 4363 1611 4422 qui
1639 4361 1793 4407 codiee
1826 4363 2066 4409 cosin-mn·
2092 4378 2200 4410 uene
2231 4371 2313 4409 est.

399 4464 447 4517 1.
479 4462 672 4520 natth.
696 4464 749 4532 3,
774 4464 861 4519 10.
1003 4464 1054 4519 2.
1094 4461 1180 4521 Cf.
1203 4464 1340 4519 Luc.
1366 4465 1451 4533 13,
1477 4465 1528 4519 ’1.
1654 4465 1709 4520 3.
1752 4470 1991 4535 „quarto
2025 4465 2212 4522 Nonas
2246 4464 2589 4536 Novembris,

284 4542 445 4607 insciis
476 4550 737 4609 fratribus
748 4551 790 4608 ⁴¹.
847 4552 996 4609 Petr.
1019 4552 1160 4609 diac.
1188 4552 1390 4610 ebron.
1416 4551 1597 4611 Oasin.
1636 4553 1699 4610 L.
1726 4554 1824 4610 IV.
1861 4570 1909 4610 c.
1938 4554 2057 4610 12⁷.
2094 4570 2153 4625 p.
2177 4555 2306 4610 842.

2797 1034 2905 1093 post
