3319 5242
697 432 785 498 56
1324 444 1930 496 monoemnus
1978 444 2419 494 commitem

521 595 661 655 1147
698 590 849 675 suis,
894 594 968 657 ut
1009 588 1288 656 familiae
1330 587 1500 655 illius
1547 587 1845 655 aecclesie
1876 587 2375 655 coadunarentur
2403 592 2468 655 et
2492 588 2563 655 in
2593 587 3045 656 subiectionem

530 670 662 717 mm
698 708 822 775 sibi
865 707 1366 773 convenirentur.
1436 703 1916 771 Destinatorum
1962 708 2174 771 autem
2221 704 2476 790 quidam
2504 710 2657 771 nota
2684 705 3046 773 fucatioris·

697 822 845 890 fidei
889 823 1009 888 hoc
1051 823 1122 888 in
1165 821 1423 906 negocio
1470 842 1509 887 a
1551 820 1869 887 nonnullis
1915 821 2273 904 notabatur,
2321 822 2620 906 quoniam
2666 826 2731 890 et
2772 821 3047 889 domini-

699 939 835 1006 cale
878 939 1182 1005 forsetum
1228 938 1307 1004 ab
1353 937 1577 1004 abbate
1619 937 1691 1002 in
1736 935 2108 1004 beneficium
2153 937 2441 1023 optinere
2484 937 2802 1023 nequibat.
2880 938 3047 1005 Nam

701 1060 766 1123 et
817 1054 1262 1122 ministeriales
1318 1052 1493 1119 ducis
1512 1049 1528 1079 ¹
1584 1058 1647 1120 et
1703 1053 1774 1118 in
1825 1053 2280 1141 premunitorio
2294 1053 2317 1090 ⁶
2374 1054 2541 1120 dicto
2589 1049 3047 1139 Scowenburg²

698 1171 934 1239 milites
978 1168 1191 1237 Adulfi
1206 1164 1228 1198 ⁸
1275 1169 1530 1237 dicioris
1577 1188 1651 1235 ac
1694 1168 2021 1236 nobilioris
2068 1169 2220 1254 viri,
2276 1188 2393 1256 per
2435 1170 2648 1256 ipsum
2690 1170 2852 1238 inibi
2898 1190 3045 1238 con-

699 1288 927 1372 stituti,
973 1287 1198 1371 legatis
1245 1286 1378 1353 suis
1423 1285 1490 1351 id
1522 1285 1601 1352 ab
1633 1286 1859 1353 abbate
1889 1285 2315 1370 obtinuerunt,
2364 1287 2658 1371 quatinus
2688 1285 2798 1353 illo
2828 1289 3048 1355 venire

700 1402 999 1488 differret,
1034 1423 1355 1490 quousque
1385 1402 1781 1468 dominorum
1813 1421 2070 1468 suorum
2100 1401 2420 1469 decretum
2444 1422 2635 1489 super
2664 1402 2781 1470 hoc
2810 1404 3047 1472 rescire

701 1520 1014 1603 valerent3
1063 1525 1128 1586 et
1171 1520 1228 1585 si
1255 1520 1418 1585 foret
1448 1519 1731 1604 ipsorum
1763 1518 2174 1585 assentationi
2202 1539 2330 1585 non
2359 1517 2686 1603 offensum,
2732 1520 2814 1586 ad
2859 1540 3046 1588 omne

702 1638 1016 1711 servimen
1062 1636 1184 1703 sibi
1212 1635 1620 1702 deferendum
1651 1632 1949 1702 offerrent
1978 1635 2260 1702 animum
2287 1636 2850 1723 promptissimum.
2925 1637 3046 1704 Ta·

700 1753 848 1821 liter
893 1752 1160 1819 domnus
1207 1752 1400 1819 abbas
1443 1751 1713 1837 inceptis
1758 1751 2124 1818 dilationem
2167 1752 2464 1839 inposuit.

878 1868 978 1935 Ac
1031 1868 1110 1935 de
1164 1866 1555 1934 Kimenaden
1610 1866 1975 1934 thesaurum
2045 1873 2110 1934 et
2164 1888 2405 1954 queque
2460 1867 2846 1957 preciosiora
2898 1867 3050 1935 huic

705 1984 964 2053 ecclesie
1009 1984 1091 2050 ad
1136 1982 1566 2050 conservanda
1608 1982 1677 2048 in
1720 1985 1992 2070 pocioris
2036 1986 2326 2051 fortunae
2359 1984 2494 2051 dies
2527 1984 2739 2067 duxit3
2788 1984 2942 2070 quia
2985 1990 3052 2052 et

705 2102 962 2169 adstans
1005 2099 1295 2188 perplexi
1338 2098 1592 2166 malicia
1633 2119 1751 2186 per
1791 2100 2090 2187 variaque
2136 2105 2202 2167 et
2235 2100 2682 2168 inenarrabilia
2692 2112 2734 2165 ⁶.
2804 2099 3049 2168 Idcirco

706 2223 771 2285 et
828 2215 1107 2284 armata*¹
1151 2236 1343 2282 manu
1399 2214 1664 2282 militari
1720 2216 1913 2284 abbas
1974 2217 2325 2284 coadunata
2377 2218 2532 2284 satis
2588 2216 2928 2284 admodum
2982 2222 3053 2284 et

705 2333 990 2420 copiosa,
1047 2352 1129 2399 ne
1175 2352 1242 2399 se
1285 2337 1579 2418 presente
1634 2333 1878 2400 sinistri
1924 2334 2074 2419 quid
2128 2335 2400 2401 oriretur
2443 2339 2555 2400 aut
2597 2334 2790 2402 etiam
2832 2353 2902 2399 se
2947 2353 3051 2401 se-

704 2455 898 2534 moto,
928 2449 1077 2516 hinc
1106 2447 1550 2535 spectabiliora
1577 2447 1756 2515 tulit:
1805 2469 1886 2517 ne
1926 2451 2108 2534 forte,
2154 2450 2209 2517 si
2240 2450 2349 2535 qui
2378 2449 2796 2516 emulatorum
2825 2469 3052 2536 super-

705 2566 1012 2651 venirent,
1061 2566 1139 2633 ad
1185 2570 1403 2632 votum
1447 2565 1568 2633 sibi
1613 2586 1838 2654 parere
1883 2566 2038 2634 haut
2079 2566 2437 2634 invenirent
2475 2566 2635 2634 inibi
2664 2565 2766 2634 vel
2810 2565 2999 2633 unde.

881 2683 1047 2750 Nam
1090 2683 1356 2749 domnus
1396 2683 1755 2750 Volcwinus
1800 2684 2196 2769 causabatur,
2242 2704 2576 2768 germanae
2622 2704 2772 2751 suae
2813 2680 3054 2751 filiam⁴

706 2800 774 2866 in
816 2798 1218 2887 prelatricem
1272 2799 1713 2867 universaliter
1767 2805 1926 2866 nutu
1978 2800 2147 2885 regis
2204 2800 2467 2867 electam
2521 2799 2592 2865 in
2634 2799 3052 2887 Kimenaden,

708 2921 774 2984 et
814 2936 930 3003 per
974 2915 1264 2983 abbatem
1309 2920 1638 2983 cassatam.
1731 2915 2019 3002 Denique
2074 2921 2139 2982 et
2187 2921 2372 3002 pater
2414 2916 2779 2984 iuvenculae
2821 2916 3054 2985 Eleut-

708 3032 904 3100 wicus
950 3031 1029 3100 de
1067 3031 1232 3099 Lare
1272 3068 1354 3079 —
1394 3053 1547 3100 nam
1592 3037 1656 3099 et
1696 3032 1836 3120 ipse
1880 3053 2161 3100 sororem
2205 3031 2532 3117 Volcwini,
2577 3022 2865 3100 defuncto
2906 3034 3055 3101 viro

710 3169 823 3216 suo
876 3148 1219 3217 Adelberto
1275 3149 1354 3215 de
1407 3125 1741 3216 Evers‘tein
1757 3198 1775 3234 ,
1831 3149 1902 3215 in
1953 3147 2429 3215 matrimonium
2486 3148 2796 3216 asciverat
2838 3184 2922 3195 —-
2974 3170 3055 3218 ac

709 3267 906 3333 frater
969 3266 1170 3352 ipsius
1235 3265 1446 3353 puelle
1513 3263 1926 3348 Adelbertus,
1994 3262 2160 3331 filius
2225 3265 2458 3352 prioris
2525 3264 2853 3333 Adelberti
2913 3285 3054 3336 non

710 3380 1154 3466 Hloutduwici,
1198 3401 1327 3447 non
1365 3380 1766 3448 mediocriter
1794 3381 1940 3448 hinc
1969 3381 2279 3448 dolebant.
2417 3381 2836 3449 Theodericus
2878 3381 3055 3449 nihi-

710 3498 983 3565 lominus
1029 3498 1107 3564 de
1136 3496 1375 3581 Riclige
1418 3497 1653 3563 nostris
1700 3494 1972 3564 offensus
2017 3503 2226 3580 extat3
2274 3498 2381 3584 qui
2429 3502 2492 3564 et
2524 3494 2837 3565 sororem‘
2868 3496 3054 3584 Sige-

711 3614 860 3681 fridi
903 3614 1209 3701 principis
1256 3619 1321 3680 et
1363 3613 1644 3680 Heinrici
1656 3609 1701 3698 ⁶,
1751 3613 2065 3699 quondam
2123 3614 2242 3681 hoc
2293 3614 2364 3679 in
2405 3613 2542 3680 loco
2588 3614 2862 3697 abbatis,
2916 3616 3053 3682 iam

711 3750 899 3797 nunc·
921 3729 1354 3816 patrocinatur
1409 3734 1474 3796 et
1524 3729 1891 3799 reinducere
1943 3731 2102 3799 inibi
2155 3735 2292 3798 tota
2334 3731 2677 3815 sagacitate
2720 3750 2796 3797 ac
2836 3731 3052 3799 studio

712 3850 992 3914 conatur.

486 3972 680 4094 &iffi
890 3961 1056 4028 Nam
1110 3966 1183 4027 ut
1239 3966 1303 4028 et
1344 3956 1508 4027 filia⁷
1550 3961 1751 4048 ipsius
1797 3961 2186 4030 Kimenaden
2242 3959 2680 4051 preficeretur,
2735 3960 3054 4032 instabat⁸

858 4127 900 4160 a.
931 4113 1039 4160 note
1068 4111 1309 4160 fucationis
1341 4130 1382 4161 c.
1503 4112 1550 4160 b.
1578 4113 1916 4173 promunctorio
1947 4131 1986 4160 c.
2110 4126 2151 4160 c.
2182 4115 2251 4161 εἰσ
2281 4114 2384 4160 cod.
2510 4113 2555 4160 d.
2587 4115 2762 4161 armatu
2791 4132 2829 4161 c.

857 4219 906 4272 1.
945 4216 1189 4273 Heinrici
1223 4216 1441 4273 Leonis.
1583 4219 1635 4273 2.
1673 4216 2073 4288 Schauenburg
2106 4217 2226 4274 sive
2259 4217 2643 4288 Schaumburg
2677 4232 2849 4287 prope
2871 4217 3055 4277 wise-

715 4322 832 4362 ram
869 4304 942 4375 fl.‚
977 4305 1161 4361 media
1194 4304 1309 4362 fere
1344 4307 1438 4362 via
1470 4306 1613 4362 inter
1646 4306 1883 4362 Hameln
1919 4311 1977 4361 et
1999 4307 2348 4378 Bflekeburg.
2471 4308 2525 4362 3.
2562 4304 2748 4364 Adolfi
2783 4306 2855 4363 de
2879 4306 3054 4366 Scho-

717 4395 996 4465 wenburg,
1033 4395 1088 4450 11
1122 4395 1339 4452 comitis
1374 4395 1673 4452 Holsatiae.
1800 4396 1854 4451 4.
1890 4394 2143 4467 Iuditam,
2179 4397 2449 4454 Ludovioi
2484 4395 2671 4453 filiam.
2812 4395 2866 4451 5.
2903 4395 3055 4453 Iudi-

715 4489 854 4553 tam,
902 4499 1142 4540 sororem
1178 4484 1421 4541 Heinriei
1458 4485 1485 4539 1
1529 4484 1747 4541 abbatis
1782 4483 2144 4542 corbeiensis.
2288 4486 2340 4541 6.
2390 4485 2435 4542 1.
2572 4486 2630 4559 ,7.
2676 4484 2887 4556 ludite,
2935 4483 3056 4544 filia

716 4572 1058 4633 Theoderici.
1203 4573 1252 4630 8.
1290 4571 1666 4632 Theodericus
1702 4573 1773 4632 de
1806 4573 2035 4646 Rioh’ge.
