3319 5242
660 427 693 478 ⁸
927 463 1224 511 wmALm
1264 462 1638 511 nmsrom
1683 463 1806 509 24-
1820 463 1896 510 aa.
2449 446 2574 513 103

234 610 380 671 tuus
427 604 649 691 Poppo
696 605 773 672 de
801 603 1317 671 Blanchenburch
1362 610 1426 671 et
1468 603 1584 670 filii
1629 605 1763 670 eius
1807 624 1923 690 per
1963 604 2330 672 violentiam
2372 605 2577 673 eidem
2611 612 2751 668 1146

234 721 452 787 abbati
501 720 914 805 abstulerunt,
971 721 1396 807 experientiae
1441 726 1585 787 tuae
1628 720 2001 787 mandamus
2049 726 2112 788 et
2154 721 2270 788 sub
2315 727 2576 809 optentu
2623 685 2734 733 Dm

232 838 482 920 gratiae
538 842 792 904 nostrae
845 838 1260 923 precipimus,
1328 842 1399 902 ut
1453 836 1668 902 omnia
1719 837 1787 903 in
1840 837 2155 921 integrum
2213 838 2271 905 ei
2326 838 2576 904 restitui

232 953 451 1019 facias,

240 1163 360 1234 25.
415 1168 741 1232 Conradus
793 1166 904 1231 III
958 1189 1071 1231 rex
1134 1122 1421 1232 Iuditkae
1488 1168 1833 1232 abbatissae
1899 1164 2320 1231 Heu-vardensi
2383 1168 2573 1253 siqni-

398 1284 585 1374 βοαί,
632 1306 698 1346 se
741 1281 1020 1348 Wibaldo
1065 1282 1409 1364 mandasse,
1457 1292 1525 1345 ut
1566 1283 1935 1346 mmmsterio
1975 1280 2391 1346 Hervordensi
2433 1284 2574 1347 sub-

415 1399 640 1462 veniat.
2296 1393 2403 1478 (M.
2439 1396 2572 1477 24.)

417 1529 787 1596 Cuonradus
828 1528 949 1595 Dei
993 1530 1199 1613 gratia
1235 1529 1664 1596 Romanorum
1706 1548 1820 1595 rex
1850 1527 2186 1612 I(udithae)
2233 1529 2576 1596 venerabili
2613 1526 2753 1647 1336

238 1646 597 1713 abbatissae
643 1645 719 1712 de
764 1644 1087 1712 Herevord
1129 1645 1400 1729 gratiam
1445 1665 1625 1711 suam
1671 1650 1736 1711 et
1780 1664 1964 1710 omne
2009 1644 2261 1710 bonum.
2724 1635 2736 1646 ’

418 1761 596 1828 Sicut
640 1761 890 1828 divinae
932 1761 1429 1848 preordinationi
1472 1760 1715 1847 placuit
1757 1765 1822 1826 et
1851 1759 2247 1826 Corbeiensis
2279 1760 2578 1829 ecclesiae

234 1878 555 1945 unanimis
601 1882 665 1944 et
708 1896 964 1944 concors
1012 1877 1231 1944 electio
1266 1875 1630 1963 postulavit,
1678 1876 1883 1942 virum
1916 1876 2338 1943 venerabilem
2368 1883 2432 1944 et
2460 1899 2579 1964 pro

233 2016 353 2061 sua
395 1993 521 2060 fide
567 1999 631 2060 et
675 1993 901 2060 studiis
946 1993 1127 2060 nobis
1174 2013 1488 2078 regnoque
1534 1998 1749 2058 nostro
1781 1991 2190 2058 karissimum
2217 1990 2578 2059 Wiboldum

234 2110 678 2176 stabulensem
724 2109 1033 2193 abbatem,
1086 2109 1234 2176 licet
1277 2109 1548 2176 invitum
1594 2127 1668 2174 ac
1712 2108 1822 2174 diu
1865 2107 2257 2193 multumque
2300 2110 2577 2176 reniten-

231 2233 397 2310 tem,
456 2227 835 2292 monasterio
892 2224 1257 2292 Corbeiensi
1319 2225 1717 2310 prefecimus.
1794 2224 1882 2291 Et
1945 2225 2242 2309 quoniam
2301 2225 2380 2291 ab
2437 2225 2577 2312 ipso

234 2343 463 2409 abbate
521 2347 586 2408 et
635 2341 983 2428 privilegiis
1031 2340 1328 2408 ecclesiae
1374 2339 1770 2407 Corbeiensis
1817 2340 2179 2425 didicimus,
2241 2339 2578 2426 specialem

231 2459 567 2525 caritatem
624 2457 693 2523 in
745 2457 997 2524 divinae
1053 2456 1405 2523 dilectionis
1461 2456 1704 2541 glutino
1761 2457 1931 2523 inter
1986 2462 2321 2541 utrumque
2370 2455 2580 2523 locum

231 2580 517 2643 vestrum
576 2578 640 2641 et
688 2574 970 2660 ipsorum
1013 2572 1289 2660 prelatos
1336 2572 1653 2657 extitisse,
1713 2577 1901 2659 atque
1947 2572 2029 2639 ad
2073 2572 2316 2640 abbatis
2363 2591 2578 2639 curam

232 2691 576 2779 pertinere,
634 2690 933 2776 quicquid
977 2690 1016 2756 a
1057 2694 1122 2755 te
1166 2689 1398 2773 corrigi
1439 2709 1569 2756 non
1610 2688 1801 2772 valet,
1856 2689 2088 2755 idcirco
2134 2689 2363 2756 dilecto
2406 2687 2579 2756 fideli

233 2813 451 2874 nostro
500 2806 705 2873 eidem
749 2804 961 2871 abbati
1003 2805 1413 2889 iniunximus,
1457 2810 1530 2870 ut
1571 2805 1850 2871 defectus
1896 2806 2263 2872 monasterii
2306 2806 2402 2871 tui
2445 2810 2577 2871 tam

232 2923 406 2990 intus
467 2942 655 3009 quam
708 2921 864 2987 foris
923 2920 1253 3005 diligenter
1312 2921 1352 2987 a
1405 2926 1467 2987 te
1521 2925 1584 2986 et
1631 2920 1671 2986 a
1713 2920 1839 2986 tuis
1883 2921 2193 3005 inquirat,
2253 2925 2318 2987 et
2358 2926 2575 2987 nostro

234 3040 432 3106 fretus
478 3038 812 3120 adiutorio,
858 3036 1102 3103 consilii
1148 3042 1211 3103 et
1255 3035 1474 3102 auxilii
1504 3055 1763 3101 manum
1790 3034 2060 3102 fideliter
2089 3035 2206 3102 tibi
2233 3036 2302 3101 in
2333 3036 2573 3102 cunctis

239 3152 767 3242 oportunitatibus
813 3154 940 3219 tuis
985 3154 1287 3240 porrigat.
1358 3150 1667 3237 Quicquid
1710 3170 1860 3218 vero
1890 3149 2007 3216 tibi
2039 3170 2117 3216 ex
2146 3155 2366 3217 nostra
2391 3157 2574 3238 parte

237 3271 488 3354 dixerit,
537 3275 602 3336 et
641 3271 1076 3336 incunctanter
1121 3269 1338 3335 credas
1386 3274 1468 3353 et,
1516 3267 1679 3334 sicut
1722 3266 1802 3333 de
1845 3272 1910 3333 te
1951 3265 2337 3352 confidimus,
2385 3287 2574 3355 opere

238 3386 582 3473 adimplere
625 3385 898 3452 studeas.

243 3597 367 3669 26.
420 3602 809 3665 Corbeienses
868 3598 1330 3665 stabulensibus
1383 3598 1459 3662 de
1512 3598 1793 3663 Wibaldo
1849 3600 1966 3663 sibi
2021 3599 2238 3664 abbate
2294 3620 2571 3662 concesso

407 3718 649 3803 qratiaa
694 3723 931 3802 ayunt‘.
1356 3788 1365 3795 ἢ
2293 3709 2401 3794 (Μ.
2441 3710 2571 3793 10.)

414 3847 704 3915 1)000110“’
763 3853 827 3913 et
882 3846 1241 3933 praeposito
1295 3846 1644 3929 ceterisque
1701 3844 2126 3913 dilectissimis
2184 3845 2455 3911 dominis
2511 3850 2575 3911 et
2610 3850 2749 3905 1146
2768 3868 2836 3934 px.
2855 3877 2902 3885 -

236 3965 535 4031 fratribus
577 3968 830 4033 sanctae
864 3962 1252 4029 Stabulensis
1285 3962 1584 4028 ecclesiae
1606 3959 1922 4028 Walterus
1953 3962 2147 4048 prior,
2193 3960 2573 4027 Adelbertus
2612 3922 2749 3975 1¹4⁷
2768 3937 2831 3970 ω’

236 4082 633 4167 praepositus
678 4084 969 4164 totusque
1015 4083 1355 4145 conventus
1402 4077 1798 4145 Corbeiensis
1844 4077 2173 4161 ecclesiae,
2226 4075 2573 4143 officiosum

238 4216 464 4263 munus
507 4197 823 4262 fraternae
869 4195 1219 4263 dilectionis
1266 4201 1349 4279 et,
1396 4195 1451 4261 si
1497 4194 1647 4280 quid
1693 4199 2020 4281 praeterea
2057 4191 2245 4277 valet,
2291 4191 2574 4278 obsequii

240 4318 313 4379 et
354 4311 712 4379 devotionis.

389 4440 425 4473 a.
464 4437 506 4472 et
535 4428 655 4473 hane
685 4436 728 4471 et
758 4437 1003 4488 sequentem
1036 4428 1273 4485 epistolam
1305 4426 1538 4472 ediderunt
1570 4429 1778 4473 Matiene
1808 4433 1850 4471 ct
1879 4424 2078 4471 Dwand
2114 4442 2172 4471 ex
2202 4441 2283 4472 ms.
2306 4425 2571 4485 Corbeiaenn',

242 4508 330 4566 qn·
360 4523 410 4550 ez
437 4524 485 4552 eo
518 4517 707 4567 tempore
734 4509 921 4566 perii-ue
950 4507 1141 4552 videtur.
1231 4507 1276 4552 b.
1310 4524 1385 4567 ap.
1410 4509 1615 4552 Marum
1645 4505 1778 4551 verbo
1798 4503 1981 4550 Demo
1997 4507 2293 4564 praemissum
2324 4513 2390 4552 est
2408 4506 2570 4550 lemma

240 4586 362 4630 boc.-
389 4584 674 4634 Corbeiensea
705 4586 1064 4634 Stabulemibus.
