3319 5242
721 328 855 397 482
1481 348 1782 395 msam
1823 347 2153 396 nprsmm
2200 347 2307 394 ³48.

547 501 685 557 1152
721 489 857 555 viro
903 488 1287 555 unanimiter
1321 488 1631 572 feceratis,
1679 494 1825 576 post
1853 489 2222 573 diligentem
2252 487 2782 555 examinationem
2809 490 3026 551 auctore

549 577 567 622 1

569 590 640 622 nn.

658 579 686 622 ⁸
720 604 992 671 Domino
1037 610 1242 671 ratam
1288 605 1609 690 habentes,
1656 625 1803 672 eum
1845 605 2190 692 plurimum
2236 605 2615 671 renitentem
2642 602 2867 669 nostris
2892 607 3029 667 tam·

720 737 912 806 quam
955 721 1121 787 beati
1166 721 1340 787 Petri
1384 722 1674 789 manibus
1721 727 2024 807 preeunte
2069 722 2272 788 sancti
2318 720 2594 807 Spiritus
2639 721 2841 804 gratia
2878 717 3030 784 vobis

718 836 784 902 in
822 836 1361 924 archiepiscopum
1391 838 1915 920 consecravimus,
1963 844 2028 903 et
2070 839 2238 904 inter
2281 837 2511 903 fratres
2551 843 2821 918 nostros,
2866 833 3034 899 donec

718 953 887 1019 circa
914 973 1027 1020 nos
1057 953 1259 1019 voluit
1288 953 1682 1038 commorari,
1715 973 1932 1020 carum
1962 953 2316 1036 habuimuS,
2348 953 2606 1020 honeste
2634 950 3034 1024 tractavimus,

718 1074 781 1135 et
822 1069 1089 1156 pallium
1135 1070 1276 1154 sibi,
1324 1069 1783 1156 plenitudinem
1828 1070 2069 1137 scilicet
2111 1067 2490 1156 pontificalis
2537 1067 2749 1151 officii,
2794 1088 2871 1133 ex
2912 1084 3037 1131 con-

717 1190 899 1251 sueta
952 1186 1119 1252 sedis
1167 1185 1547 1272 apostolicae
1591 1186 1979 1270 benignitate
2023 1185 2421 1253 contulimus.
2514 1183 2730 1271 Ipsum
2776 1202 2917 1265 ergo
2955 1181 3038 1246 in·

714 1301 847 1366 fula
890 1300 1267 1387 pontificalis
1316 1301 1506 1368 officii
1550 1302 1945 1385 decoratum,
1993 1302 2075 1368 ad
2119 1301 2446 1369 ecclesiam
2493 1321 2675 1367 suam
2721 1305 2785 1365 et
2830 1298 2907 1364 ad
2944 1315 3039 1362 vos

714 1436 859 1483 cum
903 1419 1111 1502 gratia
1154 1423 1409 1485 sanctae
1452 1417 1773 1485 Romanae
1818 1417 2156 1485 aecclesiae
2202 1423 2266 1484 et
2307 1416 2664 1484 litterarum
2707 1421 3043 1482 nostrarum

713 1534 1171 1620 prosecutione,
1219 1534 1557 1601 comitante
1602 1534 1898 1618 Domino,
1941 1534 2329 1617 redeuntem,
2375 1531 2778 1600 universitati
2822 1535 3047 1598 vestrae

717 1649 1011 1716 duximus
1058 1651 1360 1717 attentius
1407 1650 1993 1718 commendandum.
2070 1650 2193 1716 Per
2241 1647 2589 1737 apostolica
2630 1649 2847 1734 itaque
2887 1645 3047 1712 vobis

716 1766 955 1852 scripta
1009 1766 1412 1851 mandamus,
1469 1768 1763 1852 quatinus
1820 1787 1965 1833 eum
2023 1766 2291 1850 benigne
2345 1785 2421 1832 ac
2463 1770 2828 1831 reverenter
2870 1761 3048 1828 susci·

715 1881 910 1968 piatis
968 1888 1032 1948 et
1085 1882 1177 1966 ei,
1234 1888 1561 1968 tamquam
1616 1881 1854 1949 Christi
1899 1883 2132 1949 vicario
2192 1887 2257 1949 et
2315 1881 2671 1947 animarum
2715 1885 3049 1946 vestrarum

714 1998 978 2084 pastori,
1024 1998 1326 2066 honorem
1370 1998 1652 2066 debitum
1699 2019 1771 2065 ac
1812 1998 2232 2066 reverentiam
2279 2004 2343 2063 et
2370 1997 2837 2065 oboedientiam
2867 1993 3049 2060 humi·

715 2113 861 2181 liter
906 2115 1232 2181 deferatis:
1254 2192 1258 2197 ⁸
1281 2115 1577 2200 quatinus
1608 2134 1723 2200 per
1767 2115 1968 2202 ipsius
2016 2115 2367 2182 doctrinam
2404 2118 2469 2179 et
2496 2111 2883 2200 pastoralem
2912 2109 3050 2194 vigi·

714 2230 978 2297 lantiam
1024 2230 1293 2297 salutem
1337 2232 1405 2297 in
1449 2230 1628 2298 vobis
1675 2231 2123 2318 omnipotentis
2167 2229 2289 2297 Dei
2334 2230 2543 2314 gratia
2585 2234 2918 2315 operetur,
2967 2244 3051 2292 ee-

716 2346 910 2414 clesia
951 2353 1193 2431 vestra,
1256 2367 1416 2432 quae
1470 2351 1605 2412 tam
1658 2347 1729 2414 in
1787 2347 2223 2434 spiritualibus
2267 2364 2457 2433 quam
2502 2345 2572 2410 in
2615 2343 3051 2431 temporalibus

716 2462 901 2530 valde
957 2463 1177 2530 attrita
1223 2469 1347 2547 est,
1409 2463 1491 2529 ad
1534 2463 1920 2546 integritatis
1966 2483 2117 2530 suae
2162 2467 2399 2529 statum
2443 2460 2713 2528 Domino
2758 2460 3052 2545 largiente

715 2584 1038 2665 resurgat,
1097 2586 1162 2648 et
1204 2599 1316 2646 vos
1361 2579 1439 2647 de
1484 2579 1623 2666 ipso
1670 2579 1969 2663 gaudium
2021 2585 2085 2647 et
2128 2579 2267 2666 ipse
2312 2578 2390 2646 de
2435 2578 2615 2646 vobis
2662 2597 2959 2646 coronam
2999 2578 3053 2641 et

716 2695 993 2762 fructum
1037 2695 1453 2781 multiplicem
1496 2696 1565 2761 in
1609 2701 1948 2783 conspectu
1982 2695 2242 2762 Domini
2284 2700 2718 2780 consequatur.
2792 2691 3053 2762 Nichilo-

718 2813 928 2877 minus
976 2832 1220 2897 quoque
1249 2811 1429 2878 vobis
1474 2812 1869 2896 mandamuS,
1916 2817 1987 2877 ut
2032 2831 2148 2897 pro
2191 2811 2591 2878 reformando
2635 2810 2962 2894 religionis
2999 2812 3053 2873 et

717 2927 1068 2996 honestatis
1121 2928 1321 3014 ipsius
1381 2927 1718 2995 aecclesiae
1775 2932 1946 2994 statu
2006 2932 2070 2994 et
2126 2947 2240 3014 pro
2294 2927 2740 3014 recuperandis
2788 2926 3053 2994 eiusdem

720 3043 1059 3111 aecclesiae
1114 3044 1296 3111 bonis
1354 3049 1417 3110 et
1474 3044 1975 3130 possessionibus
2021 3043 2155 3110 sive
2198 3042 2545 3127 beneficiis,
2604 3062 2764 3127 quae
2816 3044 2947 3110 sive
2986 3040 3052 3106 de

721 3180 943 3227 mensa
971 3160 1071 3228 vel
1115 3161 1192 3228 de
1238 3180 1492 3227 camera
1535 3180 1646 3226 seu
1692 3159 2034 3227 elemosina
2073 3160 2273 3246 ipsius
2304 3159 2781 3246 archiepiscopi,
2830 3161 2962 3226 sive
2988 3156 3053 3222 de

721 3277 1022 3344 abbatum
1073 3278 1540 3363 prepositorum
1594 3281 1659 3342 et
1717 3276 2179 3343 abbatissarum
2231 3296 2490 3342 suarum
2532 3295 2782 3359 mensa,
2846 3274 2947 3343 vel
2986 3272 3053 3339 de

721 3393 1162 3461 canonicorum
1210 3413 1468 3460 suorum
1512 3392 1833 3479 prebenda
1874 3391 2093 3459 illicite
2127 3410 2425 3459 concessa
2453 3392 2755 3459 distracta
2784 3391 2890 3459 vel
2918 3390 3052 3457 alie-

720 3514 874 3574 nata
929 3514 1104 3592 sunt,
1161 3510 1327 3576 vires
1373 3509 1431 3575 ei
1477 3513 1541 3575 et
1585 3507 1891 3574 auxilium
1936 3508 2100 3574 sicut
2144 3508 2293 3575 boni
2338 3514 2401 3575 et
2443 3508 2655 3575 devoti
2696 3507 2817 3575 filii
2862 3506 3052 3576 effica-

722 3625 879 3693 citer
923 3625 1236 3692 tribuatis.
1332 3624 1497 3692 Sane
1541 3644 1656 3691 nos
1701 3602 2027 3706 iudicium}
2072 3624 2240 3711 quod
2285 3645 2475 3711 super
2518 3624 2637 3708 his,
2684 3644 2848 3709 quae
2890 3621 3051 3689 laicis

722 3761 1019 3809 concessa
1063 3748 1228 3826 sunt,
1274 3741 1343 3807 in
1389 3744 1728 3827 conspectu
1770 3738 1885 3806 filii
1930 3741 2133 3807 nostri
2177 3740 2500 3824 C(onradi)
2544 3740 2810 3808 illustris
2839 3739 3053 3806 Roma·

722 3879 949 3926 norum
993 3858 1160 3942 regis
1207 3857 1375 3944 apud
1417 3856 1744 3923 Coloniam
1797 3856 2160 3924 rationabili
2200 3856 2600 3944 providentia
2641 3856 2891 3923 noviter
2922 3873 3053 3942 pro-

722 3975 1073 4059 mulgatum
1119 3979 1236 4059 est,
1281 3973 1515 4040 favoris
1548 3973 1754 4039 nostri
1783 3974 2126 4040 assertione
2163 3972 2503 4041 firmamus.
2564 3972 2883 4057 Preterea,
2914 3989 3050 4057 quo-

723 4093 896 4158 niam
951 4092 1206 4177 quidam
1260 4111 1342 4158 ex
1394 4089 1604 4172 vobis,
1672 4094 1863 4175 prout
1920 4089 2305 4176 accepimuS,
2373 4095 2516 4176 post
2569 4090 2893 4176 inceptum
2943 4088 3052 4153 iter

725 4208 1026 4275 antedicti
1067 4208 1282 4274 fratris
1326 4206 1527 4272 nostri
1569 4204 1864 4271 veniendi
1909 4205 1990 4271 ad
2034 4226 2148 4273 nos
2201 4206 2442 4292 aliquas
2496 4206 2576 4273 de
2631 4206 2865 4272 eisdem
2921 4221 3050 4289 pos-

719 4324 1108 4391 sessionibus
1173 4344 1290 4410 per
1342 4321 1709 4389 violentiam
1776 4327 1840 4387 et
1898 4326 2119 4388 contra
2174 4321 2489 4389 iusticiam
2543 4321 2910 4388 invaserunt
2962 4313 3049 4383 vel

719 4445 1131 4525 occuparunt,
1180 4439 1562 4523 presentium
1597 4437 1973 4503 auctoritate
2001 4438 2395 4522 mandamus,
2440 4442 2532 4521 ut,
2564 4438 2690 4505 nisi
2717 4438 2882 4505 infra
2910 4453 3047 4521 qua-
