3319 5242
764 415 896 483 302
1149 398 1162 408 ²
1433 433 1730 483 wmALm
1773 433 2147 482 anemonas
2191 433 2297 479 181.
2332 432 2437 479 182.

591 598 729 653 1149
765 580 830 643 et
883 575 1291 662 prosperitati
1333 581 1548 643 nostre
1591 581 1896 661 tanquam
1940 575 2230 662 specialis
2274 576 2453 660 regni
2497 579 2562 642 et
2604 579 2841 642 noster.
2864 574 3073 640 amicus

765 691 1110 779 plurimum
1152 693 1563 778 congaudeas.
1633 692 1813 771 Quod
1858 698 2069 761 autem
2111 693 2181 759 in
2226 692 2500 759 adventu
2541 696 2761 758 nostro
2803 689 3075 758 aecclesia

767 812 832 875 et
883 828 1148 892 regnum
1201 810 1268 876 in
1325 809 1771 877 reformatione
1820 810 1995 897 pacis
2042 807 2358 896 proficiat,
2417 808 2806 876 orationibus
2848 811 3076 874 sanctae

766 924 1103 992 aecclesiae
1160 931 1225 993 et
1274 931 1406 993 tam
1452 925 1713 993 consilio
1759 947 1948 1011 quam
1993 926 2229 993 auxilio
2272 923 2554 998 fidelium
2597 926 2779 1009 regni
2822 924 3077 991 obtinere

766 1040 1212 1109 desideramus.
1270 1043 1623 1110 Industriae
1652 1043 1847 1127 igitur
1875 1048 2022 1110 tuae
2051 1042 2408 1109 mandando
2438 1041 2912 1126 committimus,
2946 1060 3077 1126 qna·

765 1159 934 1224 tinus
980 1159 1152 1225 omni
1197 1160 1521 1226 occasione
1555 1159 1910 1246 postposita
1940 1158 2021 1226 ad
2050 1159 2311 1243 curiam,
2357 1180 2546 1245 quam
2576 1159 2644 1225 in
2674 1157 3079 1244 assumptione

766 1280 1021 1342 sanctae
1065 1273 1302 1341 Mariae
1320 1271 1337 1303 ¹
1367 1274 1805 1342 Frankenvort
1848 1275 2223 1344 celebraturi
2268 1295 2505 1359 sumus,
2551 1274 2768 1342 venire
2810 1294 2937 1340 non
2979 1272 3078 1338 dif-

765 1390 962 1474 feras;
1009 1392 1118 1459 ubi
1161 1396 1293 1458 tam
1340 1391 1418 1458 de
1462 1392 1728 1479 privatis
1775 1413 1965 1477 quam
2007 1392 2275 1479 publicis
2321 1391 2596 1476 negociis
2640 1390 2877 1458 nostris
2918 1389 3079 1456 fami-

763 1506 908 1575 liari
961 1513 1171 1576 tecum
1226 1507 1486 1575 consilio
1541 1510 1874 1575 convenire
1928 1509 2331 1576 intendimus.
2510 1507 2682 1586 Quae
2740 1505 3081 1574 corbeiensi

765 1625 1103 1692 aecclesiae
1156 1645 1272 1710 pro
1317 1629 1430 1691 tua
1472 1623 1806 1693 dilectione
1856 1626 1926 1692 in
1969 1626 2239 1695 abbatiis
2253 1675 2273 1710 ,
2331 1625 2663 1692 Gaminata
2707 1622 2993 1690 videlicet
3029 1626 3084 1687 et

767 1739 1134 1824 visebacho,
1167 1740 1563 1825 contulimus,
1596 1741 1678 1807 ad
1706 1762 1856 1809 usus
1888 1743 2022 1809 eius
2050 1743 2186 1811 Deo
2217 1746 2531 1810 annuente
2560 1739 3080 1818 conservabimus3

763 1856 952 1940 certi,
1020 1856 1186 1941 quod
1237 1856 1644 1926 Corbeienses
1700 1860 2064 1945 pecuniam,
2121 1880 2311 1945 quam
2364 1857 2702 1926 iuramenti
2758 1855 3084 1923 assertione

763 1973 1202 2058 promiserant,
1247 1974 1674 2042 indubitanter
1717 1975 1899 2042 nobis
1942 1976 2323 2061 persolvant.

772 2185 807 2255 l
820 2183 944 2256 82.
986 2187 1313 2255 Heius-icus
1357 2193 1519 2278 reyis
1560 2192 1841 2256 notarius
1884 2190 2163 2257 Wibaldo
2207 2190 2552 2276 respondet,
2600 2210 2807 2275 reyem
2853 2185 3083 2252 consilio

986 2308 1113 2371 eius
1157 2330 1413 2372 usurum
1460 2331 1584 2371 esse
1629 2307 1707 2371 de
1751 2307 1967 2392 Ieyatu‘s
2013 2306 2100 2370 ad
2128 2307 2446 2371 Romanos
2491 2315 2548 2368 et
2580 2327 2827 2391 papam
2861 2305 3083 2367 mitten·

986 2422 1098 2497 dis,
1146 2424 1223 2487 de
1267 2423 1652 2510 expeditione
1697 2424 1763 2486 in
1806 2422 2055 2487 Italiam
2095 2422 2538 2508 promovenda,
2587 2422 2663 2485 de
2707 2422 2941 2506 Aynete
2982 2418 3083 2482 du-

985 2539 1143 2603 cissa
1184 2538 1487 2604 Polom'ae
1529 2539 1923 2606 restituenda.
2779 2532 2892 2616 (M.
2927 2529 3084 2610 170.)

589 2679 729 2735 1149
940 2669 1212 2737 Domino
1287 2691 1400 2737 suo
1468 2669 1809 2753 W(ibaldo)
1886 2669 2248 2738 Corbeiensi
2322 2674 2385 2738 et
2459 2667 2818 2737 Stabulensi
2892 2665 3089 2735 abbati

763 2786 1147 2869 ffleinricus)
1160 2783 1184 2816 ²
1229 2807 1380 2853 suus
1425 2787 1754 2853 servitium
1799 2787 1983 2859 servi.

942 2902 1120 2972 Sicut
1163 2902 1443 2987 dignatio
1486 2908 1700 2970 vestra
1743 2903 1901 2969 mihi
1942 2901 2246 2989 precepit,
2297 2901 2540 2968 litteras
2586 2905 2830 2968 vestras
2875 2900 3089 2966 domno

762 3020 898 3105 regi
951 3021 1354 3087 transmissas
1412 3020 1490 3086 de
1513 3012 1726 3087 ⁴verbo
1784 3019 1866 3086 ad
1911 3019 2172 3086 verbum
2226 3016 2494 3084 fideliter
2551 3018 2610 3085 ei
2654 3018 3090 3103 interpretatus

762 3158 924 3204 sum.
987 3135 1392 3204 Occasionem
1431 3156 1580 3202 vero
1625 3135 1994 3202 remanendi
2028 3134 2196 3222 apud
2227 3133 2561 3202 Stabulans
2576 3144 2599 3170 ⁸
2643 3134 2765 3201 etsi
2807 3134 2848 3200 a
2875 3133 3089 3200 domno

760 3274 909 3337 rege
937 3253 1115 3320 vobis
1157 3254 1500 3339 impetrare
1542 3251 1912 3339 potuissem,
1958 3256 2269 3338 temptare
2312 3250 2506 3335 nolui,
2551 3255 2893 3337 propterea
2933 3248 3089 3334 quia,

763 3367 1157 3436 considerata
1197 3367 1593 3452 negotiorum
1635 3366 2123 3454 multiplicitate,
2175 3372 2308 3433 tam
2350 3366 2487 3451 regi
2531 3387 2719 3452 quam
2763 3366 2942 3433 vobis
2983 3342 3089 3430 boc

763 3484 1137 3551 damnosum
1165 3504 1303 3551 esse
1334 3483 1768 3551 animadverti.
1896 3482 2218 3550 Secretum
2249 3489 2364 3567 est,
2398 3482 2565 3568 quod
2593 3483 2753 3549 dico.
2817 3482 3089 3550 Domnus

762 3621 877 3667 rex
920 3600 1297 3685 legationem
1339 3604 1472 3665 tam
1516 3598 1597 3664 ad
1624 3598 1938 3665 Romanos
1985 3620 2175 3685 quam
2219 3599 2301 3666 ad
2343 3599 2643 3666 domnum
2687 3620 2923 3685 papam
2952 3617 3089 3664 con-

764 3716 905 3785 silio
949 3714 1230 3784 fidelium
1274 3735 1529 3783 suorum
1575 3715 1868 3783 ordinare
1910 3716 2200 3784 intendit.
2262 3716 2334 3782 In
2369 3715 2487 3782 hoc
2517 3715 2777 3782 consilio
2807 3713 3088 3782 discretio

762 3837 978 3899 vestra
1020 3833 1249 3899 domno
1294 3832 1430 3916 regi
1472 3833 1831 3900 necessaria
1875 3833 2014 3900 erit.
2164 3832 2262 3899 De
2308 3831 2706 3919 expeditione
2751 3850 2993 3918 quoque
3028 3828 3093 3893 in

763 3948 1013 4017 Italiam
1056 3948 1500 4035 promovenda,
1547 3953 1611 4016 et
1654 3969 1868 4016 sorore
1911 3969 2028 4017 sua
2069 3942 2352 4016 ducissa⁸
2381 3946 2678 4014 Poloniae
2714 3944 3091 4015 restituenda

763 4086 879 4134 rex
923 4064 1255 4133 consilium
1283 4069 1564 4133 vestrum
1607 4064 1839 4133 habere
1884 4065 2086 4133 debet.
2244 4062 2367 4130 Pro
2411 4083 2567 4150 pace
2596 4063 3006 4131 restauranda
3032 4064 3093 4126 et

763 4180 1192 4249 confirmanda
1222 4181 1500 4248 studiose
1529 4201 1644 4247 rex
1675 4185 1741 4247 et
1770 4180 2106 4247 efficaciter
2134 4180 2397 4247 laborat.
2446 4178 2665 4247 Omnis
2695 4179 2884 4247 homo
2907 4174 3090 4246 debiti

765 4298 900 4365 sui¹³
945 4299 1037 4365 ita
1080 4297 1415 4386 persolvat,
1461 4302 1534 4363 ut
1574 4296 1771 4363 nichil
1814 4298 2067 4364 omnino
2109 4296 2306 4363 debiti
2348 4296 2446 4362 sui
2491 4316 2740 4383 semper
2784 4296 3026 4363 existat.

909 4473 951 4504 a.
992 4458 1233 4505 Stabulam
1264 4477 1304 4505 c.
1426 4458 1471 4505 b.
1512 4461 1580 4505 sic
1612 4458 1716 4505 eod.

908 4547 958 4599 1.
995 4544 1144 4614 Aug.
1171 4546 1255 4599 15.
1396 4544 1450 4599 2.
1488 4543 1724 4601 Conradi
1758 4543 1905 4613 regis
1940 4543 2203 4599 notarius.
2349 4544 2401 4599 3.
2437 4542 2677 4615 Agnete.
