3319 5242
757 421 891 489 220
1526 436 1828 486 wmALnr
1866 435 2197 485 ammona
2235 434 2342 483 188.

573 587 711 643 1148
757 585 977 649 asterii
1019 582 1281 667 edificat,
1332 581 1497 647 alias
1531 584 1867 668 pensiones
1911 602 2031 666 que
2074 580 2365 645 coenobio
2405 578 2606 644 solent
2639 578 2880 664 inferri
2914 600 3092 644 usur-

548 662 664 709 Nov.
692 662 721 710 ὅ
745 715 886 789 pat,
936 701 1102 765 alius
1147 700 1454 765 incendiis
1499 711 1723 778 vastat,
1773 698 1938 762 alius
1975 698 2197 784 predis
2228 710 2287 761 et
2314 698 2564 783 rapinis
2592 696 2869 781 infestat.
2933 695 3091 760 Fra·

754 831 877 883 tres
919 822 991 882 in
1035 817 1306 882 claustro
1349 816 1630 880 inediam
1673 817 1843 879 sitim
1885 816 2231 879 nuditatem
2266 814 2651 900 patiuntur,
2683 825 2756 878 ut
2795 835 2879 877 ne
2923 813 3095 878 nobis

756 935 1007 1020 quidem
1017 982 1037 1015 ,
1067 933 1392 1019 fratribus
1437 935 1569 997 suis
1580 980 1599 1012 ‚
1650 933 1871 996 domni
1902 954 2121 1017 papae
2145 930 2425 1016 famulis
2438 978 2457 1010 ,
2509 929 2721 1014 officia
2764 930 3095 1016 hospitali·

754 1053 899 1116 tatis
958 1063 1014 1115 et
1066 1051 1471 1115 humanitatis
1508 1051 1763 1135 possint
1803 1050 2178 1135 impendere.
2255 1046 2561 1111 Ordinate
2594 1068 2822 1133 pacem
2867 1047 3094 1112 aeccle-

752 1170 903 1247 siae,
951 1167 1277 1232 solvantur
1301 1166 1627 1251 fratribus
1672 1168 2024 1229 necessaria
2070 1177 2128 1229 et
2170 1164 2377 1228 debita
2420 1165 2756 1249 stipendia,
2802 1186 3095 1229 revocen-

752 1296 854 1349 tm·
906 1285 995 1348 ad
1043 1285 1209 1348 diem
1253 1283 1451 1346 aliam
1493 1304 1621 1346 non
1667 1281 1868 1346 solum
1912 1281 2323 1346 Eberacensis
2370 1293 2429 1346 et
2468 1280 2962 1361 Everbaoensnze,
3022 1294 3100 1346 set

752 1403 938 1465 etiam
970 1400 1194 1486 plures
1240 1399 1361 1463 alii
1401 1401 1530 1462 viri
1560 1399 1904 1484 prudentes
1951 1420 2027 1461 ac
2056 1397 2267 1462 Deum
2299 1400 2596 1477 timentes,
2648 1418 2922 1483 quorum
2954 1421 3096 1464 con-

748 1517 893 1582 silio
952 1528 1010 1581 et
1066 1538 1260 1603 opera
1313 1515 1461 1580 talis
1510 1513 1764 1600 Spiritu
1814 1527 2027 1579 sancto
2065 1527 2388 1600 prestante
2431 1514 2585 1600 eli9i
2615 1516 2823 1601 possit
2865 1516 2943 1579 in
2994 1515 3097 1580 ab·

750 1633 980 1713 bam,
1041 1635 1216 1697 cuius
1264 1634 1731 1696 conversatione
1773 1643 1831 1695 et
1872 1633 2077 1696 studio
2125 1644 2254 1695 tam
2297 1631 2663 1717 spiritualia
2707 1652 2903 1716 qaam
2949 1645 3098 1697 tem-

739 1748 1004 1835 poralia
1049 1750 1445 1813 correctionis
1491 1747 1768 1832 effectrm.
1810 1748 2064 1812 valeant
2105 1750 2398 1833 recipere.

928 1862 1187 1929 Minime
1230 1862 1723 1947 indignabantur
1764 1861 1908 1927 laici
1943 1861 2023 1927 ad
2053 1862 2247 1928 verba
2273 1861 2449 1945 haec,
2494 1860 2760 1929 veritate
2792 1881 2862 1928 se
2889 1861 3103 1948 ipsam

749 1985 995 2064 tuente,
1054 2000 1175 2064 que
1217 1979 1392 2066 ipsos
1436 1997 1884 2062 recognoscere
1928 1984 1993 2045 et
2034 1978 2222 2045 fateri
2267 1979 2562 2062 cogebat,
2611 1978 2775 2063 quod
2819 1998 2929 2062 ea,
2986 1999 3103 2064 que

750 2096 920 2162 dicta
971 2095 1252 2179 fuerant,
1316 2096 1553 2162 virtute
1608 2095 1874 2161 rationis
1928 2115 2058 2161 non
2112 2094 2428 2162 carebant.
2507 2093 2824 2181 Ceperunt
2878 2095 3102 2180 itaque

748 2212 1105 2281 consultare
1150 2212 1316 2279 inter
1363 2232 1431 2278 se
1478 2215 1666 2296 atque
1712 2212 2016 2295 conferre,
2063 2211 2196 2278 bini
2242 2211 2431 2277 simul
2468 2209 2570 2277 vel
2603 2211 2766 2277 terni
2799 2215 2910 2275 aut
2943 2232 3100 2297 qua-

746 2331 930 2396 terni.
1001 2329 1089 2396 Et
1142 2348 1285 2396 cum
1341 2347 1697 2395 sermonem
1751 2347 1935 2394 nemo
1987 2328 2315 2395 nobiscum
2358 2327 2619 2394 haberet
2661 2326 2921 2411 diesque
2969 2328 3101 2394 iam

746 2466 946 2531 usque
999 2445 1079 2511 ad
1124 2451 1410 2512 octavam
1453 2444 1677 2510 horam
1720 2444 2110 2529 preterisset,
2158 2444 2395 2528 egressi
2438 2444 2607 2528 inde,
2654 2443 3102 2510 dormitorium

746 2562 1150 2646 intravimus3
1220 2568 1407 2649 atque
1474 2580 1625 2628 mox
1680 2559 1946 2648 parvulo
2004 2562 2307 2647 temporis
2361 2560 2818 2646 interveniente
2877 2561 3099 2647 spacio

746 2684 1161 2763 revertenteS,
1231 2678 1535 2765 quosdam
1601 2678 1848 2764 priores
1916 2696 2057 2744 cum
2115 2677 2426 2763 aliquibus
2479 2677 2780 2743 fratribus
2840 2677 3099 2744 obviam

746 2797 1100 2881 habuimus,
1149 2795 1256 2881 qui
1300 2794 1568 2881 pedibus
1611 2793 1847 2860 nostris
1895 2793 2194 2878 advoluti,
2244 2794 2473 2860 obnixe
2518 2797 2582 2860 et
2625 2812 2769 2858 cum
2812 2792 3098 2860 lacrimis

746 2913 1068 3001 petebant,
1124 2912 1419 2998 quatinus
1466 2911 1556 2977 eis
1606 2909 1988 2976 adiutorium
2033 2908 2102 2974 in
2144 2909 2519 2976 necessitate
2562 2908 3095 2995 impenderemus,

744 3036 819 3097 ut
862 3030 1129 3096 domnus
1174 3027 1672 3095 Heresfeldensis
1719 3026 1912 3093 abbas
1956 3024 2326 3113 prelationis
2378 3025 2547 3092 illius
2593 3026 2907 3092 sarcinam
2952 3049 3098 3093 sus-

745 3147 1001 3233 ciperet,
1070 3144 1158 3212 Et
1213 3144 1504 3212 adiunxit
1546 3164 1710 3210 unus
1757 3164 1838 3210 ex
1883 3139 2004 3210 eis:
2065 3146 2365 3230 quoniam
2408 3142 2615 3227 inquit
2656 3157 2867 3209 noster
2908 3167 3093 3210 mon-

746 3264 935 3328 achus
983 3276 1040 3328 et
1062 3263 1283 3348 frater
1307 3262 1470 3347 fait,
1519 3274 1857 3346 antequam
1900 3264 1970 3325 in
2016 3260 2298 3325 abbatem
2332 3273 2824 3346 promoveretur.
2986 3259 3095 3326 Ad

744 3378 900 3444 haec
945 3398 985 3442 a
1028 3376 1210 3443 nobis
1256 3375 1348 3441 sic
1390 3395 1766 3461 responsum
1812 3380 1936 3441 est:
1998 3376 2168 3457 Nos,
2212 3377 2462 3463 fratres
2508 3377 2858 3456 karissimi,
2920 3379 3096 3464 quod

746 3496 823 3560 de
888 3493 1156 3559 alicuius
1225 3493 1468 3557 abbatis
1536 3492 1825 3558 electione
1891 3495 2144 3559 domino
2211 3507 2424 3559 nostro
2480 3516 2655 3581 pape
2708 3494 3093 3558 credidimus

745 3611 1196 3697 beneplacitum
1210 3657 1229 3689 ,
1302 3609 1473 3694 quod
1530 3609 1861 3675 aecclesiae
1914 3623 2153 3675 vestrae
2207 3611 2485 3676 salutare
2493 3659 2512 3690 ,
2575 3611 2748 3696 quod
2793 3613 3092 3696 personis

744 3730 963 3792 vestris
1020 3739 1248 3805 tutum,
1301 3725 1529 3811 palam
1583 3748 1658 3789 ac
1710 3727 2078 3812 simliciter
2111 3730 2448 3813 protestati
2488 3749 2731 3806 sumus,
2790 3749 2903 3791 nec
2944 3748 3088 3791 sen-

744 3846 970 3909 tentiae
1012 3854 1263 3907 nostrae
1291 3844 1794 3928 prevaricatores
1807 3851 1829 3875 ⁸
1860 3865 1988 3907 esse
2016 3844 2312 3908 valemus.
2383 3844 2679 3909 Preterea
2723 3866 2853 3908 non
2884 3843 3087 3907 credi-

743 3982 902 4039 mus,
953 3959 1268 4038 abbatem„
1297 3995 1300 3998 ·
1331 3961 1446 4044 qui
1487 3962 1569 4023 sit
1614 3981 1864 4046 compos
1910 3961 2300 4025 discretionis
2347 3963 2713 4039 canonicae,
2771 3960 2885 4024 hoc
2930 3981 3090 4024 onus

743 4077 1070 4162 reqiminis
1138 4075 1372 4160 absque
1438 4076 1656 4140 domni
1705 4097 1924 4162 papae
1976 4079 2254 4141 iussione
2306 4080 2581 4163 recipere
2594 4125 2613 4157 ,
2688 4077 2860 4162 quod
2913 4076 3093 4159 l0n9=i

746 4195 1040 4279 temporis
1087 4204 1145 4256 et
1181 4193 1448 4278 yrandis
1493 4214 1800 4278 expensae
1844 4204 1902 4257 et
1942 4193 2179 4275 infiniti
2222 4193 2454 4257 laboris
2502 4206 2559 4258 et
2591 4206 2837 4258 eventus
2865 4193 3090 4257 incerti

748 4331 904 4395 opus
951 4320 1054 4372 est.
1129 4307 1211 4374 Si
1253 4310 1517 4385 domnus
1562 4308 2058 4394 Heresfeldensis
2102 4311 2181 4374 de
2212 4312 2505 4396 propriis
2537 4309 2778 4374 viribus
2810 4308 3079 4392 confidit,

745 4428 806 4490 si
857 4425 934 4489 de
984 4426 1199 4510 qratia
1251 4438 1308 4491 et
1350 4447 1651 4491 consensu
1696 4427 1915 4490 domni
1946 4447 2164 4512 papae
2205 4437 2447 4513 sperat,
2509 4448 2629 4491 sua
2662 4428 2880 4513 potius
2921 4421 3080 4488 deli-

746 4542 1061 4608 beratione
1105 4562 1296 4628 quam
1336 4555 1550 4609 nostro
1597 4541 1860 4607 consilio
1904 4543 2161 4608 nitatur.

888 4668 932 4703 a.
968 4657 1283 4716 provocatores
1311 4673 1353 4704 e.
