3319 5242
772 426 905 492 366
1444 446 1745 494 11101001
1787 446 2161 496 0118101110
2205 447 2315 494 848.
2350 448 2458 494 244.

598 591 738 646 1150
772 584 1005 669 vocari,
1051 586 1344 671 quatinus
1372 608 1490 674 per
1520 589 1655 655 eius
1686 588 2064 657 industriam
2093 595 2405 657 secretum
2434 590 2572 674 hoc,
2609 591 2776 658 sicut
2800 591 2869 657 in
2894 589 3081 658 ceteris

615 667 724 724 Apr.

594 1898 734 1952 1150

609 1974 719 2031 Apr.

773 701 1231 786 consuevimus,
1278 704 1360 769 ad
1405 705 1729 789 egregium
1758 704 1968 773 valeat
2009 705 2198 772 finem
2243 707 2526 793 perduci.
2584 706 2685 774 De
2728 708 2903 774 cuius
2928 706 3084 773 celeri

773 818 1130 885 reversione
1185 818 1521 903 benignam
1565 821 2049 905 intelligentiam
2108 828 2284 889 tuam
2343 823 2625 892 studiose
2683 824 3081 902 admonemus;

774 934 941 1019 quia,
988 953 1131 1001 cum
1177 935 1465 1004 sublimis
1511 958 1709 1024 nepos
1755 943 1900 1004 tuus
1946 938 2076 1004 iam
2121 939 2372 1006 adultus
2419 940 2523 1024 sit,
2569 945 2839 1026 oportet,
2883 946 3085 1007 uttam

770 1070 1077 1137 personae
1121 1051 1323 1138 ipsius
1371 1073 1560 1139 quam
1605 1054 1874 1140 imperio
1902 1060 2134 1121 ¹nostro
2165 1056 2232 1121 in
2263 1056 2689 1123 contrahendo
2718 1056 3085 1123 matrimonio

771 1166 908 1233 sine
949 1187 1130 1234 mora
1171 1168 1634 1254 provideamus.
1786 1170 1961 1239 Scire
2003 1177 2270 1257 possunt
2312 1173 2552 1239 inimici
2582 1174 2806 1257 nostri,
2853 1174 2955 1259 qui
2981 1172 3086 1238 dis-

769 1282 1135 1350 seminando
1180 1284 1502 1352 mendatia
1546 1287 1804 1353 turbare
1848 1307 1963 1353 nos
2008 1293 2073 1353 et
2117 1286 2477 1372 disiungere
2521 1289 2898 1373 moliuntur,
2949 1287 3089 1374 quod

769 1399 1092 1467 amiciciae
1134 1407 1348 1467 nostre
1392 1423 1594 1468 nexus
1640 1403 2094 1471 indissolubilis
2138 1410 2518 1490 perseveret.

773 1635 951 1707 244.
993 1640 1324 1708 Heivm'ous
1351 1644 1780 1708 Romanorum
1822 1667 1937 1709 rex
1966 1643 2306 1710 Emanueli
2337 1645 2723 1712 Graecorum
2755 1648 3090 1735 imperatori

991 1759 1313 1823 vidoviam
1359 1782 1434 1823 ex
1476 1759 1757 1847 Welfone
1800 1760 1994 1843 latam
2037 1764 2298 1826 nuntiat.
2798 1761 2907 1843 (M.
2944 1761 3089 1841 189.)

947 1887 1169 1956 Inclito
1223 1890 1702 1978 triumphatori,
1771 1890 2106 1976 magnifico
2164 1913 2239 1959 80
2298 1893 2555 1961 sublimi
2611 1896 2949 1962 avunculo·
2998 1914 3093 1960 suo

767 2003 1154 2088 E(manueli)
1187 2005 1662 2092 Porfirogenito,
1695 2006 2040 2075 Grecorum
2070 2010 2461 2095 imperatori,
2498 2010 2906 2096 H(einricus),
2948 2010 3089 2077 filius

768 2119 1026 2204 gloriosi
1073 2141 1146 2188 ac
1185 2124 1572 2191 serenissimi
1601 2123 1928 2207 C(onradi)
1958 2124 2385 2192 Romanorum
2415 2127 2818 2214 imperatoris
2850 2126 3092 2212 augusti,

767 2242 833 2303 et
875 2237 1012 2324 ipse
1056 2237 1176 2305 Dei
1223 2240 1430 2324 gratia
1471 2241 1902 2307 Romanorum
1944 2262 2080 2325 rex,
2126 2241 2338 2308 filialis
2384 2242 2738 2311 dilectionis
2784 2243 3092 2311 indissolu-

765 2353 959 2420 bilem
1003 2355 1275 2438 gratiam
1322 2361 1387 2423 et
1430 2355 1866 2424 firmissimum
1910 2362 2253 2445 perpetuae
2299 2359 2622 2426 amiciciae
2665 2361 2999 2427 vinculum.

946 2469 1123 2537 Sicut
1173 2473 1463 2559 propicia
1518 2474 1817 2541 divinitas
1876 2480 1940 2542 et
1992 2480 2293 2562 paternae
2348 2475 2630 2541 caritatis
2644 2476 2670 2513 ¹²
2717 2476 2969 2544 affectus
3007 2495 3092 2541 100

765 2586 1020 2674 imperii
1064 2592 1128 2655 et
1170 2609 1385 2657 rerum
1429 2592 1713 2677 parentis
1758 2591 1883 2658 m'ei
1930 2610 2352 2659 successorem
2396 2590 2546 2658 fecit
2576 2597 2640 2659 et
2667 2592 2976 2678 heredem,
3017 2591 3093 2658 sic

765 2723 908 2770 mea
951 2704 1370 2789 intelligentia
1412 2707 1647 2774 iustum
1695 2708 2056 2793 arbitratur,
2102 2715 2175 2775 ut
2220 2709 2453 2774 amicos
2484 2713 2548 2776 et
2574 2709 2887 2778 federatos
2914 2709 3092 2798 patris

764 2819 1066 2887 honorem
1114 2826 1178 2889 et
1224 2822 1515 2907 diligam,
1566 2824 1858 2891 inimicos
1905 2845 2050 2891 suos
2098 2830 2162 2892 et
2207 2846 2466 2892 suorum
2508 2845 2853 2913 persequar
2896 2832 2959 2893 et
2997 2846 3091 2912 op·

762 2937 1055 3023 primam.
1149 2937 1456 3016 Quocirca
1510 2945 1814 3026 paternae
1875 2940 2226 3008 dilectionis
2286 2953 2471 3025 erga·
2515 2962 2627 3007 vos
2675 2948 2740 3008 et
2782 2943 3091 3029 imperium

763 3059 1045 3120 vestrm
1088 3055 1429 3142 particeps,
1476 3076 1714 3141 vosque
1758 3062 2063 3144 tanquam
2097 3056 2509 3124 avunculum*¹
2537 3062 2828 3125 nostrum
2856 3058 3092 3125 karissi-

763 3190 939 3236 mum
984 3175 1049 3237 et
1090 3177 1340 3258 patrem
1376 3172 1738 3259 piissimum
1767 3174 2014 3258 integra
2045 3179 2108 3240 et
2136 3171 2314 3240 filiali
2346 3174 2679 3241 dilectione
2711 3175 3090 3263 amplectens

765 3306 995 3373 equum
1051 3307 1187 3354 esse
1246 3288 1587 3355 arbitratus
1648 3309 1821 3373 sum,
1883 3296 2131 3357 vestrae
2176 3290 2535 3357 celsitudini
2578 3290 2931 3376 notificare,
2987 3309 3090 3376 que

764 3403 933 3468 circa
974 3422 1110 3486 nos,
1157 3401 1278 3468 Dei
1312 3409 1637 3489 prestante
1669 3405 2025 3491 clementia,
2070 3427 2377 3494 prospera
2405 3411 2726 3491 geruntur.
2793 3407 3091 3494 Siquidem

551 3538 683 3586 Febr.
701 3539 730 3586 8
765 3523 987 3583 001818
1039 3517 1142 3584 die
1197 3520 1431 3586 mensis
1477 3519 1810 3588 Februarii
1866 3524 2173 3609 superbus
2232 3523 2339 3590 ille
2398 3528 2463 3590 et
2504 3522 2782 3611 perfidus
2828 3522 3087 3611 Welpho,

764 3637 861 3699 tot
914 3632 1357 3701 beneficiorum
1403 3637 1603 3723 patris
1648 3639 1775 3704 mei
1821 3638 2184 3723 immemor,
2243 3639 2557 3707 hostiliter
2600 3640 2838 3708 invasit
2876 3647 3089 3707 terram

764 3753 1077 3833 nostram,
1134 3757 1316 3837 patre
1369 3772 1508 3819 meo
1555 3754 1622 3819 in
1667 3754 1855 3820 rebus
1899 3755 2169 3842 publicis
2213 3755 2398 3841 longe
2445 3762 2699 3840 agente,
2754 3778 2857 3825 me
2898 3761 3087 3822 autem

764 3881 908 3929 cum
964 3869 1146 3951 parte
1199 3867 1472 3935 miliciae
1516 3869 1585 3935 in
1631 3869 1905 3955 quodam
1950 3877 2157 3937 castro
2202 3878 2419 3938 nostro
2462 3871 2702 3938 relicto.
2797 3873 3085 3951 Castrum,

765 3979 844 4046 ad
890 3982 1057 4067 quod
1099 3982 1209 4050 ille
1255 3986 1537 4069 accessit,
1584 3984 1929 4074 Flohcperc
1972 3988 2208 4054 dictum
2255 3992 2383 4070 est;
2440 4008 2558 4054 nos
2604 3994 2816 4056 autem
2861 4006 3086 4055 eramus

762 4096 829 4162 in
876 4097 999 4164 alio
1045 4105 1251 4167 castro
1297 4102 1587 4168 Horburc
1605 4097 1639 4186 ¹,
1699 4103 1974 4170 distante
2027 4103 2106 4170 ab
2151 4103 2261 4169 illo
2305 4124 2421 4190 per
2465 4105 2750 4190 spacium
2798 4109 2991 4172 restae
3031 4106 3087 4167 et

763 4214 1078 4283 dimidiae.
1170 4217 1450 4304 Accepto
1505 4217 1702 4301 igitur
1758 4224 1973 4286 tantae
2027 4218 2441 4286 contumeliae
2497 4223 2756 4307 nuncio,
2788 4217 3081 4289 'festinavi

761 4329 1004 4399 hostem
1046 4334 1373 4419 persequi3
1421 4338 1486 4400 et
1527 4353 1672 4401 cum
1718 4336 1994 4421 quinque
2036 4356 2270 4420 magna
2311 4337 2587 4404 miliaria
2615 4343 2763 4424 post
2790 4356 2926 4404 eum
2951 4354 3083 4422 pro-

906 4479 947 4512 8.
988 4467 1197 4514 8111110010
1241 4486 1280 4514 ο.
1404 4468 1449 4515 b.
1489 4471 1707 4528 paternae
1747 4470 2039 4529 paternitatis
2081 4488 2119 4516 e.
2243 4484 2283 4517 c.
2315 4484 2397 4528 gra
2437 4490 2475 4518 c.
2602 4473 2648 4519 d.
2688 4472 2931 4520 :uinculum
2963 4488 2999 4515 c.

905 4552 954 4606 l.
992 4552 1265 4623 Hal-burg,
1303 4569 1338 4608 a
1372 4554 1712 4627 Nordlingen
1749 4554 1894 4611 inter
1931 4556 2199 4613 orientem
2237 4562 2295 4613 et
2332 4558 2631 4614 meridiem.
