3319 5242
556 578 694 637 1149

563 4214 702 4271 1149

734 415 864 481 298
1402 427 1699 475 wmanm
1741 426 2112 475 ms‘romu
2157 423 2262 470 177.
2300 423 2404 469 178.

912 571 1088 639 Sicut
1146 576 1391 638 vestrae
1445 569 1802 637 celsitudini
1856 568 1986 634 iam
2043 572 2229 634 antea
2281 565 2741 649 suggessimus,
2805 563 3054 647 clericis,

734 690 843 775 qui
897 688 1261 756 aecclesiam
1319 687 1398 754 de
1441 685 1739 752 Linward
1793 687 2161 768 tenuerunt,
2221 686 2286 749 et
2337 680 2726 769 prebendam
2777 686 2843 748 et
2880 680 3057 747 bene-

731 805 944 873 ficium
989 804 1331 872 abiudicari
1374 803 1638 869 fecimus
1683 806 1945 889 propter
1991 799 2118 865 tria
2160 798 2457 886 capitula,
2512 816 2780 882 quorum
2825 795 3059 880 singula

730 928 1026 1010 poterant
1066 941 1203 988 esse
1244 919 1689 1007 peremptoria.
1757 917 1992 1000 Primo,
2040 915 2208 1002 quod
2242 914 2475 980 donum
2512 912 2733 980 altaris
2764 918 2830 980 et
2854 931 3059 979 curam

733 1039 1086 1106 animarum
1143 1037 1182 1103 a
1233 1037 1412 1104 vobis
1466 1036 1785 1121 suscipere
1838 1032 2282 1117 neglexerunt3
2339 1030 2504 1097 unde
2556 1034 2621 1097 et
2667 1030 2887 1097 eadem
2932 1048 3060 1096 aeo-

732 1154 951 1239 clesia,
1009 1174 1169 1240 quae
1227 1159 1325 1220 est
1367 1151 1762 1219 Corbeiensis
1819 1148 2156 1216 aecclesiae
2207 1146 2557 1234 possessio,
2617 1145 2686 1212 in
2739 1146 2840 1212 ius
2893 1144 3059 1211 vobis

730 1271 1221 1360 proprietarium
1267 1268 1625 1335 adiudicata
1668 1271 1797 1351 est,
1852 1271 1951 1332 set
1990 1285 2107 1352 per
2151 1265 2422 1348 gratiam
2467 1267 2533 1329 et
2573 1261 3061 1329 misericordiam

732 1394 1008 1456 vestram
1059 1387 1240 1453 nobis
1285 1391 1351 1452 et
1392 1385 1775 1452 monasterio
1818 1388 2033 1449 nostro
2080 1381 2251 1447 omni
2294 1399 2440 1446 cum
2481 1378 2845 1463 integritate
2887 1377 3062 1444 resti·

731 1509 887 1571 tuta.
960 1503 1266 1587 Secundo,
1314 1502 1481 1588 quod
1524 1520 1801 1584 censum,
1849 1520 1927 1566 ex
1974 1498 2231 1583 antiquo
2275 1496 2415 1562 iure
2447 1494 2751 1578 debitum,
2796 1495 2930 1561 iam
2955 1512 3062 1581 per

731 1621 1056 1689 biennium
1092 1618 1335 1685 solvere
1361 1616 1793 1701 neglexerunt.
1866 1615 2105 1698 Terci0,
2153 1613 2339 1701 quod,
2370 1613 2631 1678 decurso
2659 1611 2791 1677 iam
2818 1614 3064 1676 nostrae

731 1737 1101 1825 prelationis
1161 1734 1328 1821 apud
1373 1733 1705 1801 Corbeiam
1761 1732 1956 1798 trium
1981 1731 2132 1797 fere
2150 1726 2167 1757 ¹
2212 1749 2520 1795 annorum
2565 1726 2811 1814 spacio,
2867 1746 3063 1812 neque

734 1853 816 1920 ad
858 1873 973 1918 nos
1018 1856 1326 1919 venerunt
1366 1869 1483 1916 nec
1526 1849 1804 1916 debitam
1846 1847 2028 1915 nobis
2072 1846 2493 1913 reverentiam
2538 1849 2602 1911 et
2633 1843 2937 1910 honorem
2965 1862 3062 1909 ex-

732 1970 1044 2037 ibuerunt.
1202 1966 1374 2046 Quae
1418 1986 1561 2033 cum
1604 1966 1700 2031 ita
1742 1965 1892 2049 sint,
1937 1963 2226 2030 misimus
2270 1962 2353 2029 ad
2395 1961 2589 2048 pedes
2635 1965 2885 2027 vestrae
2929 1978 3063 2026 sau-

734 2085 970 2152 ctitatis
1000 2082 1395 2151 corbeiensis
1440 2081 1780 2149 aecclesiae
1825 2079 2242 2147 camerarium
2286 2078 2402 2145 sub
2445 2076 2561 2144 tali
2594 2075 2908 2142 discretae
2937 2094 3062 2141 mo-

734 2202 1075 2269 derationis
1122 2200 1448 2283 mandato,
1500 2204 1602 2281 ut,
1650 2197 1948 2283 quoniam
1990 2214 2328 2282 personam
2372 2193 2550 2261 vobis
2595 2192 2870 2276 exiberi,
2917 2211 3065 2278 quae

733 2339 950 2386 curam
995 2316 1275 2384 eiusdem
1321 2314 1659 2382 aecclesiae
1705 2314 2072 2400 susciperet,
2117 2309 2513 2398 precepistis,
2560 2309 2615 2374 si
2656 2309 2838 2375 favor
2869 2314 3065 2376 vester

734 2436 902 2502 circa
945 2433 1220 2519 aliquam
1263 2451 1602 2519 personam
1645 2429 2018 2512 inclinatur,
2078 2447 2219 2494 eam
2260 2426 2442 2494 vobis
2487 2447 2566 2493 ex
2607 2431 2832 2492 nostra
2872 2429 3063 2513 parte,

734 2550 910 2618 salvo
965 2551 1102 2616 iure
1153 2553 1368 2614 nostro
1415 2552 1480 2614 et
1521 2565 1713 2613 censu
1758 2544 2125 2629 aecclesiae,
2182 2548 2549 2632 presentare
2591 2541 2850 2625 debeat3
2915 2561 3064 2628 quae

736 2668 989 2756 quidem
1033 2685 1324 2753 persona,
1369 2664 1518 2731 licet
1550 2662 1686 2730 sola
1714 2682 1930 2729 curam
1963 2661 2251 2748 accipiat,
2294 2660 2609 2727 tamenin
2640 2665 2871 2746 quarta
2895 2664 3064 2746 parte

734 2783 1093 2872 prebendae
1148 2784 1187 2849 a
1239 2781 1422 2849 nobis
1480 2779 1890 2847 ordinabitur.
1968 2777 2147 2857 Quod
2200 2777 2258 2843 si
2313 2776 2502 2843 etiam
2557 2775 2637 2841 de
2679 2775 2886 2842 tribus
2908 2774 3061 2841 -reli-

735 2902 877 2989 quis
934 2898 1296 2993 prebendis·
1328 2900 1577 2964 vestrae
1633 2894 1995 2962 discretioni
2040 2892 2379 2981 placuerit,
2437 2896 2509 2958 ut
2553 2891 2765 2978 aliqua
2805 2911 3064 2979 persona

736 3018 913 3086 vobis
966 3021 1150 3102 grata
1189 3014 1595 3096 investiatur,
1655 3011 1847 3078 etiam
1891 3013 1958 3077 in
2002 3010 2122 3076 hoc
2165 3014 2412 3076 vestrae
2454 3006 2766 3074 voluntati
2807 3008 3064 3077 libenter

736 3132 1324 3221 obtemperabimus.
1399 3128 1471 3196 Si
1513 3149 1662 3195 vero
1706 3127 1882 3193 nulla
1925 3127 2003 3193 de
2047 3126 2267 3191 amicis
2311 3124 2540 3191 vestris
2570 3123 2938 3192 ordinandis
2964 3142 3063 3191 vo-

733 3251 833 3319 bis
878 3249 1168 3316 voluntas
1214 3251 1407 3330 extat,
1453 3265 1810 3332 personam,
1859 3264 2045 3329 quam
2093 3244 2153 3308 ei
2196 3263 2274 3309 ex
2304 3242 2558 3307 nomine
2587 3240 3062 3324 designavimus,

735 3367 913 3433 vobis
941 3363 1353 3452 presentabit.
1400 3362 1503 3428 Ad
1534 3359 1981 3428 cumulandum
2010 3379 2257 3445 quoque
2284 3356 2675 3441 beneficium,
2707 3333 2875 3441 quod
2895 3355 3063 3423 nobis

735 3481 1083 3550 liberaliter
1125 3479 1525 3566 impendistis
1538 3530 1558 3564 ,
1614 3484 1680 3546 et
1725 3477 1804 3544 ad
1859 3475 2346 3563 promerendum
2404 3472 2781 3541 cumulatius
2826 3478 3067 3539 nostrae

738 3598 1063 3665 servitutis
1096 3602 1520 3680 augmentum,
1552 3594 1721 3682 quod
1746 3594 1910 3662 bono
1940 3589 2280 3657 inchoastis
2310 3590 2643 3677 principio,
2675 3587 2802 3655 fine
2837 3588 3065 3676 optimo

738 3714 1112 3797 terminetiS,
1160 3718 1224 3780 et
1264 3733 1382 3779 nos
1427 3712 1505 3779 de
1550 3711 1753 3778 amico
1797 3708 1976 3776 vobis
2022 3706 2473 3773 amicissimum
2518 3704 2825 3773 efficiatis.

746 3943 918 4015 178.
960 3944 1290 4012 Heinrious
1357 3944 1852 4031 archiepiscopus
1910 3941 2309 4028 Moytmtt‘nus
2362 3939 2645 4005 Wibaldo
2705 3941 2941 4019 sor-ibit,
3006 3938 3064 4002 in

959 4061 1193 4151 synodo
1238 4058 1641 4147 Erfordiensi
1684 4081 1845 4147 quae
1890 4068 2031 4123 acta
2072 4058 2208 4122 εἰπέ.
2756 4052 2865 4135 (Μ.
2906 4052 3060 4130 121.)

918 4194 1302 4277 H(einricus)
1360 4192 1482 4259 Dei
1538 4192 1744 4277 gratia
1793 4189 2199 4275 Magantinae
2256 4187 2424 4254 sedis
2479 4186 2737 4253 humilis
2792 4186 3059 4253 minister

739 4310 1074 4396 wibaldo)
1136 4308 1394 4398 speciali
1450 4309 1651 4375 amico
1708 4327 1853 4392 suo,
1912 4305 2307 4374 Corbeiensis
2360 4303 2697 4371 aecclesiae
2739 4298 3061 4370 venerabili

883 4453 935 4507 1.
980 4451 1168 4521 itaque
1214 4453 1346 4506 ante
1391 4449 1446 4505 d.
1470 4449 1543 4505 20
1576 4448 1700 4505 Oct.
1729 4445 1868 4503 1149
1913 4446 2119 4515 scripta
2160 4444 2302 4502 haec
2344 4443 2581 4516 epistola
2624 4448 2730 4501 est.
2782 4439 2870 4501 Cf.
2915 4454 3061 4511 supra

742 4558 831 4614 ep.
860 4540 958 4596 141
997 4556 1051 4612 p.
1078 4540 1184 4597 223
1219 4554 1276 4594 n.
1298 4540 1349 4595 2.
3138 4533 3153 4554 ’
