3319 5242
844 459 1144 507 wmALm
1186 458 1558 508 amsa-omn
1602 459 1708 506 118.
1745 458 1849 505 144.
2391 441 2521 508 225

204 598 492 683 duximus,
540 604 611 665 ut
651 600 1005 685 predictum
1050 605 1164 685 est,
1211 607 1457 668 vestrae
1503 601 1867 668 discretioni
1900 620 2254 684 suggerere,
2301 620 2382 666 ne
2413 600 2522 666 ad-
2561 605 2697 659 1147

202 735 395 782 versus
441 715 693 783 decreta
720 716 988 783 Romani
1031 716 1345 804 pontificis
1383 722 1446 784 et
1476 724 1697 786 contra
1723 722 2025 804 precepta
2054 717 2292 783 domini
2321 717 2522 782 nostri
2572 679 2685 725 Νη

201 831 345 914 regis
387 832 456 897 in
500 832 858 900 defensione
900 853 1206 920 personae
1236 833 1405 900 illius
1437 840 1606 901 stare
1635 833 2026 900 videremini.
2088 833 2523 921 Rescripsistis

200 947 379 1031 nobis,
424 949 482 1015 si
527 949 684 1017 bene
730 949 1084 1034 recolimus,
1132 950 1297 1036 quod
1341 949 1624 1018 membro
1654 949 2044 1016 Coloniensis
2086 950 2386 1017 ecclesiae
2416 949 2523 1016 de-

2184 1066 2524 1134 resentiam

2184 1183 2246 1267 it,
2292 1183 2523 1249 verita-

2212 1318 2327 1385 per
2355 1296 2525 1363 litte-

2184 1435 2237 1480 m
2268 1414 2526 1485 audien-

2234 1528 2525 1615 Laqueus
2619 1544 2757 1599 1148

2184 1646 2335 1713 »Ositl’
2560 1617 2691 1664 um
2709 1620 2817 1677 Apr'

2186 1763 2326 1829 iena

2184 1878 2288 1963 los,

2195 2001 2326 2082 post

2184 2132 2326 2199 ›opm

197 2243 345 2309 mus,
380 2246 524 2294 cum
551 2233 774 2296 nostra
801 2230 1117 2315 promissa
1143 2230 1509 2297 memoriter
1541 2229 1874 2296 observare
1905 2228 2235 2296 soleamus.
2285 2226 2527 2294 Valete.

206 2464 363 2536 144.
407 2471 728 2536 Com-adm
779 2470 892 2535 III
943 2494 1057 2536 rex
1109 2471 1392 2537 Wibatdo
1459 2472 1537 2536 de
1593 2473 1959 2559 propinqua
2017 2493 2134 2535 sua
2186 2470 2532 2544 reversione

404 2588 730 2678 amaya-at.
2215 2581 2324 2665 (Μ.
2358 2582 2530 2665 127.)

363 2718 729 2785 Cuonradus
774 2718 896 2786 Dei
951 2719 1157 2803 gratia
1199 2717 1625 2785 Romanorum
1684 2739 1798 2785 rex
1845 2723 2146 2802 augustus
2188 2716 2532 2785 venerabili
2573 2724 2710 2779 1148

198 2830 473 2902 Wiboldo
519 2832 885 2902 Corbeiensi
930 2836 1142 2903 abbati
1187 2836 1459 2919 gratiam
1505 2855 1688 2901 suam
1734 2841 1797 2901 et
1841 2855 2024 2900 omne
2071 2834 2324 2900 bonum.

363 2951 540 3030 Quod
587 2952 863 3018 maxime
908 2952 986 3018 de
1029 2952 1211 3018 nobis
1257 2956 1320 3017 te
1366 2951 1723 3017 desiderare
1769 2951 2204 3034 cognovimuS,
2263 2950 2341 3016 de
2386 2968 2532 3036 pro-

196 3068 484 3152 speritate
515 3067 810 3134 videlicet
855 3073 1054 3134 status
1100 3066 1321 3151 nostri,
1369 3067 1486 3133 hoc
1530 3067 1823 3153 primitus
1870 3067 1987 3133 tibi
2034 3064 2385 3150 significare
2421 3085 2533 3150 op-

195 3189 526 3267 portunum
558 3184 871 3249 duximus.
936 3182 1087 3250 Sani
1119 3184 1430 3268 siquidem
1459 3182 1580 3250 Dei
1609 3182 2043 3249 misericordia
2072 3201 2308 3265 sumus,
2340 3200 2533 3246 naves

194 3300 452 3366 redituri
493 3302 563 3366 in
607 3300 767 3366 festo
802 3300 1019 3366 beatae
1049 3298 1287 3366 Mariae
1316 3300 1385 3365 in
1417 3298 1786 3385 Septembre
1817 3299 2212 3381 intravimus,
2260 3295 2533 3383 peractis
2569 3312 2695 3372 Sept„
2719 3314 2747 3358 s

194 3417 496 3500 omnibus,
546 3437 705 3502 quae
749 3417 815 3483 in
845 3417 1132 3504 partibus
1162 3416 1290 3482 illis
1319 3416 1421 3483 vel
1452 3414 1623 3482 Deus
1655 3414 1856 3481 voluit
1882 3414 1986 3480 vel
2014 3413 2298 3480 homines
2328 3418 2534 3479 terrae

195 3533 626 3614 permiserunt.
689 3532 787 3599 De
820 3533 1175 3600 hominibus
1210 3533 1376 3599 enim
1411 3531 1711 3597 dicimus:
1761 3530 1919 3597 Cum
1951 3530 2330 3597 Damascum
2366 3549 2534 3594 com-

193 3648 358 3712 muni
418 3648 681 3715 consilio
729 3650 1115 3716 venissemus
1176 3653 1240 3715 et
1296 3653 1505 3714 castra
1561 3653 1708 3714 ante
1765 3653 2016 3734 portam
2071 3646 2345 3713 civitatis
2391 3643 2577 3711 cum'

195 3777 411 3846 magno
461 3770 823 3831 nostrorum
869 3765 1228 3831 discrimine
1272 3764 1653 3830 locassemus
1701 3769 1765 3830 et
1808 3764 1937 3829 iam
1981 3783 2180 3849 prope
2228 3765 2413 3845 esset,
2466 3767 2536 3825 ut

196 3876 318 3944 sine
364 3882 542 3946 omni
587 3882 998 3966 ambiguitate
1045 3881 1267 3946 civitas
1314 3884 1676 3967 caperetur,
1724 3878 1981 3944 traditio
1997 3929 2015 3963 .,
2063 3899 2102 3944 a
2146 3878 2371 3963 quibus
2415 3877 2535 3942 mi·-

195 3993 349 4062 nime
397 3998 715 4082 cavimus,
772 3999 839 4063 in
883 3997 1051 4063 hunc
1094 3997 1351 4063 modum
1395 3997 1563 4062 facta
1609 4000 1735 4078 est,
1790 3995 1956 4080 quod
1998 3995 2123 4081 ipsi
2167 3995 2235 4061 in
2283 4015 2353 4061 eo
2397 3984 2535 4059 loco

196 4109 511 4179 civitatem
554 4112 1110 4199 inexpugnabilem
1141 4133 1278 4179 esse
1310 4112 1674 4179 asserebant
1705 4116 1766 4177 et
1797 4132 1877 4177 ex
1907 4110 2218 4177 industria
2246 4110 2314 4175 in
2346 4108 2537 4173 aliam

196 4234 426 4309 partem
442 4279 461 4313 ,
525 4230 629 4297 ubi
675 4250 791 4297 nec
836 4249 1001 4315 aqua
1045 4230 1349 4296 exercitui
1395 4228 1771 4316 suppetebat
1814 4248 1931 4294 nec
1975 4246 2260 4294 accessus
2308 4223 2535 4310 aliquis

329 4390 377 4441 1.
426 4387 578 4442 Hinc
614 4387 1003 4458 intelligimus,
1051 4386 1380 4442 Tieboldum
1416 4386 1791 4455 praepositum
1829 4383 2238 4441 coloniensium
2275 4381 2535 4437 ecclesia-

201 4483 305 4528 rum
341 4491 510 4531 unam
554 4477 787 4545 rexisse,
832 4482 891 4531 et
925 4475 979 4531 S.
1007 4475 1256 4531 Severini
1293 4475 1516 4544 quidem
1552 4474 1871 4542 ecclesiam,
1920 4479 1984 4528 ut
2030 4472 2208 4542 liquet
2253 4486 2322 4528 ex
2369 4470 2537 4526 variis

204 4562 389 4621 tabulis
424 4583 519 4636 ap.
550 4566 872 4621 Lacomblet
906 4562 1359 4623 Urkundenbuch
1396 4563 1438 4619 1.
1588 4565 1639 4619 2.
1678 4564 1769 4618 Ρ8.
1798 4565 1916 4632 123,
1944 4563 1992 4617 7.

280 4661 433 4715 Jmi.
470 4665 765 4709 Bibliotheca
794 4665 830 4709 1.
2044 4660 2113 4715 15
