3319 5242
1035 455 1468 506 TRANSLATIO
1514 455 1569 504 s.
1600 456 1745 504 vrr1
2477 434 2560 502 15

252 596 307 663 in
340 616 584 685 corpore
626 598 899 685 quievit,
955 598 1124 685 quod
1168 619 1209 665 a
1250 602 1537 685 tempore
1545 607 1589 683 ⁴¹,
1635 617 1760 683 quo
1803 596 1944 684 ipso
1986 597 2057 663 in
2099 595 2237 663 loco
2282 595 2563 683 positum
2648 597 2755 655 886

252 712 443 798 fuerat,
485 734 808 800 nunquam
850 714 942 782 ibi
984 719 1392 802 tempestates
1438 719 1548 780 aut
1589 712 1842 798 fulgura
1883 713 2248 779 nocuissent
2260 710 2304 777 ¹².

396 829 525 897 Hoc
568 849 796 917 corpus
840 832 1044 897 sancti
1074 830 1209 897 Viti
1250 850 1485 915 magna
1526 849 1671 896 cum
1715 830 2116 896 veneratione
2160 832 2226 895 et
2263 826 2561 895 testifica·
2594 838 2726 886 Mart
2746 840 2804 885 19

247 943 391 1013 tione
429 945 752 1031 religionis
796 946 875 1014 ab
910 946 1271 1013 Hilduwino
1316 945 1664 1013 venerabili
1709 945 1935 1012 abbate
1963 943 2221 1012 Warino
2265 943 2562 1028 religioso

247 1060 427 1128 abbati
466 1064 535 1129 in
580 1063 845 1130 ecclesia
872 1064 1075 1129 sancti
1104 1062 1399 1150 Dionysii
1427 1081 1638 1128 coram
1668 1060 2115 1128 innumerabili
2158 1060 2562 1128 multitudine

243 1177 585 1264 populorum
599 1228 619 1264 ,
676 1183 811 1246 tam
864 1178 1316 1246 monachorum
1372 1198 1563 1265 quam
1621 1178 2095 1261 canonicorum,
2152 1178 2435 1244 virorum
2490 1196 2564 1244 ac

241 1292 564 1379 mulierum,
610 1299 758 1382 post
798 1300 1058 1382 peracta
1101 1295 1205 1361 die
1245 1294 1558 1361 dominico
1587 1295 1926 1361 missarum
1962 1293 2292 1360 sollemnia
2320 1294 2562 1361 decimo

242 1415 435 1492 quarto
486 1410 916 1478 Kalendarum
970 1410 1293 1498 Aprilium
1358 1410 1864 1478 commendatum
1933 1429 2007 1477 ac
2071 1410 2377 1477 traditum
2444 1415 2559 1477 est.

240 1522 574 1613 Suscipiens
623 1532 836 1595 autem
879 1546 1106 1614 corpus
1154 1527 1356 1594 sancti
1386 1526 1519 1593 Viti
1561 1526 1893 1611 relig-iosus
1923 1527 2023 1593 vir
2053 1525 2347 1593 Warinus
2379 1526 2561 1610 abba,

236 1637 445 1709 habens
489 1662 709 1711 secum
753 1643 1005 1711 turbam
1048 1644 1369 1730 copiosam
1413 1648 1549 1709 tam
1591 1662 1851 1708 suorum
1879 1642 2328 1709 monachorum
2372 1662 2563 1729 quam

237 1754 473 1824 aliorum
520 1759 828 1844 virorum,
875 1779 1021 1826 cum
1064 1779 1313 1826 summa
1353 1759 1758 1825 veneratione
1804 1763 1868 1825 et
1912 1764 2138 1824 ornatu
2172 1763 2361 1844 atque
2392 1758 2564 1825 omni

235 1869 430 1941 decore
488 1874 760 1943 ecclesia
814 1875 999 1960 exiit,
1055 1880 1190 1942 tam
1244 1876 1384 1962 ipse
1441 1880 1505 1941 et
1563 1875 1666 1940 sui
1723 1894 1913 1959 quam
1957 1874 2355 1941 Hilduwinus
2401 1874 2566 1942 abba

236 2005 357 2053 cnm
397 1990 530 2057 suis
580 1990 904 2058 1000801118
961 1996 1026 2058 81
1080 1991 1284 2058 0111018
1328 1990 1601 2078 populus
1648 1990 1759 2076 qui
1804 1990 1884 2056 ad
1928 1990 2096 2057 diem
2138 1990 2373 2057 festum
2417 2010 2564 2057 con-

234 2113 498 2191 venerat,
564 2127 606 2173 a
660 2107 1046 2174 monasterio
1102 2107 1307 2175 sancti
1350 2106 1645 2194 Dionysii
1700 2107 1821 2173 iter
1877 2102 2141 2173 tendens
2197 2107 2566 2174 monasterii

231 2216 626 2290 Rasbacensis
683 2228 1095 2308 cognomento
1140 2222 1557 2290 Hierusalem.
1650 2221 1775 2289 Ubi
1825 2222 2199 2309 perveniens
2244 2243 2390 2290 cum
2434 2224 2567 2289 suis

232 2338 497 2405 omnibus
510 2389 533 2423 ‚
583 2343 650 2406 et
693 2337 895 2406 multa
936 2340 1126 2407 turba
1168 2338 1388 2427 populi
1433 2340 1792 2422 comitante,
1846 2337 2184 2407 honorifice
2230 2339 2569 2407 custodivit

229 2450 347 2537 ipso
388 2454 457 2521 in
502 2454 646 2522 1000
693 2474 920 2542 corpus
965 2456 1168 2522 sancti
1211 2455 1344 2522 Viti
1388 2455 1689 2542 martyris
1746 2476 1946 2541 usque
1999 2456 2069 2521 in
2121 2457 2289 2523 diem
2334 2432 2567 2523 duode-
2600 2464 2704 2512 Mai·
2722 2465 2780 2511 21

230 2567 439 2637 01101110
478 2567 803 2639 Kalendas
844 2571 1009 2639 Iunii
1022 2583 1061 2638 ⁶.
1133 2572 1415 2639 Virtutes
1461 2571 1730 2658 denique
1773 2576 1838 2638 et
1882 2572 2205 2658 sanitates,
2252 2593 2407 2659 quas
2437 2571 2567 2639 Do-

228 2686 414 2754 minus
468 2688 723 2755 meritis
781 2693 846 2754 et
893 2688 1185 2775 precibus
1230 2689 1531 2775 martyris
1578 2688 1741 2772 Viti,
1801 2695 2138 2775 antequam
2193 2688 2275 2756 ad
2328 2709 2567 2756 memo-

226 2806 414 2869 ratum
458 2804 921 2870 monasterium
964 2804 1420 2891 pervenissent,
1468 2810 1764 2900 operatus
1800 2811 1917 2890 est,
1965 2806 2125 2872 80118
2171 2805 2567 2893 cupientibus

227 2916 533 2987 insinuare
578 2921 935 2986 curavimus
946 2919 990 2986 ‘¹.

382 3036 594 3120 Igitur
648 3036 887 3102 factum
939 3040 1067 3120 est,
1125 3055 1271 3103 cum
1316 3036 1763 3121 egrederentur
1808 3056 1888 3102 ex
1932 3036 2315 3103 monasterio
2362 3037 2567 3102 sancti
2600 3051 2731 3099 Mat.
2752 3051 2810 3099 18

225 3147 504 3241 Dionysii
551 3152 839 3241 praefato
884 3152 987 3218 die
1033 3151 1368 3237 dominicO,
1416 3158 1481 3220 et
1523 3152 1650 3219 illis
1697 3153 1819 3219 iter
1863 3152 2193 3237 agentibus
2223 3152 2566 3239 multisque

228 3286 295 3333 ex
331 3271 566 3337 vicinis
609 3268 766 3336 locis
811 3268 1015 3336 turbis
1052 3266 1529 3353 confluentibus,
1576 3288 1815 3353 omnes,
1862 3270 1972 3354 qui
2002 3268 2222 3336 audire
2249 3274 2564 3356 poterant,

226 3382 462 3453 obviam
510 3390 732 3453 sancto
776 3385 1046 3471 martyri
1089 3404 1233 3451 cum
1279 3404 1526 3452 summa
1565 3384 1971 3453 festinatione
2016 3405 2271 3453 currere
2310 3390 2567 3452 conten-

228 3498 463 3570 debant.
537 3501 824 3587 Cumque
869 3521 949 3567 ex
994 3500 1260 3567 diversis
1307 3500 1461 3567 locis
1490 3500 1752 3588 plurimi
1783 3502 2190 3569 convenirent
2220 3507 2284 3569 et
2317 3502 2568 3569 obviam

227 3623 428 3685 sancto
474 3618 751 3706 martyri
793 3623 1230 3705 properarent,
1277 3618 1525 3702 accidit,
1571 3623 1643 3684 ut
1690 3618 1998 3703 quaedam
2041 3617 2270 3685 mulier
2312 3619 2569 3686 nomine

226 3728 629 3820 irmingardis
641 3743 684 3818 ⁶,
742 3753 904 3819 quae
970 3733 1108 3799 iam-
1168 3734 1247 3800 ab
1308 3734 1491 3800 annis
1548 3733 1878 3801 duodecim
1934 3734 2257 3801 oculorum
2314 3735 2571 3802 carebat

226 3849 376 3935 usu‘,
424 3850 718 3918 obviam⁸
759 3848 1147 3937 procederet.
1239 3847 1403 3916 Prae
1457 3850 1864 3918 multitudine
1920 3856 2131 3918 autem
2174 3851 2397 3918 turbae
2439 3871 2569 3917 non

227 3964 443 4033 valens
479 3966 564 4033 ad
606 3965 932 4049 feretrum,
979 3966 1048 4032 in
1092 3985 1216 4052 quo
1261 3970 1517 4033 sanctae
1560 3967 1864 4053 reliquiae
1906 3967 2344 4055 portabantur,
2391 3986 2567 4034 acce-

227 4078 382 4168 dere,
436 4083 677 4149 virtute
721 4102 847 4167 qua
889 4081 1145 4166 quibat²¹
1189 4087 1337 4170 post
1379 4083 1589 4171 ipsum
1632 4084 2021 4171 pedetentim
2065 4084 2274 4171 coepit
2315 4103 2567 4150 currere

225 4201 284 4261 et
322 4197 451 4265 Dei
492 4197 1025 4282 misericordiam,
1083 4203 1157 4264 ut
1197 4198 1376 4265 novit
1420 4220 1700 4287 semper,
1745 4205 1957 4267 mente
2002 4204 2067 4267 et
2110 4220 2218 4266 ore
2261 4219 2390 4266 non
2433 4219 2570 4266 088-

222 4310 400 4379 sabat
444 4313 759 4398 invocare,
805 4318 878 4380 ut
921 4313 1044 4381 sibi
1090 4314 1307 4381 divina
1349 4314 1686 4383 clementia
1726 4337 1843 4404 per
1882 4315 2180 4403 martyris
2212 4316 2312 4382 sui
2340 4315 2569 4383 merita

356 4503 403 4537 ι
436 4491 554 4552 quod
585 4506 615 4539 a
644 4493 849 4552 tempore
879 4509 965 4539 om.
989 4485 1032 4540 1'.
1148 4493 1194 4539 b.
1226 4494 1439 4540 nocuisse
1472 4495 1516 4541 1.
1630 4508 1672 4542 0.
1703 4494 1807 4541 1111ἰὶ
1838 4496 1881 4541 1.
1905 4495 1949 4540 3.
2063 4493 2109 4540 d.
2140 4493 2349 4540 intimare
2381 4493 2566 4551 dignum

230 4565 437 4618 duim
466 4574 508 4619 2.
529 4573 575 4619 3.
685 4586 726 4618 8.
758 4571 1002 4630 Irmgardis
1034 4574 1079 4620 1.
1188 4572 1219 4620 f.
1252 4587 1413 4622 carens
1443 4575 1546 4621 visu
1578 4576 1621 4621 2.
1733 4587 1776 4632 g.
1808 4573 1944 4621 obvia
1973 4575 2018 4621 2.
2126 4573 2172 4620 11.
2203 4576 2382 4634 poterat
2413 4576 2457 4619 2.
