3319 5242
968 459 1267 505 wmALm
1309 458 1640 507 Ems'roLA
1690 459 1796 505 152.
2423 440 2553 507 257

225 598 392 663 matis
458 598 817 681 occasione,
884 604 956 664 ut
1010 599 1380 685 plerumque
1437 599 1575 666 fieri
1631 599 1820 682 solet,
1890 599 2350 683 disturbentur,
2409 601 2559 685 quia
2593 604 2773 660 1149?

223 714 505 799 profecto,
552 715 718 780 sicut
761 714 926 780 iram
955 714 1075 780 Dei
1110 721 1389 782 meretur
1422 717 1529 801 qui
1565 717 1836 782 seminat
1864 716 2031 782 inter
2060 716 2290 783 fratres
2322 716 2558 783 discor-

223 830 411 912 diam,
469 831 562 896 sic
606 851 723 896 nos
768 832 1037 913 gratiam
1086 853 1123 897 a
1168 832 1303 899 Deo
1352 838 1717 917 accepturos
1765 852 2090 917 speramus
2106 882 2125 915 ,
2180 852 2322 898 cum
2370 834 2558 898 semi-

220 966 432 1011 namus
478 947 644 1012 inter
687 947 914 1014 fratres
960 949 1377 1014 concordiam.
1450 948 1713 1014 Noverit
1753 948 1949 1031 igitur
1992 949 2372 1014 universitas
2406 947 2559 1015 fide-

210 3923 248 3932 ’.-
418 3923 457 3935 υ

219 3964 461 4031 solidos
515 3985 632 4052 pro
703 3966 961 4031 decimis
996 3923 1179 4050 'perh
1234 3923 1523 4051 proprios
1577 3966 1839 4031 nuncios
1907 3966 2367 4046 transmittant3
2428 3968 2573 4049 post

223 4078 423 4146 finem
468 4103 617 4148 vero
664 4082 832 4147 vitae
886 4081 1160 4147 Elverici
1216 4082 1519 4148 medietas
1578 4082 1962 4147 decimarum
2019 4082 2099 4147 ad
2154 4100 2408 4147 manum
2465 4100 2571 4143 cu·

223 4196 433 4262 stodis
461 4198 853 4265 Corbeiensis
897 4198 1098 4264 libera
1140 4198 1373 4264 redeat.
1448 4196 1534 4263 Ut
1578 4203 1788 4263 autem
1834 4198 1988 4264 haec
2032 4196 2395 4263 constitutio
2439 4201 2570 4260 tam

388 4388 427 4421 a.
462 4378 541 4424 ωἶι
572 4378 729 4423 eadem
760 4394 896 4423 marm
927 4382 1139 4435 scriptum
1170 4386 1238 4422 est
1266 4393 1398 4435 super
1430 4376 1646 4421 Heinrici.
1771 4375 1815 4421 b.
1852 4388 1901 4433 ‘p
1935 4392 1971 4420 c.

390 4472 435 4523 1.
478 4472 670 4541 Itaque
706 4488 817 4527 non
855 4477 1099 4538 constat,
1137 4487 1267 4525 num
1304 4487 1355 4523 a.
1385 4471 1522 4524 1148
1556 4486 1627 4523 an
1665 4486 1715 4523 a.
1744 4469 1881 4522 1149
1918 4467 2047 4522 data
2081 4466 2219 4521 haec
2254 4465 2443 4521 tabula
2479 4465 2569 4521 sit.

226 4554 319 4613 Cf.
368 4559 589 4615 Erhardi
625 4562 867 4629 Regesta
905 4559 1276 4630 westphaliae
1315 4560 1385 4614 11.
1424 4560 1494 4613 25
1530 4575 1582 4612 n.
1615 4559 1767 4613 1725.
1913 4560 1966 4611 2.
2005 4557 2127 4610 Iuli.
2153 4557 2238 4610 24.

347 4656 500 4707 Jam'.
532 4660 814 4704 Bibliotheca
845 4660 878 4702 1.
2081 4655 2145 4708 17
