3319 5242
466 978 607 1033 1153

394 1065 435 1099 c.
450 1052 582 1099 Mart.
601 1067 671 1099 ex.

704 455 840 523 550
1465 471 1766 519 wmALm
1808 470 2142 521 nms'rom
2186 472 2297 518 411.

706 613 802 683 41
821 612 856 681 1
870 665 887 682 .
924 614 1245 682 Wibaldus
1289 614 1574 682 Manueli
1620 615 2006 683 Graecorum
2048 618 2416 703 imperatori
2457 618 2686 699 scribit,
2733 640 2801 683 se
2836 608 3042 683 Frede-

926 734 1056 797 rico
1087 731 1134 797 Ι
1164 734 1299 820 reqi
1317 734 1720 821 persuasisse,
1764 743 1834 796 ut
1869 733 2105 819 duplici
2131 734 2574 799 necessitudine
2619 757 2759 798 ctam
2804 758 2876 799 eo
2921 737 3047 798 iten-

924 859 1189 935 9eretur.
2733 847 2845 930 (Μ.
2881 847 3047 930 388.)

885 969 1206 1056 Glorioso,
1263 970 1520 1038 sublimi
1573 992 1648 1039 ac
1690 971 2005 1059 precelso,
2061 971 2290 1039 victori
2333 970 2667 1057 magnifico
2715 993 2791 1040 ac
2833 993 3054 1060 prepo-

703 1089 1056 1156 tentissimo
1102 1087 1401 1174 Manueli,
1446 1088 1992 1176 Porphirogenito‚
2039 1088 2740 1176 Constantinopolitano
2784 1090 3057 1177 impera-

703 1206 829 1272 tori
883 1204 1444 1290 excellentissimo,
1498 1204 1829 1273 Wiboldus
1875 1205 1998 1272 Dei
2043 1205 2249 1289 gratia
2293 1205 2486 1272 abbas
2535 1206 2614 1272 de
2656 1207 3056 1274 monasteriis

704 1322 945 1388 duobus
989 1321 1337 1407 nobilibus,
1392 1321 1659 1389 Corbeia
1703 1322 1999 1390 videlicet
2044 1327 2108 1389 et
2152 1321 2490 1390 Stabulaus
2505 1373 2526 1408 ,
2586 1323 2877 1391 assiduas
2925 1344 3059 1392 ora-

702 1439 905 1507 tiones
953 1445 1018 1506 et
1060 1438 1357 1505 devotum
1402 1438 1751 1505 servitium.

878 1555 1280 1642 Imperialem
1324 1555 1723 1621 maiestatem
1769 1555 1969 1640 decet,
2014 1574 2144 1621 non
2188 1554 2394 1620 solum
2425 1553 2813 1622 liberalitate
2841 1576 3060 1623 verum

703 1672 896 1739 etiam
953 1660 1255 1756 gratioe&⁴
1285 1672 1593 1738 memoria
1662 1691 1800 1738 esse
1855 1671 2202 1759 preditam,
2272 1675 2344 1736 ut
2408 1669 2645 1739 nullius
2712 1670 2908 1739 officii
2963 1672 3060 1741 vel

700 1787 1025 1855 fidelitatis
1072 1782 1169 1855 sit
1198 1787 1560 1870 immemor-3
1617 1788 1915 1875 quoniam
1959 1788 2234 1873 benigna
2275 1788 2713 1856 recordatione
2758 1794 2826 1856 et
2867 1791 3059 1875 grati·

701 1905 921 1971 tudine
967 1880 1289 1992 principi!²
1321 1903 1744 1972 subiectorum
1792 1903 2038 1972 affectio
2083 1904 2459 1992 propensius
2504 1904 2839 1972 excitatur.
2929 1906 3058 1974 Hoc

700 2026 1041 2109 propterea
1108 2021 1535 2087 sacratissimo
1602 2022 1870 2108 imperio
1924 2027 2134 2089 vestro
2191 2021 2515 2087 insinuare
2570 2041 2698 2087 non
2754 2021 3056 2108 dubitavi,

704 2136 870 2223 quod
928 2143 1260 2222 augustam
1318 2141 1597 2205 mentem
1651 2143 1930 2205 vestram
1984 2138 2349 2205 meminisse
2401 2158 2530 2204 non
2584 2135 2836 2223 diffido,
2896 2139 3055 2225 quod

701 2270 821 2342 per
882 2255 1131 2322 litteras
1191 2255 1528 2342 parvitatis
1585 2275 1766 2321 meae
1823 2259 2103 2321 vestram
2158 2254 2611 2321 sublimitatem
2666 2254 2947 2322 salutavi
2997 2261 3057 2323 et

700 2372 1099 2440 beatissimos
1147 2371 1372 2438 affatus
1403 2376 1646 2438 vestros
1692 2370 1974 2458 recipere
2017 2372 2240 2438 merui.
2308 2370 2667 2458 Eapropter
2712 2391 2791 2438 ex
2836 2372 3054 2439 devoto

698 2488 936 2556 famulo
990 2488 1197 2555 factus
1255 2488 1701 2555 devotissimus
1757 2507 2011 2572 servus,
2072 2488 2153 2554 ad
2211 2493 2615 2572 augmentum
2670 2492 2737 2554 et
2792 2489 3055 2573 gloriam

701 2606 1086 2673 sanctissimi
1151 2605 1404 2692 imperii
1460 2604 1657 2672 vestri
1724 2604 2022 2672 insudare
2089 2609 2154 2672 et
2219 2603 2542 2673 decertare
2608 2625 2737 2671 non
2795 2608 3055 2693 cessavi,

701 2722 899 2790 donec
942 2722 1347 2790 beatissimae
1392 2722 1846 2789 recordationis
1892 2722 2417 2789 clementissimus
2461 2722 2812 2809 imperator
2856 2723 3055 2791 Coun-

701 2839 892 2905 radus
950 2839 1031 2905 ad
1086 2838 1622 2924 magnificentiam
1666 2844 1945 2905 vestram
1998 2839 2253 2906 nuntios
2311 2838 2576 2923 direxit,
2635 2839 2937 2924 quatinus
2980 2841 3056 2908 ad

702 2961 1111 3040 augmentum
1167 2955 1427 3022 maioris
1482 2955 1647 3022 inter
1693 2975 1805 3021 vos
1864 2962 1929 3022 et
1981 2955 2193 3042 ipsum
2248 2955 2619 3022 concordiae
2669 2975 2942 3024 uxorem
2984 2958 3058 3026 de

703 3076 913 3139 vestro
946 3073 1252 3157 sanguine
1285 3071 1557 3139 duceret.
1629 3070 1742 3138 Set
1771 3091 1843 3137 eo
1873 3072 2129 3138 interim
2161 3071 2239 3137 ab
2269 3072 2389 3137 hac
2415 3070 2805 3139 mortalitate
2836 3075 2906 3139 in
2936 3082 3057 3142 ter·

703 3209 843 3255 ram
875 3189 1226 3256 viventium
1258 3188 1526 3274 sublato,
1575 3188 1773 3272 dolor,
1822 3188 1930 3273 qui
1962 3208 2040 3254 ex
2071 3188 2205 3254 eius
2236 3188 2511 3255 transitu
2539 3194 2822 3255 mentem
2853 3212 3052 3258 meam

705 3306 990 3374 acerbius
1040 3313 1474 3392 occupaverat,
1520 3325 1649 3372 non
1677 3324 1943 3391 parvam
1981 3304 2472 3371 consolationem
2515 3305 2775 3391 recepit,
2822 3328 2944 3394 pro
2987 3329 3054 3375 eo

705 3422 873 3509 quod
916 3443 1113 3509 nepos
1158 3421 1312 3506 eius,
1360 3422 1469 3507 qui
1513 3441 1681 3488 nunc
1712 3442 1926 3487 rerum
1956 3421 2218 3508 potitur,
2264 3418 2633 3506 magnificus
2667 3421 2917 3491 scilicet
2941 3426 3053 3491 im-

703 3543 961 3625 perator
1007 3537 1401 3623 Fredericus,
1447 3558 1575 3604 non
1620 3539 1824 3605 solum
1855 3538 2107 3625 imperii
2136 3537 2463 3621 fastigium
2494 3539 2791 3625 optinuit,
2840 3561 3053 3608 verum

707 3653 899 3721 etiam
947 3654 1360 3738 exiguitatem
1388 3675 1596 3721 meam
1627 3656 1770 3743 pari
1800 3659 1865 3721 et
1894 3654 2088 3720 simili
2116 3653 2543 3722 benivolentia
2574 3660 2640 3721 et
2680 3657 3052 3724 credulitate

703 3770 1055 3838 honoravit.
1126 3769 1278 3837 Inde
1310 3777 1425 3855 est,
1474 3772 1641 3857 quod
1668 3772 1979 3838 instanter
2007 3770 2388 3858 persuadere
2430 3791 2559 3837 non
2591 3774 2859 3857 cessavi,
2905 3794 3050 3859 qua·

704 3894 887 3956 tenus
932 3886 1188 3954 inclitus
1236 3892 1422 3974 atque
1467 3889 1671 3955 victor
1725 3888 2015 3956 dominus
2071 3908 2247 3954 meus
2293 3885 2663 3956 Fredericus
2707 3888 3051 3975 imperator

704 4026 850 4073 cum
895 4004 1405 4072 constantissimo
1461 4004 1729 4091 imperio
1774 4011 1984 4072 vestro
2040 4004 2222 4071 fedus
2270 4005 2583 4071 amicitiae
2629 4006 2825 4072 iniret
2871 4012 2938 4073 et
2977 4007 3049 4073 de
3081 4071 3086 4078 ,

705 4123 1010 4208 sanguine
1033 4127 1242 4188 vestro
1272 4141 1535 4188 uxorem
1566 4121 1839 4189 duceret.
1894 4121 2073 4201 Quod
2099 4121 2290 4187 etiam
2312 4125 2525 4188 vestra
2547 4123 2866 4209 sapientia
2888 4143 3047 4190 com-

703 4240 880 4328 plere
923 4237 1355 4305 indubitanter
1398 4237 1761 4304 maturabit.
1942 4237 2265 4305 Inmensae
2295 4238 2530 4322 gratias
2562 4258 2677 4322 ego
2715 4244 2781 4305 et
2823 4239 3044 4305 fratres

702 4356 831 4422 mei
883 4348 1212 4421 referimus
1269 4374 1387 4440 pro
1433 4355 1740 4420 exsamito
1788 4354 1929 4422 albo
1975 4354 2157 4421 nobis
2201 4354 2573 4421 transmisso
2593 4350 2629 4439 ¹,
2682 4359 2750 4421 et
2791 4357 3042 4423 devotas

704 4491 922 4559 preces
955 4490 1071 4557 pro
1101 4469 1306 4537 salute
1346 4469 1602 4556 imperii
1630 4471 1828 4537 vestri
1871 4471 1952 4537 ad
1981 4469 2190 4537 Deum
2232 4471 2495 4539 fundere
2537 4491 2665 4538 non
2711 4491 3034 4540 cessamus.

847 4594 898 4650 1.
934 4593 1004 4650 V.
1040 4607 1127 4662 ep.
1154 4592 1259 4648 325
1295 4607 1461 4662 supra
1493 4608 1549 4662 p.
1574 4591 1699 4648 455.
