3319 5242
1061 476 1490 526 'mmsnssro
1536 476 1590 524 s.
1620 477 1764 525 vm
2500 456 2579 521 11

276 616 444 683 tribus
496 636 639 682 cum
699 618 823 701 eis,
883 623 947 684 et
999 618 1372 684 invenerunt
1425 617 1634 684 locum
1692 617 1840 683 huic
1881 616 2133 701 negotio
2190 615 2585 703 aptissimum
2621 618 2725 674 821

275 736 368 816 et',
396 732 535 817 quia
564 738 707 799 erat
735 735 1009 820 optimus
1022 734 1067 818 ¹’,
1099 734 1472 801 habitationi
1496 733 1942 801 monachorum
1967 752 2311 817 congruum
2322 744 2362 798 ⁰.
2413 732 2587 798 Tunc

272 848 516 916 inierunt
559 849 895 916 consilium
936 870 1079 917 cum
1113 851 1422 938 episcopis
1453 856 1517 917 et
1546 850 1880 917 comitibus
1912 854 1977 916 et
2005 868 2149 916 cum
2175 848 2585 916 nobilissimis

268 963 398 1030 viris
441 965 721 1032 eiusdem
766 967 1002 1051 gentis,
1060 973 1132 1033 ut
1175 967 1486 1033 instanter
1532 966 1823 1034 eumdem
1867 966 2076 1033 locum
2121 963 2481 1033 excolerent
2522 969 2587 1032 et

268 1082 692 1147 monasterium
738 1082 970 1149 ibidem
1017 1082 1412 1149 collocarent.

415 1196 741 1264 Venerunt
784 1219 933 1282 ergo
980 1192 1165 1265 anno‘
1190 1199 1709 1283 octingentesimo
1754 1198 2053 1265 vicesimo
2084 1197 2355 1265 secundo
2386 1196 2586 1263 domi-
2622 1207 2728 1261 822

263 1312 417 1379 nicae
457 1314 932 1399 incarnationis,
980 1315 1096 1381 sub
1143 1316 1246 1381 die
1276 1320 1496 1381 octavo
1528 1314 1675 1381 Idus
1707 1315 1999 1399 Augusti,
2045 1317 2349 1399 regnante
2376 1312 2588 1379 Ludo·
2620 1280 2735 1339 ‘³⁰⁸‘
2759 1280 2788 1326 ⁶

263 1428 397 1494 wico
440 1430 844 1496 serenissimo
880 1436 1144 1514 augusto
1174 1431 1505 1497 undecimo
1524 1427 1540 1459 ¹
1570 1451 1754 1516 anno,
1803 1432 1882 1497 ad
1912 1429 2117 1497 locum
2147 1435 2584 1515 memoratum,

262 1544 819 1632 circumspectoque
866 1567 944 1612 ex
990 1548 1162 1612 omni
1207 1553 1388 1633 parte
1434 1553 1497 1613 et
1539 1548 1817 1633 undique
1847 1547 2237 1630 circuientes,
2282 1546 2588 1633 prostrati

260 1658 316 1725 in
355 1662 722 1745 orationem,
771 1663 1263 1729 decantaverunt
1305 1664 1583 1750 psalmos
1616 1664 1695 1731 ad
1725 1663 1844 1730 hoc
1875 1662 2149 1729 officium
2177 1664 2583 1750 pertinentes.

258 1774 331 1849 Et
376 1784 717 1863 postquam
775 1778 1250 1866 compleverunt
1305 1779 1607 1845 letaniam
1652 1783 1718 1845 et
1762 1780 2107 1846 orationem
2120 1829 2138 1864 ,
2193 1780 2588 1845 iactaverunt

256 1889 466 1959 lineam
513 1900 582 1960 et
624 1892 971 1961 infixerunt
1012 1895 1284 1983 paxillos
1331 1901 1396 1962 et
1439 1901 1783 1982 coeperunt
1810 1915 2195 1980 mensurare,
2240 1895 2417 1982 prius
2449 1894 2586 1979 qui-

257 2006 382 2074 dem
426 2008 761 2097 templum,
805 2011 955 2077 inde
983 2011 1404 2078 habitationes
1431 2012 1721 2078 fratrum.
1793 2011 1972 2090 Quod
2002 2031 2145 2078 cum
2173 2012 2586 2099 peregissent,

256 2125 715 2209 constituentes,
765 2127 873 2212 qui
919 2128 1226 2212 quaedam
1262 2128 1621 2195 habitacula
1648 2128 1994 2211 initiarent,
2042 2128 2123 2193 ad
2150 2127 2412 2215 propria
2440 2133 2590 2194 sunt

252 2242 492 2308 reversi.
681 2242 807 2309 Sed
869 2243 1147 2331 primum
1202 2244 1521 2330 petierunt
1575 2245 1940 2331 episcopum
1952 2239 1997 2327 ²,
2064 2248 2136 2309 ut
2188 2245 2433 2310 veniret
2487 2243 2588 2310 et·¹

254 2356 661 2425 sanctificaret
725 2358 930 2425 locum
988 2358 1415 2445 vexillumque
1483 2366 1739 2427 sanctae
1794 2360 1997 2426 crucis
2051 2360 2119 2425 in
2175 2359 2312 2425 loco
2369 2359 2586 2425 altaris

249 2480 498 2557 poneret
543 2494 919 2561 nomenque,
963 2480 1037 2541 ut
1081 2475 1347 2543 Corbeia
1390 2482 1740 2559 vocaretur,
1788 2482 2052 2563 aptaret.
2123 2474 2303 2553 Quod
2346 2474 2584 2541 factum

250 2607 371 2657 esse
415 2596 645 2659 octavo
690 2589 1004 2659 Kalendas
1052 2591 1439 2680 Septembris
1486 2598 1750 2660 constat.
1820 2592 1907 2660 Et
1953 2591 2171 2659 eadem
2217 2591 2320 2659 die
2364 2611 2587 2680 coepe·
2619 2613 2734 2673 Aug.
2756 2614 2815 2661 25

248 2712 382 2773 runt
424 2708 543 2793 qui
589 2708 854 2775 aderant
897 2708 1183 2775 aedificia
1226 2712 1485 2793 erigere.
1620 2709 1828 2776 Erant
1869 2715 2083 2776 tamen
2113 2709 2297 2795 pauci
2325 2728 2586 2774 numero

246 2842 426 2908 usque
488 2823 579 2890 ad
634 2824 803 2890 diem
846 2830 1093 2891 sextam
1136 2823 1449 2892 Kalendas
1498 2824 1805 2892 Octobris.
1945 2825 2228 2912 Septimo
2273 2823 2588 2891 Kalendas
2621 2807 2747 2930 ἓξὲξ
2770 2809 2831 2917 {g

246 2956 505 3026 namque
558 2940 838 3007 eiusdem
881 2942 1118 3007 mensis
1165 2947 1577 3008 surrexerunt
1621 2962 1659 3007 a
1702 2940 1871 3025 loco,
1929 2962 2052 3026 quo
2096 2960 2296 3026 usque
2342 2960 2587 3026 quaque

244 3052 702 3140 habitaverant,
749 3076 892 3123 cmn
937 3058 1110 3122 omni
1153 3057 1589 3144 suppellectile
1620 3079 1755 3142 sua,
1803 3077 1984 3124 senes
2015 3062 2080 3124 et
2107 3057 2317 3144 pueri;
2367 3061 2431 3122 et
2460 3055 2589 3122 alia
2621 3074 2747 3135 Sept.
2770 3076 2831 3123 26

244 3168 332 3237 die
384 3178 708 3239 venerunt
764 3172 845 3238 ad
898 3171 1108 3238 locum
1163 3173 1547 3240 destinatum
1602 3179 1668 3241 et
1724 3172 2197 3240 celebraverunt
2249 3172 2586 3238 missarum

245 3286 601 3371 sollemnia,
661 3308 803 3354 cum
862 3289 1036 3354 omni
1080 3290 1429 3372 gratiarum
1475 3290 1719 3357 actione
1760 3289 2089 3356 laudantes
2135 3288 2477 3355 Dominum
2523 3293 2587 3356 et

242 3401 681 3472 benedicentes
726 3403 1019 3471 Domino.

408 3520 723 3606 Sequenti
770 3525 981 3587 autem
1027 3539 1192 3586 anno
1236 3521 1414 3587 venit
1454 3520 1688 3587 iterum
1733 3520 2110 3588 venerabilis
2158 3521 2321 3587 abba
2354 3525 2417 3587 et
2444 3519 2587 3607 plu·
2624 3534 2731 3591 823

241 3656 328 3702 res
381 3659 466 3705 ex
514 3637 822 3703 fratribus
868 3656 1010 3703 cum
1057 3656 1160 3719 eo;
1220 3641 1284 3703 et
1329 3627 1678 3704 convocans
1724 3658 1973 3704 omnem
2018 3637 2585 3721 congregationem,

239 3750 544 3821 instruxit
591 3773 697 3820 eos
742 3753 820 3819 de
866 3752 1175 3835 omnibus,
1223 3773 1385 3837 quae
1431 3754 1513 3820 ad
1542 3753 1783 3820 cultum
1810 3754 2095 3819 divinum
2127 3759 2191 3820 et
2216 3752 2587 3836 religionem

241 3877 522 3936 sanctam
570 3869 990 3956 pertinebant,
1039 3869 1348 3954 quomodo
1395 3874 1461 3936 et
1505 3869 1795 3955 qualiter,
1842 3871 1950 3956 qui
1992 3871 2153 3936 scire
2181 3869 2470 3952 voluerit,
2516 3869 2583 3934 in

236 3982 476 4072 libello,
539 3986 649 4071 qui
701 3986 780 4052 de
827 3986 957 4050 vita
1008 3984 1142 4051 eius
1189 3985 1458 4051 dictatus
1471 3996 1492 4020 ⁰
1539 3990 1635 4052 est
1644 3981 1688 4072 ⁸,
1734 3986 1982 4073 plenius
2027 3986 2311 4053 invenire
2352 3989 2581 4073 potest.

238 4098 384 4168 Cum
459 4108 681 4168 autem
749 4102 1257 4188 appropinquare
1313 4108 1597 4169 cerneret
1650 4103 1821 4169 diem
1875 4102 2099 4169 mortis
2157 4122 2308 4169 suae
2322 4151 2341 4185 ,
2408 4101 2586 4167 misit

364 4320 408 4353 ι.
453 4305 569 4353 huic
613 4327 663 4336 -—
710 4307 759 4350 ct
796 4323 883 4353 οηι.
916 4307 959 4351 1.
992 4306 1037 4352 3.
1180 4306 1226 4354 b.
1268 4309 1315 4353 ct
1358 4307 1473 4356 odd.
1508 4307 1550 4353 1.
1583 4308 1627 4354 3.
1763 4319 1803 4353 c.
1843 4319 2069 4365 congruus
2112 4307 2156 4352 1.
2188 4307 2233 4352 8.
2368 4305 2413 4352 d.
2456 4307 2507 4351 ut
2537 4305 2581 4351 2.

238 4397 273 4428 c.
299 4385 455 4432 editus
493 4387 540 4442 2,
570 4385 724 4433 dictus
755 4386 799 4431 3.

369 4491 420 4544 1.
452 4490 626 4545 immo
649 4504 817 4544 nono.
924 4489 976 4543 2.
1007 4488 1359 4546 Baduradum
1383 4504 1470 4560 ep.
1495 4490 2023 4547 Paderbornensem.
2128 4489 2182 4545 3.
2206 4488 2278 4545 V.
2302 4486 2582 4544 Paschasii

240 4573 502 4634 liodberti
536 4578 649 4634 vit.
688 4577 994 4634 Adalhardi
1029 4593 1079 4633 c.
1104 4578 1189 4634 68.
