3319 5242
1040 478 1473 528 wemno
1519 479 1574 527 s.
1605 479 1749 526 vrr1
2481 461 2561 527 17

268 613 418 702 pum¹
454 637 588 685 cum
643 617 811 686 clero
854 619 1177 706 multoque
1223 622 1476 709 populo.
1558 620 1777 687 Abbas
1824 620 2019 687 etiam
2063 638 2209 686 cum
2252 620 2384 686 suis
2429 639 2565 686 mo-
2654 623 2761 680 836

267 732 442 800 nachis
483 736 771 803 omnibus
816 735 894 803 de
924 736 1191 804 Sanctae
1222 737 1442 805 Crucis
1488 737 1871 816 monasterio
1919 735 2223 804 afferunt·
2266 735 2565 822 reliquias
2600 699 2732 746 m
2750 700 2810 746 ²⁰

267 868 380 915 cum
427 852 705 920 crucibus
760 856 824 920 et
867 855 1065 921 cereis
1111 855 1405 940 omnique
1452 860 1680 921 ornatu
1725 853 2043 921 ecclesiae.
2139 852 2565 941 Suscipientes

264 971 438 1032 autem
476 969 774 1055 reliquias
821 971 1024 1037 sancti
1067 972 1392 1059 martyris,
1437 970 1782 1059 psallentes
1813 975 2000 1055 atque
2029 969 2248 1037 laudes
2280 969 2415 1038 Deo
2445 971 2565 1037 im-

262 1100 470 1150 mensas
499 1091 776 1170 agenteS,
805 1087 876 1153 in
902 1088 1259 1175 praefatum
1288 1092 1702 1175 portaverunt
1728 1087 2199 1154 monasterium.
2260 1086 2393 1154 Ibi¹’
2420 1108 2568 1156 cum

260 1196 315 1263 iu
348 1198 624 1269 laudibus
668 1208 1164 1290 pernoctassent,
1210 1225 1397 1272 mane
1439 1204 1607 1272 facto
1640 1208 1790 1292 post
1817 1203 2156 1303 missarum
2187 1202 2394 1271 officia
2422 1225 2566 1292 per·
2602 1224 2735 1272 Mart.
2751 1224 2809 1271 21

259 1319 390 1400 acta,
429 1319 753 1405 praedicta
793 1320 1021 1388 mulier
1062 1322 1297 1389 iterum
1341 1323 1612 1389 sanitate
1658 1322 1908 1408 adepta,
1953 1320 2212 1387 veniens
2257 1325 2402 1389 ante
2434 1322 2566 1409 epi-

259 1449 509 1520 scopm,
555 1456 772 1503 coram
817 1438 990 1503 omni
1034 1438 1270 1527 populo
1315 1439 1542 1507 cecidit
1587 1438 1670 1505 ad
1713 1438 1906 1526 pedes
1953 1438 2109 1522 eius,
2154 1437 2285 1504 iam
2330 1438 2568 1521 gratias

257 1567 435 1636 agens,
476 1553 732 1620 veniam
774 1554 1139 1641 postulabat
1182 1555 1260 1622 de
1306 1556 1641 1623 commisso
1686 1554 1982 1621 facinore.
2074 1552 2230 1622 Post
2271 1554 2428 1622 haec
2468 1575 2569 1623 re-

255 1684 406 1734 versa
446 1675 546 1737 est
594 1690 751 1737 sana
796 1671 876 1737 ad
918 1672 1198 1759 propria.

399 1784 549 1855 Inde
581 1793 753 1855 recto
782 1788 1039 1855 tramite
1068 1793 1421 1876 pergenteS,
1454 1807 1598 1855 cum
1627 1788 2211 1875 appropinquarent
2237 1782 2572 1854 Rasbacis’

249 1904 623 1989 monasterio,
671 1904 922 1972 obviam
965 1905 1150 1972 facti⁶
1195 1905 1451 1972 fuerunt
1493 1903 1787 1971 monachi
1829 1924 1975 1971 cum
2017 1904 2303 1990 reliquiis
2340 1910 2404 1971 et
2431 1924 2572 1971 cru-

251 2015 426 2104 cibus,
482 2020 827 2088 thuribulis
875 2023 1184 2107 accensis,
1240 2021 1652 2107 flagrantibus
1698 2021 2115 2089 luminaribus
2162 2022 2457 2107 omnique
2502 2026 2575 2087 ut

250 2130 477 2217 dignum
506 2142 653 2206 erat
681 2138 922 2206 decore.
968 2138 1124 2218 Quid
1156 2144 1406 2206 ornate⁹
1437 2137 1733 2206 canentes
1767 2144 1954 2224 atque
1982 2137 2313 2206 laudantes
2345 2131 2571 2224 Deum,

246 2246 379 2318 illud
430 2260 727 2322 sanctum
781 2275 1011 2343 corpus
1067 2258 1420 2345 suscipiunt
1475 2260 1540 2323 et
1594 2256 1676 2322 ad
1719 2256 2077 2343 praefatum
2119 2256 2574 2323 monasterium

249 2382 368 2433 eum
405 2368 702 2438 laudibus
747 2372 1056 2456 inferunt3
1105 2378 1170 2440 et
1212 2374 1322 2459 ibi,
1369 2379 1442 2439 ut
1486 2372 1728 2439 dictum
1773 2379 1889 2458 est,
1937 2393 2080 2439 cum
2111 2393 2360 2439 summa
2387 2392 2575 2440 vene-

244 2484 460 2553 ratione
505 2489 935 2556 custodientes
980 2488 1280 2575 reliquias
1327 2491 1531 2557 sancti
1560 2489 1883 2576 martyria,
1930 2490 2350 2558 substiterunt
2377 2509 2576 2576 usque
2610 2509 2716 2557 nai.
2732 2509 2790 2557 21

246 2596 299 2666 in
337 2601 500 2672 diem
548 2605 992 2697 duodecimum
1038 2605 1465 2674 Kalendarum
1510 2606 1695 2674 Iunii.

396 2720 604 2806 Igitur
660 2724 897 2807 egressi
956 2723 1321 2791 duodecimo
1369 2723 1797 2792 Kalendarum
1842 2723 2006 2789 Iunii
2062 2724 2139 2791 de
2195 2725 2575 2792 monasterio

243 2829 655 2925 Rasbacensi‘,
700 2838 996 2908 Warinus
1056 2841 1247 2908 abbas
1293 2861 1437 2909 cum
1482 2844 1613 2910 suis
1657 2843 1949 2910 omnibus
1993 2846 2165 2908 recto
2209 2842 2465 2908 tramite
2510 2842 2579 2907 in

246 2947 606 3024 Saxoniamt*
649 2963 1014 3044 pergentes,
1071 2958 1356 3025 feceer
1412 2961 1806 3027 mansionem
1858 2960 1929 3025 in
1972 2957 2155 3042 villa,
2213 2958 2348 3023 cui¹¹
2393 2978 2577 3024 voca-

242 3065 435 3139 bulum
506 3078 612 3141 est
668 3073 844 3140 Cella
899 3071 1276 3142 Gislefridi⁸.
1370 3075 1588 3162 Ibique
1643 3076 1926 3164 corporis
1981 3074 2420 3140 lassitudinem
2476 3095 2576 3141 re-

241 3181 524 3276 ficientes,
572 3191 644 3256 in
689 3190 1035 3257 crastinum
1080 3197 1227 3279 post
1268 3193 1609 3260 missarum
1638 3193 2124 3261 celebrationem
2156 3190 2358 3257 adfuit
2387 3212 2577 3277 quae·
2611 3210 2718 3258 Mai.
2735 3213 2795 3259 22

245 3299 367 3370 dam
428 3306 668 3375 mulier
734 3308 989 3374 nomine
1043 3306 1416 3376 Harmildis¹
1471 3331 1661 3378 caeca
1717 3311 1847 3375 iam
1904 3309 1984 3375 ab
2043 3308 2224 3374 annis
2281 3308 2577 3394 quinque,

243 3436 380 3501 quae
421 3424 493 3490 in
545 3423 824 3491 adventu
868 3426 1072 3491 sancti
1116 3427 1414 3513 martyris
1462 3447 1617 3492 sana
1644 3424 1851 3492 facta¹²
1881 3432 1996 3511 est,
2044 3430 2233 3511 atque
2263 3425 2579 3511 quoddam

241 3530 465 3607 itineris
515 3541 801 3627 spatium
844 3547 1078 3626 secuta,
1126 3561 1281 3608 sana
1322 3545 1629 3608 remansit
1676 3542 1991 3630 deinceps

398 3655 559 3724 Inde
605 3662 827 3743 coepto
856 3658 1085 3725 itinere
1114 3663 1470 3745 pergenteS,
1516 3659 1598 3725 ad
1627 3659 1852 3726 cellam
1881 3657 2221 3745 quamdam
2250 3658 2580 3724 venerunt¹

238 3772 479 3840 nom'me
524 3774 856 3858 Augia⁰¹⁴3
911 3774 1124 3860 ibique
1177 3774 1368 3841 biduo
1423 3775 1834 3842 subsistentes
1850 3825 1869 3860 ,
1930 3795 2057 3841 non
2111 3774 2406 3839 minimas
2464 3793 2580 3860 per
2613 3789 2719 3836 Mai
2735 3790 2811 3836 22.
2828 3789 2888 3836 28

242 3880 479 3955 beatum
538 3896 886 3977 martyrem
930 3890 1140 3958 Deus¹²
1185 3891 1480 3975 dignatus
1526 3898 1624 3958 est
1669 3892 1994 3958 ostendere
2037 3891 2323 3958 virtutes.
2414 3889 2581 3955 Nam

239 3997 315 4066 ibi
378 4004 546 4074 duae
615 4006 911 4074 mulieres
969 4013 1369 4074 accesserunt
1424 4014 1711 4076 carentes
1769 4009 2038 4093 lumine,
2108 4027 2336 4074 nomen
2393 4006 2580 4072 unius

361 4170 403 4202 ι.
437 4157 685 4205 afferentes
706 4161 751 4206 2.
845 4159 890 4206 b.
922 4158 1011 4206 Ubi
1032 4161 1076 4205 2.
1171 4173 1210 4206 c.
1240 4159 1352 4206 facti
1372 4177 1457 4206 om.
1482 4163 1526 4206 2.
1615 4160 1662 4206 d.
1695 4159 1784 4218 Qui
1806 4177 1891 4206 om.
1914 4162 1960 4207 2.
2043 4173 2084 4206 ο.
2117 4159 2264 4206 ornati
2285 4160 2328 4204 2.
2412 4157 2444 4203 f.
2466 4156 2578 4203 Ras-

237 4226 351 4280 boeis
390 4239 439 4282 2.
545 4252 591 4297 g.
629 4238 837 4298 partibus
882 4239 1105 4286 Saxouiac
1147 4242 1176 4286 2
1214 4257 1300 4299 pro
1340 4241 1390 4286 in
1431 4240 1688 4288 Saxoniam.
1791 4239 1838 4287 h.
1880 4240 2008 4286 cuius
2042 4241 2085 4286 2.
2189 4239 2222 4285 i.
2262 4237 2504 4285 Harwildis
2536 4239 2580 4283 2.

238 4305 276 4356 k-
304 4314 470 4363 effoet-
500 4320 544 4365 2.
639 4318 670 4365 1.
703 4322 1007 4379 pervenerunt
1037 4321 1082 4366 2.
1173 4333 1236 4365 ιιι.
1270 4320 1430 4378 Stagia
1462 4323 1505 4366 1.
1597 4335 1643 4367 n.
1676 4319 1899 4367 Dominus
1933 4322 1978 4366 2.

370 4422 422 4474 1.
461 4422 807 4479 Hucbertum
833 4423 858 4478 1
882 4439 967 4493 ep.
995 4423 1349 4480 Meldensem.
1456 4425 1509 4480 2.
1546 4440 1601 4480 v,
1627 4440 1796 4494 supra
1817 4440 1874 4493 p.
1902 4424 1989 4480 14.
2015 4440 2069 4478 n.
2096 4424 2149 4478 2.
2243 4423 2295 4478 3.
2332 4422 2387 4476 la
2412 4420 2578 4488 Celle,

237 4518 269 4558 ⁸
298 4505 550 4568 Resbaco
585 4512 659 4567 ad
694 4513 981 4568 orientem.
1123 4514 1178 4567 4.
1223 4513 1395 4584 Oyes,
1442 4530 1478 4569 a
1512 4513 1762 4570 Resbaco
1811 4518 1868 4569 et
1913 4530 1949 4569 a
1983 4512 2137 4569 Cella
2171 4512 2242 4566 ad
2281 4511 2582 4579 orientem;

239 4598 485 4659 proxime
516 4600 759 4672 Augiam
797 4602 903 4657 sita
937 4604 1024 4656 est
1058 4600 1198 4657 cella
1231 4599 1288 4657 S.
1315 4601 1562 4659 Godonis
1599 4602 1705 4672 (St.
1732 4601 1935 4672 Gond).

316 4694 482 4748 smi.
511 4700 797 4746 Bibliotheca
825 4702 860 4746 ι.
2069 4700 2119 4755 ‘2
