3319 5242
714 411 802 479 50
1339 430 1944 480 mosoc-namus
1992 428 2432 479 conssamnsrs

519 575 659 630 1146
710 570 908 638 libere
951 573 1170 639 acturi.
1242 572 1547 640 Omnibus
1593 592 1742 656 ergo
1787 573 1853 638 in
1900 572 1998 639 his
2044 572 2536 639 assencientibus
2565 577 2637 638 ut
2666 571 2905 638 dictum
2936 574 3052 653 est,

503 646 602 695 oct.
619 651 679 696 20

554 2097 671 2145 Nov.

711 688 1092 754 conveniunt
1150 690 1378 756 fratres
1436 694 1499 755 et
1554 688 1790 772 clerus,
1856 690 2175 774 principes
2233 689 2488 773 quidam
2543 686 2936 755 beneficiales
2992 692 3055 752 et

710 802 952 870 nobiles
999 803 1279 871 eiusdem
1321 804 1499 888 legis,
1545 804 1990 871 ministeriales
2037 824 2311 889 quoque3
2359 810 2423 871 et
2464 809 2614 891 post
2643 801 2865 886 multa,
2911 807 3053 868 tan-

709 918 855 986 dem
896 920 1337 987 universaliter
1376 921 1455 988 ab
1487 921 1778 988 omnibus
1811 921 1948 1008 ipse
1981 920 2247 987 domnus
2268 918 2676 1002 W(icboldus)
2706 919 2776 985 in
2804 924 3056 1005 patrem

709 1033 1154 1122 dominumque
1199 1036 1453 1121 eligitur
1469 1032 1503 1101 ¹.

886 1149 1204 1243 Legatarii
1218 1149 1240 1181 ²
1287 1172 1436 1237 ergo
1494 1151 1571 1218 de
1627 1152 1930 1220 fratribus
1975 1157 2041 1219 et
2082 1151 2527 1218 ministeriales
2571 1169 2716 1217 cum
2757 1149 3056 1218 Brunone

709 1268 1031 1354 preposito
1070 1267 1461 1335 honestiores
1493 1267 1575 1334 ad
1605 1268 1898 1334 accersiri
1928 1288 2072 1335 eum
2100 1268 2535 1334 instituuntur.
2607 1267 2719 1333 Set
2747 1284 3054 1349 seorsum,

708 1381 970 1448 consilio
1012 1388 1287 1468 mutato,
1332 1383 1515 1450 nobis
1561 1389 1773 1450 autem
1819 1390 1884 1450 et
1923 1403 2085 1470 pene
2130 1383 2420 1450 omnibus
2462 1381 3055 1464 inconsultantibus,

707 1517 852 1564 cum
903 1501 986 1566 10
1029 1500 1260 1566 marcis
1307 1499 1594 1566 omnibus
1639 1500 1979 1587 deputatis,
2025 1500 2384 1585 prepositus
2430 1518 2576 1565 cum
2619 1498 2752 1564 suis
2783 1498 3056 1564 electum

705 1618 994 1680 nostrum
1052 1615 1281 1700 adivit,
1340 1615 1556 1682 domni
1599 1615 1768 1700 regis
1813 1615 2017 1682 nostri
2059 1621 2124 1682 et
2165 1616 2437 1681 fratrum
2478 1619 2727 1680 tantum
2771 1613 3053 1680 litteras·

708 1729 981 1798 advexit.
1160 1730 1347 1810 Quali
1396 1737 1608 1798 autem
1652 1731 2020 1800 habitudine
2063 1732 2295 1798 mentis
2341 1714 2719 1817 susceperit,
2778 1750 2860 1796 ex
2904 1729 3057 1797 sub-

708 1846 1112 1931 sequentibus
1127 1846 1150 1883 ⁵
1184 1846 1434 1930 litteris,
1482 1867 1638 1933 quas
1687 1866 1985 1932 quorsum
2030 1852 2094 1914 et
2137 1848 2402 1930 miserit,
2449 1845 2663 1931 legens
2710 1851 2775 1913 et
2818 1866 3055 1930 gnarus

706 1962 869 2030 scire
915 1963 1166 2048 poterit.
1234 1963 1484 2049 Itaque:

888 2128 923 2162 „
940 2078 1162 2145 Inclito
1207 2077 1656 2165 triumphatori
1702 2096 1776 2144 ac
1819 2077 2218 2145 serenissimo
2266 2078 2518 2144 domino
2563 2098 2677 2143 suo
2708 2076 3053 2159 C(onrado)

704 2194 826 2262 Dei
870 2196 1077 2279 gratia
1112 2194 1539 2261 Romanorum
1579 2192 1947 2279 imperatori
1988 2199 2252 2277 augusto
2292 2195 2488 2261 frater
2516 2191 2909 2275 W(ibaldus),
2954 2191 3056 2257 di-

704 2311 856 2377 vina
897 2311 1331 2377 misericordia
1375 2308 1768 2376 Stabulensis
1814 2309 2114 2375 ecclesiae
2156 2330 2395 2393 servus,
2441 2308 2708 2375 salutem
2736 2309 2807 2374 in
2836 2328 2910 2374 eo
2942 2308 3057 2392 qui

704 2426 816 2493 dat
859 2426 1129 2493 salutem
1171 2426 1424 2509 regibus
1437 2420 1478 2491 ⁸.
1616 2424 1882 2491 Pietatis
1927 2430 2174 2492 vestrae
2217 2424 2485 2507 litteras,
2531 2444 2686 2510 quas
2723 2422 2904 2490 nobis
2935 2442 3055 2508 per

702 2543 1097 2630 prepositum
1140 2540 1500 2608 Brunonem
1545 2545 1759 2606 vestra
1801 2539 2268 2625 magnificentia
2313 2540 2745 2607 transmittere
2791 2539 3057 2623 dignata

704 2665 821 2744 est,
850 2659 1222 2746 recepimus.
1295 2657 1487 2741 Quae,
1526 2658 1691 2724 sicut
1717 2656 2062 2743 plurimum
2091 2658 2305 2741 gaudii
2335 2663 2400 2724 et
2429 2656 2834 2724 exultationis
2865 2656 3054 2723 nobis

704 2775 1106 2841 contulerunt
1151 2795 1229 2841 ex
1276 2794 1371 2858 eo,
1418 2772 1583 2859 quod
1627 2772 1699 2838 in
1742 2779 2082 2859 conspectu
2123 2775 2471 2840 maiestatis
2500 2777 2748 2840 vestrae
2777 2773 3057 2856 gratiam

704 2896 769 2959 et
825 2890 1322 2983 misericordiam
1378 2910 1494 2956 nos
1549 2889 1866 2956 invenisse
1923 2890 2111 2955 certis
2170 2889 2745 2977 experimentorum
2796 2889 3057 2956 indiciis

703 3006 1129 3091 cognovimuS,
1174 3006 1268 3072 ita
1296 3005 1567 3072 multum
1597 3004 2038 3072 sollicitudinis
2069 3010 2135 3072 et
2163 3005 2502 3072 anxietatis
2534 3005 2612 3073 de
2639 3023 2831 3071 causa
2857 3025 3056 3090 quam

702 3123 1107 3190 continebant
1150 3128 1404 3189 nostrae
1447 3121 1752 3208 parvitati
1795 3121 2198 3207 prebuerunt.
2269 3121 2593 3207 Siquidem
2627 3120 3056 3204 magnitudini

701 3243 950 3305 vestrae
977 3238 1217 3324 placuit
1245 3237 1599 3321 significare
1628 3239 1833 3322 nobis,
1881 3239 2047 3323 quod
2076 3237 2473 3305 Corbeiensis
2505 3236 2767 3304 ecclesia
2793 3241 3055 3323 pastore

702 3373 815 3420 suo
859 3354 1117 3420 viduata
1160 3373 1276 3420 nos
1320 3355 1463 3440 pari
1508 3353 1820 3422 desiderio
1879 3359 1942 3422 et
1998 3353 2282 3420 unanimi
2337 3372 2644 3420 consensu
2688 3353 2756 3418 in
2799 3358 3054 3439 patrem

702 3468 826 3537 sibi
870 3474 935 3536 et
976 3474 1296 3555 pastorem
1343 3470 1697 3536 animarum
1744 3470 2020 3554 elegerit.
2089 3469 2194 3536 Ad
2241 3470 2408 3554 quod
2452 3489 2608 3535 onus
2653 3468 3054 3536 subeundum

699 3604 814 3651 nos
862 3584 1133 3668 hortari,
1194 3590 1258 3652 et
1301 3585 1552 3652 divinae
1596 3587 1942 3653 vocationis
1993 3591 2361 3673 preceptum
2406 3585 2613 3670 sequi,
2672 3589 2885 3651 vestra
2937 3585 3053 3652 be-

699 3700 976 3786 nignitas
1022 3721 1168 3768 cum
1210 3702 1424 3786 regiae
1468 3702 1765 3771 iussionis
1797 3702 2170 3771 auctoritate
2197 3702 2557 3770 maturavit.
2626 3701 2862 3770 Verum
2893 3722 3053 3787 quo-

843 3901 885 3934 a.
917 3887 1102 3935 lieteras
1134 3905 1172 3934 c.
1299 3887 1344 3933 b.
1380 3888 1709 3948 subquentibus
1742 3907 1781 3935 c.

844 3993 894 4047 1.
933 3991 1120 4063 itaque
1144 3992 1235 4048 die
1259 3993 1331 4047 20
1352 3992 1470 4049 Oct.
1525 3993 1779 4049 Eundem
1813 3993 1961 4049 diem
1986 3992 2150 4049 electi
2172 3991 2417 4049 Wibaldi
2452 3991 2670 4049 abbatis
2694 3990 3049 4050 Corbeiensis

701 4079 1061 4151 intelligimus
1098 4096 1168 4138 ex
1203 4081 1363 4139 Notis
1399 4080 1821 4138 stabulensibus
1856 4081 2001 4138 infra
2035 4087 2095 4138 et
2128 4098 2199 4138 ex
2234 4081 2411 4151 ipsius
2446 4080 2691 4137 wibaldi
2728 4081 2920 4138 tabula
2953 4097 3048 4151 ap.

698 4168 915 4224 Erhard
950 4171 1086 4241 Reg.
1114 4169 1366 4240 Westph.
1402 4170 1474 4226 11.
1511 4171 1647 4228 Cod.
1683 4171 1820 4242 dipl.
1857 4188 1912 4241 p.
1939 4172 2034 4240 61,
2081 4170 2140 4225 in
2175 4186 2287 4241 qua
2322 4171 2404 4227 sic
2438 4170 2700 4241 legimus:
2747 4170 2843 4242 „in
2890 4170 3050 4226 anni-

698 4258 942 4315 versario
967 4263 1153 4316 nostre
1178 4259 1556 4330 ordinationis,
1592 4260 1651 4316 id
1676 4264 1762 4316 est
1787 4260 1845 4315 in
1869 4260 2065 4330 vigilia
2084 4258 2166 4314 XI
2192 4259 2403 4315 milium
2426 4259 2744 4329 virginum“
2768 4260 2862 4326 (20
2875 4258 3043 4326 Oct).

700 4347 992 4403 Wibaldus
1014 4348 1221 4404 ibidem
1244 4348 1387 4404 diem
1415 4350 1648 4405 eundem
1669 4348 2133 4421 „anniversarium
2157 4347 2305 4404 diem
2330 4347 2616 4405 electionis
2633 4347 2848 4404 nostre“
2863 4353 3046 4417 vocat,

699 4441 765 4493 ut
797 4451 925 4493 eum
960 4441 1150 4507 pateat
1197 4441 1432 4507 utroque
1481 4437 1652 4494 verbo
1699 4438 1957 4495 electio
2001 4441 2060 4493 et
2105 4436 2466 4495 ordinatio
2515 4438 2662 4494 idem
2709 4435 3046 4509 significare.

700 4527 753 4582 2.
790 4526 1006 4598 Legati.
1147 4527 1202 4583 3.
1237 4527 1329 4582 Ps.
1358 4527 1478 4596 143,
1505 4527 1591 4582 10.
