3319 5242
850 443 1456 494 canonosmnus
1501 444 1942 495 commanem
2477 428 2565 495 49

265 579 608 669 ἀθίιιιιοίιιεζ
667 585 835 652 sicut
888 591 953 654 et
995 586 1269 656 Thomas
1328 583 1702 654 cardinalis'
1744 587 1815 653 in
1870 585 2137 654 confinio
2181 586 2567 654 Nariciensis
2607 592 2746 647 1146

263 698 501 767 civitatis
555 700 626 768 in
677 722 900 790 campo
945 704 1060 771 sub
1107 704 1251 771 divo
1295 704 1773 787 miserabiliter,
1831 704 1980 789 quia
2024 708 2089 771 et
2130 704 2451 792 insperate
2496 722 2570 770 ac
2602 664 2700 713 ⁰⁰¹*
2722 667 2752 712 ⁸

261 813 362 881 heu
399 817 734 904 subitanee,
782 840 821 885 a
864 840 986 905 quo
1030 820 1200 886 idem
1245 817 1471 887 abbas⁸
1502 825 1599 886 est
1628 820 1969 906 depositus.
2038 819 2329 906 Reliquid
2359 823 2570 886 autem

262 936 314 997 et
360 931 667 1001 abbatiam
717 940 782 1003 et
824 935 1290 1023 preposituram
1332 934 1519 1002 rebus
1566 936 1779 1022 pastui
1820 936 2135 1004 habilibus
2180 936 2570 1023 permaxime

260 1052 601 1134 attenuatas,
649 1051 805 1118 adeo
850 1057 924 1118 ut
966 1057 1033 1118 et
1073 1053 1184 1118 vix
1227 1051 1455 1118 fratres
1499 1057 2023 1136 sustentarentur,
2072 1053 2221 1137 quia
2248 1058 2313 1120 et
2342 1052 2569 1120 debitis

259 1169 311 1230 et
345 1167 589 1233 statutis
632 1187 750 1254 per
793 1167 996 1235 multa
1038 1168 1367 1250 carebant3
1415 1172 1514 1234 set
1557 1173 1621 1234 et
1665 1167 1781 1235 hec
1807 1169 2075 1235 nimium
2105 1189 2340 1254 angens
2370 1169 2568 1235 fames

258 1277 547 1368 effecerat,
611 1304 731 1369 que
782 1304 942 1370 pene
989 1289 1054 1350 et
1095 1289 1301 1350 totum
1343 1283 1650 1350 mundum
1693 1285 2239 1352 vehementissime
2285 1285 2567 1369 urgebat.

254 1394 377 1481 Ipso
419 1419 582 1466 anno
629 1399 921 1467 obierunt
963 1398 1429 1488 LiuppranduS,
1478 1401 1587 1485 qui
1632 1405 1698 1467 et
1743 1420 2028 1469 camerae
2071 1400 2340 1467 fratrum
2371 1407 2436 1468 et
2464 1420 2569 1467 cu-

253 1513 466 1582 stodiae
519 1517 892 1584 monasterii
947 1516 1188 1583 sollerti
1232 1516 1562 1601 vigilantia
1617 1517 1978 1601 insistebat,
2040 1522 2104 1583 et
2146 1517 2569 1584 Herimannus

254 1625 545 1716 Eresburg
591 1633 978 1719 prepositus,
1027 1634 1187 1718 qui·,
1246 1653 1360 1719 pro
1407 1631 1712 1718 qualitate
1768 1633 2073 1720 temporis
2137 1631 2568 1700 accuratione*

252 1746 524 1830 providus
537 1798 558 1834 ,
617 1748 820 1815 multa
873 1749 1112 1834 ingenii
1169 1768 1243 1816 ac
1294 1748 1529 1817 laboris
1582 1749 1683 1815 sui
1728 1754 1793 1816 et
1836 1769 2069 1835 magna
2112 1750 2347 1816 indicia
2388 1749 2569 1817 nobis

253 1859 594 1949 dereliquid.
665 1865 810 1932 Toti
852 1871 981 1932 tres
1025 1866 1155 1950 isti,
1202 1865 1480 1933 liberalis
1526 1866 1826 1934 scientiae
1871 1886 1946 1933 ac
1988 1865 2225 1933 multae
2255 1865 2572 1933 sollertiae

253 1975 432 2063 ditati,
475 1979 603 2047 loci
646 1981 831 2047 istius
873 1981 1368 2049 honorabiliores
1382 1993 1403 2018 ⁰
1450 1987 1514 2050 et
1559 1983 1742 2067 quasi
1785 1982 2037 2050 lucerne
2083 1982 2250 2049 clare
2293 1981 2573 2048 lucentes

250 2096 304 2158 et
339 2095 505 2162 velut
549 2096 840 2164 columne
885 2098 1211 2166 solidiores
1255 2099 1464 2165 locum
1509 2090 1965 2166 sustentabant.
2115 2096 2228 2165 Set
2271 2102 2336 2169 et
2378 2097 2575 2165 frater

250 2217 439 2278 noster
482 2212 900 2299 Heriboldus,
948 2215 1305 2282 admirandi
1349 2221 1413 2282 et
1455 2215 1853 2283 subtilissimi
1899 2235 2013 2301 per
2058 2214 2273 2280 omnia
2313 2213 2572 2298 ingenii,

249 2331 302 2391 et
346 2328 643 2412 facundia
694 2335 763 2397 et
803 2331 1067 2398 scientia
1109 2330 1371 2399 litterali
1413 2351 1575 2418 pene
1620 2330 2139 2418 inequiparabilis
2152 2380 2171 2415 ,
2232 2350 2338 2397 eos
2383 2329 2573 2416 paulo

246 2449 372 2511 ante
413 2445 741 2513 inmatura
782 2452 984 2514 morte
1030 2448 1320 2514 sacerdos
1365 2452 1772 2534 prevenerat3
1822 2452 1885 2514 et
1926 2448 2123 2514 frater
2151 2452 2367 2513 noster
2398 2466 2575 2533 pres-

247 2556 389 2628 biter
429 2561 789 2648 Routulfus,
835 2563 1146 2631 medicine
1191 2564 1315 2630 arti
1358 2562 1628 2648 deditus,
1674 2563 2056 2651 hydropicus
2102 2563 2277 2631 obiit.

399 2679 717 2747 Dominus
775 2684 986 2747 autem
1029 2686 1246 2747 noster
1289 2700 1403 2747 rex
1449 2679 1808 2765 Conradus,
1867 2681 1945 2747 de
1990 2677 2340 2747 Polemica⁴
2385 2700 2575 2767 expe-
2611 2701 2708 2748 Oet.

247 2792 467 2862 dicione
525 2816 820 2863 reversus
877 2802 942 2863 et
986 2795 1374 2863 Goslariensi
1434 2798 1707 2864 statione
1764 2796 1997 2880 degens
2010 2844 2030 2881 ,
2089 2802 2161 2863 ut
2212 2797 2455 2863 audivit
2498 2797 2576 2864 de

247 2909 399 2978 obitu
455 2912 798 2994 H(einrici)
853 2912 1131 2997 abbatis,
1190 2912 1579 2980 honestiores
1633 2914 1902 2979 fratrum
1958 2917 2024 2998 et
2065 2913 2575 2979 ministerialium

245 3026 525 3096 ecclesiae
572 3033 826 3095 nostrae
871 3029 953 3096 ad
981 3050 1049 3097 se
1080 3030 1419 3114 accersitis,
1466 3030 1688 3113 suasit,
1733 3028 1983 3112 rogavit
2009 3028 2158 3111 eligi
2185 3029 2253 3093 in
2285 3028 2575 3096 abbatem

247 3160 568 3226 personam
597 3144 909 3230 idoneam,
957 3147 1327 3233 sapientem,
1375 3145 1790 3231 eloquentem,
1823 3143 1927 3210 uti]

246 3264 424 3345 ptum,
471 3262 779 3329 domnum
807 3260 1223 3347 Wicboldum,
1272 3261 1663 3329 Stabulensis
1711 3260 1927 3328 ecclesi

248 3379 301 3439 et
339 3378 681 3464 principes,
726 3379 939 3445 curiae
981 3378 1226 3462 inserti,
1272 3378 1487 3456 multa
1515 3378 1702 3445 laude
1743 3398 1927 3446 conm

249 3494 301 3554 et
335 3492 501 3560 infra
547 3493 693 3560 illos
737 3494 896 3561 inibi
939 3493 1278 3561 nobiliores
1325 3514 1400 3561 ac
1442 3494 1678 3560 milites
1723 3494 2080 3577 constituti3
2127 3499 2383 3578 totaque
2414 3513 2575 3580 pene

246 3607 400 3675 mria
426 3609 662 3675 extulit
691 3630 836 3677 eum
863 3609 1048 3677 laude
1078 3610 1443 3695 multifaria,
1490 3611 1704 3677 dicens
1736 3615 2076 3697 postremo,
2123 3614 2363 3677 semoto
2394 3630 2574 3695 pror-

247 3739 337 3788 sus
388 3726 565 3792 omni
611 3725 800 3793 dubio
847 3725 1014 3812 quod
1058 3746 1278 3813 parem
1320 3727 1659 3794 virtutibus
1706 3732 1840 3793 tota
1881 3731 2101 3792 nostra
2143 3746 2273 3792 non
2315 3726 2577 3793 haberet

243 3840 416 3922 regio.
499 3842 720 3909 Tantis
768 3843 998 3909 auditis
1045 3843 1250 3910 causis
1297 3841 1375 3909 de
1419 3844 1555 3909 viro
1600 3842 1888 3926 laudum,
1946 3842 2178 3927 nostri,
2235 3841 2385 3909 licet
2429 3862 2574 3926 egre

244 3955 552 4024 tantorum
596 3958 837 4025 creduli
881 3960 1321 4043 assencienteS,
1368 3957 1667 4025 differunt
1709 3958 1777 4024 in
1819 3959 1987 4025 diem
2034 3961 2114 4024 13
2150 3957 2573 4025 Kalendarum
2608 3974 2705 4022 002.
2725 3973 2784 4021 20

245 4066 683 4142 Novembrium
727 4076 795 4140 in
839 4075 1048 4143 locum
1091 4096 1308 4161 suum,
1366 4095 1513 4142 cum
1554 4075 1686 4142 suis
1732 4074 2065 4142 consilium
2110 4079 2175 4142 et
2219 4074 2574 4142 consultum

372 4274 414 4307 a.
447 4261 527 4322 qui
559 4262 744 4309 addidi.
867 4262 912 4309 b.
946 4262 1223 4310 accuratiore
1257 4279 1333 4323 ap.
1358 4264 1599 4310 Panium.
1725 4276 1764 4309 c.
1796 4261 2106 4309 honobiliores
2138 4280 2181 4309 c.

374 4366 424 4420 1.
462 4365 756 4423 Heinricus
802 4366 858 4422 11
903 4366 1075 4422 abbas
1120 4366 1261 4423 obiit
1301 4366 1358 4422 d.
1392 4367 1427 4421 8
1462 4365 1583 4422 Oct.
1610 4366 1769 4421 1146.
1910 4368 1961 4421 2.
2009 4365 2191 4435 presb.
2227 4364 2373 4421 card.
2400 4365 2488 4419 tit.
2514 4362 2571 4418 S.

247 4448 523 4526 vestinae,
557 4472 724 4527 quem
759 4456 926 4512 etiam
963 4456 1055 4512 die
1093 4456 1161 4511 16
1197 4471 1271 4510 ιιι.
1302 4455 1446 4510 Iunii
1482 4471 1535 4510 a.-
1559 4455 1698 4510 1146
1735 4455 1793 4510 in
1829 4455 1973 4512 vivis
2008 4454 2196 4524 fnisse,
2233 4453 2435 4509 docent
2468 4452 2571 4506 Re-

247 4548 394 4611 sesta
427 4552 580 4615 pont.
606 4546 766 4602 Rom.
802 4561 858 4615 p.
883 4546 1006 4601 616.
1149 4545 1203 4600 3.
1239 4544 1532 4601 Heinricus
1567 4544 1610 4600 1.
1754 4544 1811 4600 4.
1846 4544 2126 4601 Polonica.

323 4640 481 4697 ami.
511 4646 793 4691 sannoth-m
821 4646 856 4690 1.
2073 4640 2110 4696 4
