3319 5242
768 420 898 487 266
1432 440 1731 488 wmsnm
1772 440 2147 489 msa-onas
2187 440 2293 486 rso.
2329 440 2435 487 161.

774 579 945 651 160.
982 582 1299 649 Wibaldus
1349 583 1626 650 Gnidon&
1669 583 2037 649 cancellario
2071 584 2305 671 papali
2349 584 2427 649 de
2467 585 2668 650 salute
2706 585 2828 650 sibi
2868 584 3088 650 duabus

984 691 1074 755 ad
1114 693 1472 757 Ave-selmum
1527 694 1881 779 episcopum
1925 690 2477 779 Hwelberyemem
2521 692 2794 779 epistolis
2836 693 3088 779 ascripto

977 800 1219 884 yratias
1273 801 1417 885 ayie.
1512 799 1913 864 Commendat
1963 797 2351 866 Hartwioum
2406 799 2659 864 electum
2710 798 3091 865 Brememem

984 916 1042 971 et
1083 903 1467 973 Harttoiwm
1498 909 1932 993 praepositum
1974 908 2043 971 in
2084 906 2333 974 Italiam
2380 917 2639 972 man.
2788 904 2899 986 (M.
2930 905 3088 987 113.)

586 1046 725 1102 1149
936 1037 1298 1107 Reverendo
1354 1039 1523 1125 patri
1578 1059 1693 1105 suo
1752 1044 1817 1105 et
1870 1038 2123 1106 domino
2170 1036 2445 1106 Gnidoni
2488 1043 2745 1106 sanctae
2787 1037 3092 1106 Romanu

762 1153 1056 1222 ecclesiae
1101 1154 1408 1221 cardinali
1452 1155 1714 1222 diacono
1733 1151 1769 1239 ¹,
1823 1154 2203 1241 apostolicae
2249 1154 2415 1221 sedis
2459 1154 2864 1239 cancellarie,
2910 1155 3095 1222 stater

760 1269 1135 1353 W(ibaldus)
1159 1270 1281 1337 Dei
1310 1270 1519 1354 gratia
1544 1271 1631 1354 id,
1664 1271 1831 1356 quod
1861 1276 1960 1338 est
1986 1271 2055 1337 in
2085 1269 2388 1338 aecclesia
2415 1270 2744 1355 catholica,
2773 1291 2844 1339 se
2868 1271 3092 1359 ipsun.

935 1387 1076 1454 Non
1136 1387 1216 1454 ab
1270 1408 1340 1453 re
1397 1386 1561 1452 hanc
1613 1383 2110 1473 possessionem²
2161 1393 2410 1454 vestrae
2466 1386 2843 1455 sublinitum·
2894 1385 3098 1456 offui·

757 1524 930 1587 mus,
992 1524 1180 1589 quam
1237 1504 1329 1568 ita
1384 1504 1749 1569 memoriter
1804 1509 1870 1570 et
1925 1503 2261 1572 affectuose
2313 1504 2574 1588 tenetis,
2629 1508 2733 1588 ut,
2783 1502 2939 1572 mot
2992 1522 3098 1570 ves

758 1619 928 1687 orbis
985 1624 1298 1686 terrarum
1352 1637 1506 1684 cura
1560 1618 1856 1686 sollicitet
1919 1625 1986 1687 et
2036 1639 2343 1706 responsa
2404 1619 2705 1688 eeclesiae
2756 1618 3100 1688 melicae

758 1735 1102 1819 detineant,
1148 1756 1276 1802 non
1319 1740 1532 1802 tamen
1578 1736 1942 1819 exiguitatis
1985 1741 2242 1803 nostrae
2285 1735 2428 1802 sitis
2460 1736 2861 1804 inmemores.
2926 1734 3127 1816 Quod.

756 1851 944 1918 binae
1000 1851 1302 1938 epistolae
1360 1851 1443 1918 ad
1496 1852 1864 1939 episcopum
1904 1847 2312 1920 Anselmum⁸
2365 1852 2406 1918 a
2447 1851 2626 1919 vobis
2668 1851 2906 1920 mhsae
2951 1851 3103 1920 ntis

755 1967 1216 2054 patefecerunt,
1285 1969 1353 2034 in
1422 1968 1647 2054 quibus
1705 1969 2127 2055 subscriptam
2180 1969 2623 2037 salutationem
2677 1967 2759 2034 ad
2816 1973 3103 2036 nostram

755 2103 1091 2170 personam
1146 2084 1291 2170 piae
1342 2085 1794 2151 recordationis
1840 2084 2065 2153 affectu
2110 2085 2542 2153 subiunxistis.
2721 2085 3105 2171 Accepimus

753 2199 997 2267 litteras
1055 2206 1294 2268 vestras
1308 2250 1327 2285 ‚
1391 2222 1548 2287 quas
1604 2201 1787 2268 nobis
1842 2222 1959 2288 per
2013 2222 2283 2288 puerum
2335 2207 2623 2268 nostrum
2676 2196 3104 2268 Ludovicum⁴

751 2316 1214 2400 transmisistis,
1259 2316 1606 2403 plurimum
1650 2338 1730 2383 ex
1777 2319 1867 2384 eis
1913 2318 2135 2402 gavisi,
2182 2317 2348 2404 quod
2394 2319 2662 2384 domnus
2694 2337 2866 2403 papa
2895 2323 2966 2384 et
2994 2337 3106 2383 vos

752 2432 933 2499 nobis
978 2437 1282 2518 tanquam
1323 2431 1494 2499 fideli
1538 2453 1720 2500 servo
1766 2455 1882 2501 suo
1924 2433 2163 2519 aliquid
2190 2434 2492 2531 inponere
2521 2433 2833 2517 voluistis,
2877 2434 2953 2500 in
2983 2453 3108 2520 qno

752 2547 1032 2616 studium
1087 2569 1161 2616 ac
1217 2548 1467 2615 devotio
1521 2553 1742 2617 nostra
1796 2550 1965 2616 circa
2005 2548 2326 2616 Romanae
2380 2549 2679 2617 ecclesiae
2730 2550 3107 2637 obsequium

753 2670 1073 2751 appareat.
1255 2664 1526 2731 Causam
1581 2663 1941 2733 Bremensis
1997 2666 2179 2734 electi
2193 2662 2236 2751 ⁸,
2295 2687 2483 2752 quem
2540 2666 2743 2734 eidem
2799 2667 3111 2735 ecelesiae

749 2781 1096 2869 plurimum
1159 2801 1346 2868 posse
1410 2779 1715 2867 proficere
1780 2802 1907 2848 non
1973 2780 2348 2867 diffidimus,
2418 2788 2666 2850 vestrae
2726 2782 3110 2852 clementiae

751 2897 1119 2985 suppliciter
1194 2898 1724 2965 commendamus.
1938 2896 2132 2965 Lator
2204 2899 2624 2985 presentium,
2700 2896 3110 2987 propositus⁸

751 3013 1164 3099 Hartbvicus,
1218 3014 1318 3080 vir
1359 3014 1637 3101 prudens
1684 3019 1748 3081 et
1789 3013 2104 3081 litteratus
2150 3020 2216 3081 et
2257 3015 2326 3081 in
2369 3020 2543 3083 terra
2584 3036 2701 3082 sua
2745 3016 3113 3085 sublimiter

749 3135 936 3197 natus
949 3180 968 3215 ,
1026 3136 1280 3198 nostrae
1334 3132 1636 3216 parvitati
1688 3131 1729 3197 a
1768 3128 1956 3214 longo
2000 3134 2285 3217 tempore
2327 3138 2515 3198 notus
2562 3135 2627 3198 et
2666 3130 2939 3199 dilectus
2988 3138 3108 3200 est.

749 3246 950 3325 Quem
994 3246 1253 3331 dignum
1299 3246 1634 3330 credimus,
1679 3252 1753 3312 ut
1798 3246 1858 3312 ei
1889 3246 2161 3329 gratiam
2189 3252 2469 3314 vestram
2500 3267 2645 3315 cum
2673 3247 3115 3316 benivolentia

751 3362 1100 3430 exhibeatis
1146 3368 1210 3429 et
1253 3363 1322 3429 in
1365 3364 1496 3429 suis
1541 3362 1962 3449 peticionibus
2008 3383 2153 3429 eum
2195 3363 2689 3431 misericorditer
2720 3364 3110 3432 exaudiatis.

757 3575 793 3644 1
807 3573 850 3644 6
864 3573 930 3644 1.
977 3577 1293 3642 Wibaldus
1313 3575 1701 3644 Hartwioum
1722 3577 1770 3643 I
1785 3578 2040 3643 electum
2067 3579 2467 3645 Brememem
2490 3589 2689 3666 royac,
2721 3590 2791 3643 ut
2812 3579 3115 3644 Adonem

974 3684 1296 3770 apd-mm
1326 3685 1605 3750 abbatem
1634 3685 2182 3771 Rosenseldensem
2224 3687 2519 3751 restituat.
2589 3685 2787 3750 Addit
2815 3686 2893 3750 de
2926 3687 3115 3751 bonis

970 3790 1513 3857 Kaminatemibus
1580 3793 1778 3880 deque
1842 3793 2058 3857 litteris
2135 3792 2224 3857 ad
2296 3793 2735 3858 cancellarium
2798 3794 3117 3878 papalem

968 3898 1183 3961 miss-is.
2769 3895 2877 3977 (M.
2920 3899 3114 3979 152.)

571 4030 710 4087 1149
803 4110 808 4116 .
926 4019 1453 4087 Reverentissimo
1498 4020 1669 4108 patri
1716 4041 1828 4087 suo
1875 4026 1938 4087 et
1967 4021 2219 4088 domino
2251 4020 2622 4103 H(artwico)
2654 4026 2912 4089 sanctae
2942 4021 3116 4090 Bre-

747 4138 983 4205 mensis
1014 4136 1352 4204 aecclesiae
1381 4135 1730 4204 venerabili
1760 4137 2228 4225 archiepiscopo
2261 4137 2458 4205 electo
2487 4139 2684 4205 frater
2713 4137 3117 4222 W(ibaldus)

891 4278 939 4332 1.
979 4275 1076 4333 SS.
1103 4276 1333 4333 Cosmae
1370 4282 1428 4332 et
1461 4276 1737 4333 Damiani.
1857 4278 1910 4331 2.
1947 4276 2034 4332 sui
2069 4276 2245 4346 ipsius
2283 4276 2591 4346 (wibaldi).
2702 4278 2757 4333 3.
2792 4277 3116 4335 Havelber*

746 4381 992 4436 gennem.
1028 4366 1100 4422 V.
1125 4381 1253 4436 epp.
1281 4368 1381 4422 121
1409 4371 1465 4422 et
1488 4368 1593 4421 122
1629 4381 1798 4436 supra
1829 4380 1885 4434 ρ.
1911 4364 2031 4420 195.
2061 4366 2184 4421 196.
2291 4365 2344 4421 4.
2381 4382 2544 4436 quem
2576 4365 2669 4422 die
2694 4366 2765 4421 30
2786 4366 2925 4422 Dec.
2957 4370 3119 4425 1148

745 4454 979 4511 viterbo
1026 4453 1336 4524 profectum
1384 4469 1533 4525 esse,
1580 4454 1747 4511 docet
1789 4470 1878 4524 ep.
1905 4453 2009 4509 169
2056 4469 2225 4524 supra
2268 4469 2326 4524 p.
2359 4455 2484 4511 264.
2637 4455 2690 4513 5.
2738 4454 3018 4511 Hartwiei
3064 4457 3118 4513 1.

715 4542 726 4557 ”
747 4546 801 4599 6.
847 4543 1299 4614 Hamburgensis.
