3319 5242
884 464 1182 515 erALm
1223 464 1597 514 lensi-onan
1639 465 1748 511 203.
1781 464 1886 512 204b
2423 446 2555 514 323

238 604 527 690 parvitate
578 626 722 676 mea
776 606 949 695 loqui
1004 607 1381 696 presumpsi.
1472 605 1763 675 Intellexi
1808 625 1956 672 vero
2016 611 2083 675 et
2137 611 2347 674 certus
2392 626 2552 690 sum,

236 721 384 805 quod
432 722 697 792 domnus
740 745 858 792 rex
901 725 980 792 de
1023 724 1259 792 iniuria
1299 723 1479 792 vobis
1523 723 1704 790 illata
1746 722 2019 790 multum
2063 722 2253 792 dolet.
2343 723 2432 790 Et
2474 722 2556 789 ad

233 839 607 906 commodum
665 860 892 908 causae
934 846 1183 909 vestrae
1236 839 1743 928 prosequendum
1792 840 2093 907 nuncium
2138 860 2284 907 cum
2327 840 2557 908 litteris

233 953 349 1020 suis
377 955 457 1021 ad
482 976 595 1023 vos
626 957 985 1024 destinavit.
1055 957 1234 1036 Quod
1273 958 1442 1024 enim
1472 956 1837 1025 corbeiensi
1868 955 2168 1024 ecelesiae
2196 977 2315 1044 pro
2344 962 2560 1024 vestra

231 1067 542 1139 dilectione
570 1072 856 1158 contulit,
900 1077 1111 1140 ratum
1138 1072 1330 1141 habet
1358 1078 1424 1140 et
1451 1073 1831 1141 omnimodis
1861 1071 2233 1141 confirmare
2264 1073 2554 1141 intendit.

234 1279 393 1354 204.
432 1286 757 1374 Euqem'us
799 1288 911 1355 IH
943 1312 1127 1377 papa
1178 1290 1465 1355 Conrado
1510 1289 1625 1355 ΠΙ
1653 1291 1791 1377 reyi
1842 1291 2054 1356 scribit
2096 1290 2173 1354 de
2221 1288 2557 1355 Thiebaldo

419 1405 784 1492 praeposito
845 1405 1154 1471 Xantensz‘
1225 1407 1590 1497 confirmato
1665 1417 1722 1471 et
1789 1407 1866 1471 de
1919 1406 2201 1472 Amoldo
2257 1404 2304 1470 I
2354 1403 2558 1470 archi-

434 1523 721 1608 episcopo
771 1520 1117 1588 Coloniensi
1159 1523 1428 1588 Romam
1473 1522 1542 1587 in
1587 1523 1751 1587 diem
1793 1521 1884 1588 30
1913 1523 2071 1609 Apr.
2102 1521 2280 1588 1150
2323 1532 2557 1588 vocato.

434 1636 799 1703 Hem-icum
840 1661 1047 1725 reqem
1091 1638 1336 1703 salutat.
2235 1635 2343 1719 (M.
2384 1636 2559 1718 183.)

393 1769 718 1854 Eugenius
747 1769 1078 1858 episcopus
1108 1790 1327 1837 servus
1357 1790 1685 1838 servorum
1706 1768 1828 1838 Dei
1856 1770 2237 1838 karissimo
2218 1791 2287 1838 m
2308 1769 2560 1837 Christo

227 1881 343 1952 filio
385 1885 728 1969 C(onrado)
784 1885 1016 1954 illustri
1059 1884 1486 1954 Romanorum
1542 1888 1680 1972 regi
1725 1886 1993 1956 salutem
2040 1893 2106 1955 et
2150 1887 2560 1975 apostolicam

228 1999 730 2071 benedictionem.

388 2118 708 2198 Quantum
766 2116 1058 2186 affectum
1114 2138 1266 2203 erga
1319 2110 1658 2207 personam
1712 2124 1891 2187 tuam
1944 2125 2008 2187 et
2049 2139 2316 2204 regnum
2359 2120 2479 2189 tibi
2523 2141 2563 2188 a

225 2232 348 2302 Deo
392 2237 801 2303 commissum
844 2235 1206 2320 habeamus,
1252 2234 1539 2322 pluribus
1585 2237 2037 2323 experimentis
2081 2242 2259 2303 tuam
2287 2237 2560 2324 pruden-

225 2353 368 2418 tiam
411 2353 728 2420 credimus
775 2353 1124 2436 agnovisse.
1194 2352 1267 2418 In
1313 2374 1435 2439 quo
1478 2351 1913 2420 inflexibiliter
1940 2359 2403 2440 permanentes,
2449 2374 2561 2441 pe-

224 2468 473 2536 ticiones
521 2469 928 2536 excellentiae
972 2473 1139 2553 tuae,
1186 2475 1491 2555 quantum
1535 2489 1680 2535 cum
1708 2468 1847 2537 Deo
1891 2490 2246 2556 possumne,
2289 2468 2562 2537 libenter

225 2584 640 2671 admittimus,
699 2592 764 2654 et
817 2605 962 2654 cum
1017 2584 1353 2655 aecclesiae
1409 2585 1738 2655 honestate
1795 2586 2007 2671 regiae
2058 2592 2206 2656 tuae
2250 2586 2561 2655 voluntati

223 2710 539 2786 gratanter
596 2703 932 2791 prebemus
988 2723 1346 2788 assensum,
1406 2705 1571 2771 sicut
1625 2703 1838 2771 devoti
1893 2704 2064 2771 beati
2107 2702 2281 2771 Petri
2334 2702 2453 2770 filii
2498 2709 2563 2771 et

223 2821 508 2906 specialis
553 2827 807 2888 sanctae
850 2819 1171 2887 Romanae
1216 2819 1552 2888 aecclesiae
1592 2821 1960 2889 defensoris.
2030 2820 2183 2887 Inde
2229 2826 2327 2887 est
2371 2819 2559 2905 quod,

223 2937 667 3021 magnitudinis
721 2942 867 3004 tuae
920 2956 1139 3024 preces
1193 2936 1264 3002 in
1320 2935 1623 3003 electione
1666 2937 2008 3007 Xautensis
2063 2937 2371 3025 prepositi
2390 2932 2406 2963 ¹
2447 2956 2563 3023 pa·-

222 3057 390 3121 terno
453 3053 834 3140 recipientes
904 3052 1160 3137 affectu,
1228 3052 1347 3120 tibi
1400 3057 1706 3139 tanquam
1758 3053 2098 3120 karissimo
2154 3052 2285 3119 filio
2341 3056 2559 3119 nostro

223 3167 510 3239 duximus
566 3170 998 3252 annuendum3
1054 3169 1204 3237 licet
1256 3168 1513 3255 quidam
1564 3170 1968 3257 postmodum
2009 3169 2264 3256 penitus
2309 3168 2562 3236 diversa

225 3286 297 3353 ab
360 3287 494 3372 his,
564 3307 686 3373 que
741 3285 1097 3353 dilectionis
1152 3291 1299 3354 tuae
1355 3286 1586 3353 litteris
1640 3284 2042 3371 significasti,
2110 3286 2559 3369 suggesserint.

223 3400 419 3471 Causa
470 3423 621 3469 vero
664 3402 882 3470 fratris
926 3403 1131 3469 nostri
1173 3401 1566 3470 Coloniensis
1612 3403 2069 3490 archiepiscopi
2115 3422 2306 3488 quam
2348 3403 2561 3486 gravis

222 3518 331 3604 sit,
385 3519 685 3606 quoniam
739 3518 998 3603 longum
1053 3524 1151 3586 est
1207 3536 1533 3603 enarrare,
1591 3518 1672 3587 ab
1727 3519 1857 3603 his,
1917 3519 2025 3605 qui
2070 3519 2239 3586 circa
2281 3524 2346 3586 te
2391 3522 2560 3603 sunt,

221 3638 448 3721 poteris
479 3636 813 3704 manifeste
842 3654 1235 3719 cognoscere.
1285 3634 1355 3703 Si
1385 3635 1575 3720 enim,
1608 3641 1847 3721 quanta
1874 3636 2042 3702 circa
2070 3634 2347 3702 officium
2376 3656 2562 3702 suum

222 3770 329 3837 per
354 3752 808 3838 negligentiam
838 3757 902 3818 et
930 3751 1422 3819 inobedientiam
1444 3752 1865 3839 superbiendo
1888 3752 2294 3837 commiserit,
2316 3752 2561 3836 magni-

221 3869 450 3937 tudinis
494 3874 644 3936 tuae
687 3868 983 3935 discretio
1028 3869 1457 3952 cognovisset,
1502 3887 1620 3936 nec
1664 3869 1856 3936 etiam
1900 3870 2163 3937 verbum
2177 3919 2198 3954 ,
2242 3873 2317 3935 ut
2359 3869 2561 3935 credi-

221 4002 374 4070 mus,
421 4006 542 4072 pro
584 3985 727 4072 ipso
770 3985 1090 4051 movisset.
1159 3983 1342 4052 Unde
1386 3985 1455 4052 in
1500 3984 1787 4069 concilio,
1834 3985 2001 4071 quod
2042 3985 2259 4053 Remis
2307 3989 2562 4052 auctore

222 4097 487 4169 Domino
556 4101 1009 4169 celebravimus
1024 4149 1046 4184 ,
1114 4101 1450 4168 excisionis
1507 4101 1886 4169 sententiam
1949 4102 2343 4189 pertulisset,
2410 4100 2559 4186 nisi,

218 4219 423 4301 regiae
478 4222 811 4306 parcentes
867 4215 1221 4302 absentiae,
1290 4217 1738 4285 detrimentum
1802 4217 2056 4304 aliquod
2112 4236 2336 4302 regno,
2393 4217 2561 4303 quod

220 4335 491 4403 maxime
541 4334 739 4402 -nobis
806 4333 1156 4402 cavendum
1219 4339 1387 4418 erat,
1456 4340 1827 4402 eventurum
1885 4334 2114 4401 exinde
2171 4338 2557 4422 putaremus.

222 4445 302 4516 Et
362 4469 534 4533 nunc
596 4457 744 4537 post
808 4450 1083 4519 reditum
1149 4455 1330 4517 tuum
1397 4452 1724 4519 nobiscum
1792 4449 2059 4517 firmiter
2114 4456 2557 4535 statueramus,

355 4583 409 4639 1.
444 4580 757 4640 Thiebaldi.

2018 4681 2131 4735 21*

2637 609 2777 664 1149

2589 683 2809 731 OdaNov

2625 1775 2763 1831 1149

2593 1851 2789 1898 Ncw.28
