3319 5242
707 389 843 456 424
1378 408 1679 455 wmanm
1718 406 2093 456 131³meAE
2132 405 2243 454 29⁵.
2275 405 2385 455 sss.

533 553 671 612 1150
885 547 1154 618 Mittetis
1199 549 1381 617 nobis
1422 571 1536 636 per
1564 555 1927 637 presentem
1956 570 2226 637 puerum
2253 556 2543 618 nostrum
2570 549 2881 620 cindalia¹
2909 572 3040 620 can-

709 666 878 752 dida,
922 671 996 733 ut
1037 667 1292 734 mittere
1336 666 1768 754 disposuistis3
1818 689 1980 755 quae
2025 688 2170 734 cum
2213 688 2581 752 rogaremus
2612 689 2742 736 non
2773 670 3040 755 dedistis,

709 802 853 849 cum
896 804 1025 850 non
1070 789 1424 870 peteremus
1455 784 1790 850 obtulistis.
1861 783 2340 852 Liberalitatem
2367 791 2648 853 vestram
2678 792 2743 853 et
2777 787 3043 853 studium

709 901 909 967 sensit
951 905 1153 967 status
1202 899 1592 968 Stabulensis
1639 900 1941 968 ecclesiae
1955 951 1975 986 ,
2033 902 2234 968 sensit
2274 922 2446 989 penu
2489 908 2779 969 nostrum
2792 953 2812 987 ,
2863 904 3045 970 sensit

709 1038 930 1084 mensa
971 1023 1209 1103 nostra,
1256 1018 1456 1085 sensit
1497 1019 1938 1105 marsuppium
1981 1023 2291 1103 nostrum,
2337 1020 2536 1085 sensit
2580 1019 2908 1086 stabulum
2947 1040 3048 1086 no-

710 1139 930 1200 strum.
1002 1132 1113 1201 Set
1166 1139 1241 1200 ut
1296 1134 1540 1222 capella
1598 1140 1818 1202 nostra
1859 1155 2104 1222 pauper
2158 1139 2224 1201 et
2267 1135 2517 1201 modica
2559 1136 2827 1203 sentiret
2870 1136 3047 1221 largi-

708 1255 908 1318 tatem
941 1249 1438 1319 munificentiam
1473 1257 1538 1318 et
1564 1252 2013 1319 liberalitatem
2041 1256 2339 1336 vestram,
2383 1271 2588 1337 neque
2620 1250 2831 1319 Gallia
2861 1274 3050 1339 neque

711 1366 1051 1434 Germania
1102 1388 1307 1454 neque
1364 1374 1500 1435 tota
1544 1367 1772 1435 Grecia
1813 1389 2017 1454 neque
2077 1368 2303 1436 Oriens
2349 1368 2648 1436 adiuvare
2692 1376 3047 1455 potuerunt.

707 1484 838 1551 Nos
881 1490 1097 1552 tamen
1139 1486 1306 1569 grati
1363 1490 1427 1551 et
1479 1506 1790 1553 memores
1847 1506 2064 1553 sumus
2110 1490 2204 1571 et,
2261 1484 2341 1552 ab
2386 1485 2559 1551 omni
2602 1486 3053 1570 ingratitudine

706 1602 894 1669 rebus
942 1606 1006 1669 et
1050 1602 1260 1669 animo
1308 1601 1532 1686 alieni,
1577 1602 1857 1690 plurima
1899 1623 2015 1670 nos
2061 1603 2412 1689 accepisse,
2472 1607 2539 1669 et
2581 1608 2693 1668 aut
2735 1603 2917 1670 nulla
2958 1602 3051 1670 vel

707 1738 912 1805 pauca
938 1719 1306 1786 retribuisse
1335 1719 1790 1803 cognoscimus.
1959 1719 2028 1786 Si
2061 1718 2276 1805 aliqua
2302 1720 2605 1786 innovata
2633 1724 2784 1785 sunt
2811 1720 2883 1785 in
2912 1739 3052 1786 con-

708 1835 850 1903 silio
896 1836 1136 1902 domini
1178 1830 1416 1902 nostri'
1444 1841 1592 1923 post
1617 1855 1937 1903 recessum
1977 1842 2286 1922 nostrum,
2332 1836 2516 1903 nobis
2545 1834 2904 1920 significare
2933 1856 3055 1903 non

706 1973 1076 2038 gravemml.

711 2163 887 2236 296.
933 2169 1255 2235 Com-adas
1283 2168 1396 2235 ΠΙ
1424 2192 1540 2234 rex
1568 2167 1934 2234 Heinrioum
1980 2168 2335 2255 spiscopum
2366 2168 2755 2235 Mindon-sem
2797 2172 2877 2236 de
2896 2195 3059 2258 pace

929 2308 1068 2351 oum
1111 2284 1394 2352 Wibaldo
1424 2286 1583 2350 inita
1611 2285 1833 2349 laudat
1878 2295 1937 2348 et
1979 2307 2019 2348 a
2055 2287 2374 2351 vocatione
2418 2278 2693 2351 liberast
2742 2283 2852 2366 (M.
2881 2286 3058 2367 267.)

488 2425 630 2481 1150
885 2418 1264 2502 C(onradus)
1308 2417 1432 2485 Dei
1485 2418 1695 2504 gratia
1736 2417 2160 2484 Romanorum
2217 2438 2333 2484 rex
2389 2418 2740 2500 H(einrico)
2798 2441 3060 2488 venera-

431 2513 472 2547 θ’
493 2500 621 2561 ⁸⁰⁹¹*
642 2502 672 2548 Β
704 2536 820 2605 bili
864 2534 1181 2602 Mindensi
1227 2535 1522 2623 episcopo
1570 2536 1842 2619 gratiam
1888 2554 2068 2601 suam
2114 2539 2179 2601 et
2224 2555 2410 2602 omne
2453 2535 2708 2601 bonum.

885 2652 1136 2720 Gratias
1180 2657 1436 2720 nostrae
1479 2652 1951 2719 mansuetudini
1996 2653 2125 2736 egit
2168 2650 2373 2719 fidelis
2412 2656 2630 2719 noster
2658 2652 3062 2722 Gorbeiensis

708 2771 901 2838 abbas
947 2775 1081 2836 tam
1122 2790 1239 2857 per
1283 2769 1531 2836 litteras
1578 2790 1769 2855 quam
1812 2790 1929 2856 per
1968 2769 2230 2835 nuncios
2273 2788 2441 2853 suos,
2489 2769 2660 2855 quod
2690 2769 2771 2837 ob
2797 2777 3065 2839 nostrae

706 2887 1061 2954 dilectionis
1108 2891 1173 2954 et
1217 2886 1500 2953 mandati
1544 2886 1963 2953 reverentiam
2011 2905 2262 2953 omnem
2306 2886 2821 2971 commotionem,
2869 2907 3064 2973 quam

709 3006 1010 3072 adversus
1056 3024 1202 3071 eum
1245 3008 1310 3071 et
1356 3003 1724 3071 aecclesiam
1760 3003 1961 3090 ipsius
2006 3003 2338 3088 habueraS,
2384 3002 2707 3088 remisisti,
2738 3009 2805 3070 et
2837 3025 3065 3071 mona-

708 3121 857 3188 chos
901 3121 1102 3208 ipsius
1117 3171 1137 3205 ,
1185 3140 1340 3206 quos
1385 3120 1453 3186 in
1499 3120 1937 3187 Kaminatensi
1984 3119 2289 3186 aecclesia
2332 3119 2754 3205 ordinaverat,
2799 3121 2871 3187 in
2917 3143 3066 3207 gra-

707 3238 864 3306 tiam
924 3244 989 3305 et
1040 3257 1265 3325 pacem
1320 3241 1621 3323 tanquam
1679 3237 1823 3324 pius
1880 3241 2065 3323 pater
2118 3241 2183 3303 et
2233 3237 2434 3303 bonus
2492 3241 2711 3324 pastor
2763 3240 3070 3326 recepisti

710 3360 793 3439 et,
838 3355 918 3421 de
963 3358 1173 3421 cetero
1217 3358 1281 3420 te
1326 3354 1498 3441 ipsos
1544 3352 1708 3421 velle
1752 3353 2084 3420 confovere
2130 3357 2196 3420 et
2232 3352 2538 3420 canonica
2561 3353 2816 3420 iusticia
2845 3354 3070 3423 defen·

711 3491 873 3555 sare,
917 3468 1184 3537 firmiter
1229 3472 1596 3558 promisisti.
1667 3470 1847 3550 Quod
1886 3470 2039 3536 licet
2081 3470 2392 3536 morosius
2430 3474 2494 3537 et
2523 3471 2725 3537 serius
2757 3469 3068 3556 effeceris,

711 3607 902 3674 quam
945 3592 1093 3653 tuae
1137 3588 1488 3655 industriae
1531 3588 1886 3655 iniunctum
1928 3587 2149 3671 fuerit,
2198 3592 2412 3653 tamen
2455 3593 2822 3675 pergratum
2868 3589 3071 3656 habe-

710 3724 873 3770 mus.
941 3703 1029 3770 Et
1073 3704 1500 3791 experientiae
1546 3710 1695 3771 tuae
1739 3723 2137 3791 summopere
2181 3703 2602 3789 iniungimus,
2662 3710 2735 3771 ut
2790 3706 3072 3773 eundem

712 3820 1005 3887 abbatem
1046 3820 1315 3888 honores
1363 3826 1428 3888 et
1473 3821 1720 3907 diligas,
1768 3825 1832 3888 et
1875 3822 1945 3886 in
1976 3821 2149 3886 omni
2184 3820 2613 3907 oportunitate
2658 3842 2774 3887 sua
2816 3827 2958 3889 tam
2993 3823 3073 3889 de

711 3936 1150 4004 Kaminatensi
1196 3938 1497 4005 aecclesia
1544 3959 1733 4025 quam
1779 3938 1856 4004 de
1889 3937 2030 4004 aliis
2063 3936 2251 4005 rebus
2284 3936 2614 4004 consilium
2661 3938 2716 4004 ei
2766 3943 2830 4004 et
2875 3959 3074 4025 opem

710 4055 909 4139 feras,
970 4059 1035 4121 et
1077 4056 1377 4142 precipue
1421 4060 1644 4122 contra
1689 4054 2091 4122 Thidericum
2149 4055 2228 4120 de
2270 4053 2637 4139 Rikelinga,
2697 4054 2838 4139 qui,
2885 4063 3072 4141 post-

710 4173 917 4259 posito
963 4171 1086 4238 Dei
1129 4173 1358 4239 timore
1404 4178 1468 4239 et
1508 4177 1732 4238 nostra
1776 4191 1851 4238 ac
1890 4171 2074 4255 regni
2118 4170 2504 4253 reverentia,
2549 4171 2905 4256 predictum
2956 4173 3076 4239 ab·

712 4287 922 4355 batem
969 4293 1033 4354 et
1077 4287 1445 4356 aecclesiam
1490 4308 1672 4356 suam
1715 4288 2086 4375 perturbare
2132 4292 2197 4355 et
2234 4287 2535 4354 infestare
2564 4287 2893 4374 presumit.
2971 4288 3077 4355 Ob

855 4446 906 4500 1.
930 4458 1144 4516 pannos
1161 4445 1385 4502 sericos.
1493 4447 1547 4501 2.
1572 4446 1812 4502 Conradi
1828 4446 1994 4517 regis.
2102 4447 2153 4502 3.
2181 4446 2338 4501 Hanc
2356 4445 2645 4515 epistolam
2665 4445 3076 4517 Nurenbergae

714 4533 845 4590 circ.
874 4533 965 4591 die
1002 4536 1038 4591 8
1074 4534 1227 4606 Sept.
1264 4535 1524 4606 scriptam
1559 4550 1700 4606 esse,
1738 4550 1809 4591 ex
1845 4550 1934 4608 ep.
1959 4535 2066 4591 278
2100 4551 2268 4606 supra
2301 4551 2356 4606 p.
2382 4534 2493 4593 405
2525 4535 2645 4594 veri
2679 4533 2859 4593 simile
2892 4539 3014 4592 est.
