3319 5242
1037 456 1337 506 wmanm
1377 458 1711 507 amsa-ona
1753 458 1864 507 4⁸0.
2485 444 2613 510 571

268 598 452 671 436.
496 602 813 666 Amoldus
872 601 1369 689 archiepiscopus
1413 602 1815 690 Moquntinus
1859 603 2211 671 Wibaldum
2254 606 2332 670 de
2374 605 2620 671 iniuriis

497 719 619 782 sibi
677 719 754 783 ab
801 716 1161 783 Hermanno
1220 720 1436 783 comite
1484 719 1769 806 palatino
1826 719 2016 784 illatis
2070 723 2389 786 certiorem
2433 720 2618 809 facit.

498 833 729 919 Royat,
778 844 943 919 aqut,
980 843 1050 897 ut
1081 831 1436 899 Fridericus
1464 833 1511 899 I
1538 834 1653 900 rese
1684 836 1918 901 auaeilio
1946 836 2186 902 sibi-sit.
2300 834 2409 917 (Μ.
2440 836 2619 918 438.)

454 963 827 1048 A(rnoldus)
883 964 1006 1031 Dei
1075 966 1283 1049 gratia
1325 964 1730 1051 Maguntinae
1784 967 1953 1034 sedis
2008 967 2264 1034 humilis
2332 969 2622 1036 minister
2659 983 2798 1038 1155

272 1080 620 1164 W(ibaldo)
664 1082 1006 1148 reverendo
1038 1080 1435 1149 Corbeiensis
1472 1083 1812 1150 aecclesiae
1842 1083 2057 1151 abbati
2101 1084 2372 1151 salutem
2417 1089 2481 1152 et
2522 1085 2621 1151 in-

276 1199 504 1265 timam
548 1196 965 1264 dilectionem.

458 1313 806 1380 Nonnullae
852 1314 1200 1398 gratiarum
1247 1314 1524 1380 actiones
1562 1318 1810 1382 vestrae
1853 1315 2183 1383 referimus
2226 1315 2621 1400 benignitati,

280 1429 449 1517 quod
505 1434 640 1496 tam
693 1430 970 1496 fraterne
986 1479 1006 1514 ,
1066 1434 1199 1495 tam
1258 1427 1592 1497 affectuose
1647 1430 1876 1498 litteris
1923 1431 2149 1499 vestris
2202 1452 2319 1498 nos
2362 1432 2623 1498 visitare

279 1547 551 1614 curastis
608 1549 701 1630 et,
760 1545 838 1613 de
893 1550 1064 1612 statu
1120 1545 1336 1611 domni
1393 1545 1560 1629 regis
1618 1550 1685 1613 et
1739 1552 1949 1614 vestro
2003 1568 2121 1634 per
2175 1548 2447 1632 gratiam
2501 1547 2625 1614 Dei

278 1682 586 1751 prospero
631 1681 747 1728 nos
792 1660 1223 1745 certificando,
1278 1659 1505 1727 vulnus
1561 1662 2002 1730 sollicitudinis
2055 1663 2133 1731 de
2178 1664 2363 1731 corde
2407 1668 2624 1731 nostro

283 1783 633 1865 amputare.
724 1776 964 1844 Bonam
1011 1777 1207 1861 igitur
1250 1777 1320 1843 in
1365 1777 1543 1845 vobis
1594 1783 1920 1865 tamquam
1962 1780 2032 1846 in
2073 1780 2269 1848 fratre
2315 1785 2380 1847 et
2423 1781 2624 1847 amico

279 1874 577 1962 fiduciam
631 1893 966 1977 habenteS,
1025 1893 1461 1979 conquerendo
1514 1893 1912 1962 notificamus
1956 1895 2168 1965 vobis:
2226 1896 2395 1982 quod
2450 1897 2626 1984 pala-

280 2011 455 2078 tinus
501 2030 709 2077 comes
760 2010 837 2077 de
880 2008 1053 2076 Reno
1073 2003 1109 2093 ¹,
1154 2013 1316 2076 teste
1358 2009 1495 2077 Deo
1541 2010 1781 2077 nullam
1826 2011 1893 2078 in
1933 2032 2049 2078 nos
2082 2031 2338 2080 causam
2367 2011 2626 2097 habens,

282 2133 507 2195 contra
548 2123 737 2194 fidem
782 2130 844 2192 et
888 2130 1383 2210 sacramentum,
1441 2146 1562 2211 quo
1607 2127 1789 2195 nobis
1837 2133 1974 2195 erat
2020 2129 2315 2196 astrictus
2329 2178 2349 2213 ‚
2408 2149 2486 2196 ex
2530 2129 2627 2195 in-

281 2248 561 2331 sperato,
607 2263 688 2310 ex
731 2241 1076 2329 improviso
1122 2241 1458 2309 aecclesiae
1500 2241 1909 2327 Maguntinae
1953 2248 2019 2310 et
2054 2244 2236 2311 nobis
2281 2263 2424 2311 cum
2470 2263 2627 2311 non-

278 2359 476 2427 nullis
506 2358 859 2444 iniquitatis
890 2378 1041 2423 suae
1071 2357 1478 2446 complicibus
1508 2357 1844 2427 violentiae
1879 2379 2106 2426 manus
2133 2360 2371 2444 iniecit,
2417 2364 2629 2426 castra

278 2481 504 2544 nostra
546 2475 879 2558 destruxit,
922 2475 1208 2542 homines
1247 2481 1497 2543 nostros
1544 2476 1910 2563 captivavit,
1955 2481 2163 2543 curtes
2206 2480 2455 2543 nostras
2499 2495 2627 2543 non

280 2592 490 2661 solum
556 2591 797 2679 rapinis
866 2591 1221 2660 devastavit
1284 2602 1536 2660 verum·
1592 2592 1782 2660 etiam
1850 2612 2001 2660 suae
2060 2593 2285 2660 ditioni
2342 2593 2628 2680 subiecit,

282 2729 472 2777 sacra
514 2709 827 2775 cimiteria
869 2712 934 2776 et
979 2708 1313 2776 aecclesias
1356 2709 1675 2796 spoliavit,
1720 2709 1864 2796 ipsa
1893 2709 2121 2777 altaria
2148 2717 2213 2778 et
2240 2710 2629 2778 venerabiles

284 2826 588 2912 reliquias
634 2825 1020 2892 ornamentis
1065 2824 1198 2892 suis
1244 2824 1607 2910 denudavit,
1651 2826 1722 2892 in
1760 2826 2209 2893 monachorum
2236 2826 2485 2893 irruens
2530 2846 2630 2894 ce-

283 2942 480 3011 nobia
524 2962 862 3027 eorumque
906 2941 1301 3029 perfringens
1347 2942 1571 3026 cruris,
1617 2940 1989 3025 sacrilegam
2020 2961 2310 3009 exercere
2339 2943 2632 3030 rapinam

284 3079 417 3127 non
472 3057 854 3126 formidavit.
925 3056 1128 3124 Huius
1184 3078 1431 3143 quoque
1485 3057 1840 3144 iniquitatis
1897 3061 2183 3125 auctores
2228 3064 2521 3126 asserunt
2566 3067 2632 3127 et

285 3176 522 3261 ubique
566 3174 913 3259 divulgant,
960 3195 1028 3241 se
1074 3194 1155 3241 ex
1197 3174 1496 3242 mandato
1542 3174 1760 3242 domni
1803 3174 1971 3258 regis
2018 3173 2355 3242 aecclesiae
2399 3175 2523 3243 Dei
2567 3182 2632 3243 et

286 3292 472 3360 nobis
517 3291 679 3357 hanc
722 3289 1022 3357 iniuriam
1064 3290 1376 3375 irrogare3
1440 3291 1607 3376 quod
1650 3292 1868 3376 utique
1914 3309 2053 3373 eos,
2098 3295 2423 3376 tamquam
2465 3289 2629 3358 filios

288 3406 634 3491 mendacii,
681 3407 911 3474 scimus
956 3406 1116 3474 falso
1162 3407 1562 3474 coniectasse.
1743 3405 2234 3473 Fraternitatem
2285 3406 2482 3491 igitur
2523 3428 2630 3476 ve-

289 3529 509 3608 stram,
546 3543 795 3609 semper
822 3523 891 3588 in
922 3522 1102 3590 bonis
1134 3524 1316 3591 nobis
1347 3529 1694 3611 expertam,
1731 3543 1921 3609 quam
1947 3521 2171 3589 intime
2201 3521 2628 3610 deposcimus:

287 3646 393 3724 ut,
450 3639 551 3705 his
607 3638 924 3726 pressuris
980 3639 1213 3705 nostris
1268 3626 1338 3705 et=
1373 3639 1883 3707 tribulationibus
1928 3638 2345 3725 condolendo,
2401 3641 2631 3708 domno

288 3757 427 3841 regi
473 3755 842 3840 suggeratiS,
887 3759 960 3821 ut
1006 3754 1342 3822 aecclesiae
1386 3776 1538 3823 suae
1584 3761 1648 3822 et
1692 3755 1874 3824 nobis
1910 3755 2120 3823 debito
2151 3756 2386 3824 auxilio
2415 3757 2632 3842 digne-

291 3878 398 3940 tur
442 3871 808 3953 subvenire3
869 3876 932 3937 et
972 3869 1204 3938 litteris
1251 3872 1381 3937 suis
1428 3872 1509 3939 ad
1552 3878 1767 3960 partes
1812 3878 2062 3941 nostras
2109 3868 2397 3940 directis'
2440 3872 2631 3940 salsos

289 3988 433 4056 illos
479 3987 789 4054 delatores
836 4006 1025 4073 super
1068 3987 1474 4073 inprudentia
1516 3989 1863 4074 mendacii,
1921 4010 2043 4075 quo
2087 3987 2435 4055 maiestatis
2481 4007 2633 4054 suae

290 4103 478 4172 fidem
525 4103 1017 4171 sincerissimam
1060 4102 1427 4171 insimulare
1475 4110 1539 4172 et
1569 4106 1922 4173 incrustare
1965 4103 2432 4192 presumebant,
2477 4102 2631 4170 velit

292 4240 556 4307 arguere
603 4225 667 4289 et
709 4219 1051 4288 confutare.
1654 4221 1659 4230 '

438 4377 479 4410 a.
517 4366 579 4410 uti
613 4380 653 4409 c.

436 4451 488 4505 1.
524 4449 890 4506 Hermannus.
1031 4448 1085 4503 2.
1122 4462 1191 4505 ex
1227 4446 1403 4505 Italia.
