3319 5242
895 477 1193 526 wmALm
1235 473 1610 527 nms‘ronffl
1659 479 1765 525 aas.
1797 478 1902 526 284.
2439 460 2569 529 353

226 618 433 684 tiatur.
529 617 626 685 De
673 624 879 687 cetero
924 620 1385 688 fraternitatem
1429 627 1738 705 vestram,
1787 622 1864 687 (16
1911 640 2036 707 qua
2078 619 2378 686 nimirum
2423 639 2570 686 con-
2606 626 2747 681 1150

225 732 497 820 fidimus,
543 734 865 802 humiliter
910 738 1327 825 exposcimus,
1373 742 1444 803 ut
1489 737 1893 805 dilectissimo
1940 736 2193 803 domino
2239 742 2455 804 nostro
2501 738 2569 803 in
2612 697 2743 747 mm

226 850 467 917 occulto
515 854 895 938 suggeratis,
948 858 1021 919 ut
1066 874 1105 921 a
1151 855 1378 921 domno
1424 849 1708 921 Welfone
1753 855 2007 940 suisque
2052 853 2570 922 ministerialibus

225 967 539 1053 quendam
595 970 1128 1053 consanguineum
1185 991 1396 1037 meum
1452 975 1515 1037 et
1571 971 1774 1057 ipsius
1834 970 2046 1036 domni
2100 971 2267 1055 regis
2322 969 2570 1038 fidelem

223 1082 590 1151 Heinricum
645 1086 929 1170 nomine,
986 1087 1121 1152 sine
1167 1107 1356 1154 causa
1401 1088 1820 1173 captivatum,
1877 1087 2083 1173 primo
2133 1091 2227 1171 et,
2286 1087 2448 1153 sicut
2493 1088 2572 1152 de

223 1200 357 1287 ipso
405 1199 808 1287 confidimus,
861 1204 1176 1287 requirat,
1226 1208 1290 1270 et
1332 1208 1464 1269 tam
1509 1224 1625 1290 pro
1671 1203 1852 1270 nobis
1900 1223 2089 1289 quam
2130 1223 2248 1289 pro
2294 1202 2431 1269 Deo
2476 1203 2573 1268 di-

221 1317 388 1384 mitti
435 1317 667 1385 iubeat.

224 1546 403 1618 234.
447 1551 760 1616 Wibaldus
779 1550 1142 1617 Hermanno
1169 1555 1452 1640 episcopo
1480 1554 1926 1618 Constantiensi
1952 1555 2177 1635 scribit,
2214 1577 2439 1640 reyem,
2480 1555 2572 1620 vi-

449 1668 644 1732 ctoria
673 1690 750 1731 ex
787 1666 1063 1755 Weffwe
1083 1680 1297 1755 parta,
1340 1691 1466 1732 non
1497 1692 1590 1750 ea,
1625 1691 1815 1756 quam
1843 1693 1943 1733 res
1957 1667 2224 1759 flayt'eet,
2258 1672 2576 1734 severitate

448 1806 702 1847 usurum
735 1807 878 1848 esse.
919 1784 1024 1849 De
1047 1783 1360 1862 Heinrico‚
1404 1783 1700 1871 Weffmtis
1730 1787 1990 1872 captiva,
2025 1787 2216 1851 addit.
2260 1783 2367 1867 (Μ.
2399 1773 2574 1865 186.)

399 1914 766 1983 Reverendo
822 1915 992 2001 patri
1050 1936 1163 1981 suo
1224 1921 1288 1982 et
1345 1917 1596 1982 domino
1642 1916 2055 1998 H(ermanno)
2115 1925 2367 1984 sanctae
2412 1917 2575 1985 Con·
2611 1929 2752 1984 1150

219 2033 589 2099 stantiensis
650 2031 987 2097 aecclesiae
1040 2032 1383 2099 venerabili
1442 2033 1735 2119 episcopo
1790 2034 1986 2099 frater
2030 2032 2407 2117 W(ib·aldus)
2453 2034 2574 2101 Dei
2614 2002 2746 2049 hb*

216 2149 428 2232 gratia
486 2148 552 2213 id
612 2147 775 2233 quod
834 2152 932 2214 est
984 2148 1055 2213 in
1114 2149 1416 2214 aecclesia
1475 2148 1814 2232 catholica,
1874 2148 2139 2215 salutem
2185 2151 2253 2215 in
2300 2171 2404 2235 eo,
2466 2152 2574 2236 qui

216 2264 488 2332 mandat
531 2263 764 2330 salutes
810 2263 993 2330 Iacob
1012 2259 1046 2329 ¹.

399 2380 527 2447 Pro
572 2381 1021 2465 moderatione,
1070 2401 1194 2467 qua
1238 2381 1488 2466 predita
1533 2385 1627 2447 est
1674 2381 1873 2446 dulcis
1921 2380 2131 2447 anima
2164 2386 2391 2465 vestra,
2437 2380 2573 2467 pla-

214 2499 348 2564 cuit
412 2497 788 2580 benignitati
833 2502 1081 2563 vestrae
1138 2496 1443 2579 gratulari
1499 2497 1710 2580 regiae
1767 2497 2009 2581 curiae,
2071 2497 2236 2583 quod
2292 2502 2573 2562 nostram

215 2615 270 2681 ci
330 2633 511 2681 nunc
569 2613 818 2680 assidue
875 2613 1280 2680 exhibeamus
1336 2614 1741 2700 presentiam.
1850 2612 1961 2680 Set
2016 2634 2163 2698 nos,
2221 2613 2573 2680 venerande

210 2737 437 2817 pater,
494 2750 619 2795 non
677 2751 892 2797 sumus
938 2736 1258 2796 momenta
1311 2751 1522 2796 rerum
1578 2750 1695 2797 nec
1751 2730 2020 2817 publicis
2079 2731 2356 2814 negociis
2402 2731 2573 2815 quio—

212 2868 417 2933 quam
460 2866 794 2933 possumus
843 2847 1248 2913 emolumenti
1292 2848 1574 2913 conferre
1621 2851 1704 2931 et,
1752 2852 1821 2913 ut
1866 2852 2084 2913 nostra
2125 2847 2251 2913 fert
2294 2847 2528 2933 opinio,

523 2963 654 3030 Nos
697 2983 995 3029 numerus
1043 2983 1257 3029 sumus
1305 2969 1368 3030 et
1412 2963 1622 3048 fruges
1671 2982 2037 3029 consumere
2083 2964 2220 3028 nati
2232 2958 2272 3028 ².

211 3080 551 3168 Siquidem
597 3085 744 3166 post
787 3079 1173 3166 insperatam
1222 3083 1283 3145 et
1329 3079 1407 3145 ab
1455 3079 1624 3145 omni
1673 3079 1945 3145 humano
1993 3078 2255 3144 consilio
2294 3085 2356 3145 et
2387 3098 2573 3164 opere

206 3198 422 3264 ferme
470 3195 740 3262 alienam
788 3201 851 3261 et
885 3196 962 3261 de
997 3196 1147 3263 celis
1177 3195 1475 3261 traditam
1505 3195 1854 3279 victoriam,
1901 3194 2212 3261 voluimus
2260 3199 2342 3277 et,
2376 3214 2573 3278 quan-

207 3320 350 3380 tum
418 3313 484 3377 in
528 3333 599 3379 re
643 3312 904 3379 militari
952 3313 1261 3399 oportuit,
1323 3312 1669 3395 suasimus,
1726 3317 1799 3377 ut
1843 3311 2132 3377 dominus
2179 3315 2393 3376 noster
2437 3330 2573 3394 reX,

207 3450 415 3517 quem
459 3429 745 3515 propicia
791 3428 1086 3495 divinitas
1133 3428 1311 3493 miris
1360 3433 1423 3494 et
1455 3427 1867 3495 clementibus
1897 3425 2215 3494 beneficiis
2247 3432 2577 3492 conservat

207 3552 275 3614 et
314 3545 650 3633 provehit,
696 3564 823 3610 non
868 3548 1144 3611 cessaret
1188 3563 1510 3610 successus
1556 3564 1782 3628 urgere
1828 3564 1992 3628 suos,
2041 3549 2105 3610 et
2148 3543 2358 3609 hostes
2406 3563 2573 3626 suoS,

204 3660 740 3747 incomparabili·
798 3661 1070 3748 dampno
1131 3658 1384 3726 affectos
1442 3665 1738 3745 metuque
1797 3666 1861 3726 et
1913 3680 2144 3743 angore
2191 3660 2385 3725 animi
2433 3679 2576 3744 per-

202 3780 466 3860 culsos,
524 3777 883 3861 invaderet,
943 3797 1016 3842 ac
1070 3796 1207 3842 sese
1253 3774 1587 3860 aliquando
1637 3776 1719 3841 ad
1763 3776 2116 3843 faciendum
2163 3775 2463 3842 iudicium
2513 3782 2577 3841 et

201 3894 577 3978 iusticiam,
626 3893 708 3960 ad
753 3892 1248 3960 subveniendum
1293 3891 1483 3957 matri
1528 3912 1680 3958 suae
1728 3891 2094 3975 aecclesiae,
2142 3899 2399 3978 accepta
2441 3897 2574 3957 tam

201 4010 505 4079 mirabili
556 4011 1010 4095 oportunitate,
1071 4006 1413 4094 expediret.
1507 4007 1993 4076 Contradicebat
2035 4010 2420 4075 inveteratus
2466 4007 2573 4073 ille

201 4125 575 4210 Achitofel,
644 4128 752 4212 qui
798 4127 904 4192 vix
962 4126 1281 4209 ingentem
1339 4124 1740 4191 dissimulare
1796 4125 2132 4192 tristiciam
2185 4128 2435 4209 poterat
2489 4128 2571 4206 et,

204 4248 559 4329 assumpta
602 4243 933 4308 sanctioris
979 4240 1298 4307 amiciciae
1342 4260 1632 4326 persona,
1682 4241 1759 4306 de
1804 4245 2086 4327 tempore
2134 4244 2196 4304 et
2226 4240 2394 4305 auris
2428 4259 2573 4303 cau-

201 4362 507 4443 sabatur,
541 4363 605 4426 et
628 4358 1036 4425 sacratissimi
1060 4357 1278 4423 ieiunii
1301 4356 1667 4441 religionem
1688 4356 2073 4443 predicabat,
2098 4360 2161 4422 et
2184 4353 2570 4421 astruebatbz

360 4517 410 4550 a·
456 4502 656 4563 sequitur
686 4501 838 4548 litum.
962 4500 1006 4554 b.
1040 4500 1296 4547 astruebat
1326 4518 1365 4546 c.

358 4590 420 4644 1.
460 4588 550 4642 Ps.
576 4588 663 4655 43,
689 4589 741 4641 ὃ.
884 4588 934 4642 2.
971 4586 1104 4643 Hor.
1131 4586 1230 4655 Ep.
1258 4586 1300 4640 1.
1328 4586 1378 4655 2,
1409 4586 1494 4641 27.
1930 4642 1967 4647 ‚⁷

297 4681 479 4739 «utri,
512 4686 798 4731 Bibliotheca
829 4686 864 4732 l.
2075 4682 2145 4739 23
