3319 5242
530 614 666 670 1148

518 687 614 737 Oct.
648 691 676 737 s

712 450 844 519 202
1477 473 1775 523 wmanm
1815 474 2144 523 EPISTOLA
2190 473 2294 522 ηε.

707 614 870 700 qelio
916 614 1065 681 dicit
1106 615 1280 681 beato
1310 616 1530 681 Petro:
1578 641 1604 671 1·
1620 617 2041 707 Quodcunque
2084 619 2372 705 liqaveris
2413 641 2602 706 super
2638 628 2890 700 terram,
2939 620 3051 683 erit

710 730 967 817 liqatum
1012 742 1068 795 et
1110 733 1177 796 in
1222 734 1404 799 coelis
1411 759 1436 821 ,·
1498 746 1556 800 et
1609 737 2012 824 quodcunque
2066 736 2320 800 solveris
2373 758 2562 822 super
2606 746 2871 817 ter-ram,
2938 736 3049 801 erit

708 846 970 910 solutum
1017 857 1075 911 et
1115 850 1183 912 in
1228 851 1446 915 coelis·
1467 846 1499 915 ¹.
1581 876 1607 906 ι
1624 851 1833 938 Super
1876 861 2140 915 terram·
2189 851 2406 939 inquit,
2450 874 2578 916 non
2623 853 2772 917 »sub
2816 862 2988 916 ter-ra
3000 876 3047 932 ⁸,

709 964 1000 1049 quoniam
1054 966 1316 1030 viventes
1371 978 1430 1032 et
1483 991 1608 1032 non
1663 969 1892 1032 mortui
1942 968 2159 1033 debent
2213 968 2732 1033 excommunicari
2764 967 2887 1032 'vel
2941 967 3049 1033 ab·

705 1078 874 1144 solvi.
947 1078 1037 1144 Et
1081 1078 1375 1147 Salemon
1422 1084 1545 1148 ait:
1592 1083 1711 1149 »Si
1753 1084 2036 1148 ceciderit
2077 1084 2312 1169 liynum
2357 1084 2446 1149 ad
2488 1094 2765 1149 aratrum
2808 1093 2926 1148 aut
2967 1082 3056 1148 ad

708 1195 1071 1283 aquilonem,
1118 1198 1185 1261 in
1214 1221 1576 1288 quocunque
1602 1200 1736 1265 loco
1769 1200 2068 1280 ceciderit,
2100 1200 2189 1265 ibi
2218 1194 2415 1264 eritt'.
2482 1200 2671 1281 Quod
2694 1197 3060 1265 Hiezechiel

694 1311 1006 1399 propheta
1047 1313 1255 1378 multis
1296 1316 1495 1380 verbis
1530 1338 1605 1380 ac
1630 1316 1940 1380 sententiis
1967 1316 2279 1402 explanat,
2325 1326 2395 1381 ut
2421 1318 2489 1382 in
2516 1318 2711 1403 ipsius
2738 1316 3057 1381 volumine

702 1427 1034 1509 invenietis,
1069 1432 1272 1522 finem
1313 1432 1470 1496 vitae
1498 1433 1566 1496 in
1595 1434 1824 1496 cunctis
1868 1454 2141 1496 asserens
2174 1432 2383 1519 potius
2409 1432 2812 1497 iudicandum
2860 1454 3058 1521 quam

700 1545 944 1609 vivendi
987 1548 1327 1634 principia.
1418 1549 1611 1614 Beati
1652 1548 1885 1613 Leonis
1928 1570 2146 1635 papae
2201 1557 2261 1613 et
2311 1550 2511 1613 sancti
2556 1546 2793 1614 Gelas-’i
2827 1570 3060 1635 papae

698 1662 996 1726 sententia
1039 1673 1128 1727 est
1139 1689 1162 1726 .·
1209 1687 1235 1717 ι
1253 1663 1490 1744 Quibus
1530 1667 1685 1738 vivis
1711 1687 1838 1729 non
1868 1666 2404 1746 communicamus,
2450 1686 2564 1729 nec
2589 1664 2852 1729 mortuis
2880 1687 3056 1731 com-

698 1778 1015 1842 municare
1048 1801 1380 1864 possumus
1391 1804 1436 1845 c.
1512 1780 1791 1846 Proinde
1833 1791 2081 1846 nostrae
2112 1782 2419 1869 parvitati
2460 1803 2832 1868 consequens
2875 1782 3058 1846 vide-

697 1902 816 1973 tur,
863 1903 948 1973 ut,
997 1917 1149 1982 quos
1191 1896 1360 1960 vivos
1404 1918 1445 1960 a
1490 1900 1915 1961 communione
1945 1895 2279 1963 christiana
2306 1920 2434 1962 non
2463 1897 2888 1978 alienavimus,
2936 1918 3062 1962 nec

695 2019 968 2074 mortuos
1025 2014 1627 2077 excommunicemus.
1720 2013 1960 2078 Multae
2010 2014 2234 2101 paleae
2282 2024 2425 2077 seuit
2464 2015 2532 2077 in
2577 2022 2729 2078 area
2741 2061 2761 2094 ,
2822 2014 3063 2101 quibus

695 2127 955 2192 necdum
999 2130 1251 2193 accessit
1290 2129 1713 2195 ventilabrum.
1774 2127 2010 2194 Verum
2051 2127 2121 2193 in
2165 2127 2264 2194 his
2311 2131 2376 2194 et
2416 2126 2775 2194 huiusmodi
2812 2126 3062 2195 exhor-

693 2241 1036 2309 tationibus
1081 2247 1210 2309 tres
1255 2242 1350 2309 illi
1395 2264 1570 2310 more
1606 2244 1846 2331 aspidis
1881 2244 2109 2311 surdae
2152 2249 2217 2310 et
2258 2244 2609 2311 obturantis
2640 2265 2826 2311 aures
2856 2241 3062 2314 suas⁸

693 2379 821 2426 non
867 2359 1205 2427 audiebant
1244 2380 1461 2427 vocem
1506 2361 1890 2427 incantantis
1900 2356 1943 2445 ⁴,
1991 2366 2088 2427 set
2133 2360 2397 2427 orabant
2441 2361 2708 2446 enixius,
2753 2382 2837 2428 ne
2880 2363 3062 2450 ipsis

692 2474 1055 2543 violentiam
1100 2477 1506 2562 inferremus,
1563 2483 1935 2562 asserentes,
1984 2477 2307 2543 dominum
2348 2476 2529 2544 illum
2571 2496 2700 2544 non
2745 2499 2886 2545 esse
2939 2481 3066 2548 ab·

692 2592 900 2661 batem
956 2593 1410 2661 nominandum
1463 2613 1580 2661 nec
1632 2595 1701 2661 in
1758 2594 2056 2661 abbatum
2106 2615 2367 2662 numero
2434 2595 2857 2682 reputandum
2926 2618 3064 2686 pro

693 2730 788 2794 eo,
837 2710 1004 2796 quod
1048 2710 1370 2777 dominum
1417 2731 1600 2777 suum
1649 2711 2010 2798 deposuerit
2052 2717 2117 2778 et
2143 2711 2389 2778 insede
2414 2732 2530 2778 sua
2557 2712 2793 2778 sederit
2818 2719 3069 2783 contra

689 2846 980 2894 canones.
1129 2825 1386 2894 Etenim
1429 2827 1752 2894 karissimi
1781 2828 2029 2912 fratres,
2077 2828 2243 2914 quod
2273 2828 2458 2894 inviti
2484 2827 2820 2914 loquimur,
2869 2832 3069 2916 apud

690 2944 940 3010 eosdem
984 2944 1214 3010 fratres
1260 2980 1345 2990 —
1394 2945 1557 3010 sicut
1597 2944 1666 3010 in
1710 2944 2029 3031 plerisque
2058 2945 2350 3011 claustris
2380 2963 2540 3031 quae
2567 2945 2781 3029 regiae
2810 2945 3065 3013 ditioni

689 3064 753 3127 et
797 3060 1180 3127 ordinationi
1225 3060 1506 3127 subiecta
1549 3066 1699 3127 sunt
1729 3098 1814 3107 —
1845 3060 2057 3127 nullus
2103 3061 2181 3128 de
2224 3060 2443 3145 reg-ula
2479 3081 2707 3144 sermo,
2749 3060 2935 3128 nulla
2969 3065 3065 3132 de

687 3177 1135 3244 consuetudine
1180 3175 1542 3243 Cassinensi
1585 3175 1687 3242 vel
1733 3175 2129 3244 Cluniacensi
2187 3198 2298 3244 seu
2357 3177 2760 3263 antiquorum
2812 3198 3060 3247 mona-

687 3295 1022 3361 steriorum
1064 3295 1332 3376 mentio,
1392 3298 1488 3359 set
1531 3311 1801 3359 canones
1815 3343 1834 3377 ,
1889 3294 2169 3378 decreta,
2216 3293 2700 3381 appellationeS,
2747 3295 3059 3381 concilia,

686 3411 857 3494 iura,
902 3409 1104 3494 leges,
1151 3409 1747 3495 condempnationes
1761 3459 1779 3494 ,
1824 3409 2090 3477 taliones
2103 3461 2123 3495 ,
2172 3415 2561 3495 argumenta,
2604 3409 3059 3499 probationes,

686 3526 1127 3593 infamationes
1184 3525 1435 3592 assidue
1486 3524 1857 3612 loquuntur,
1920 3526 2177 3593 cottidie
2229 3547 2427 3593 novos
2482 3526 2740 3595 abbates
2754 3576 2773 3611 ‚
2834 3548 3057 3598 novos

685 3643 929 3730 priores
976 3642 1210 3709 habere
1253 3642 1628 3709 desiderant.
1713 3643 1937 3709 Nullus
1979 3643 2363 3731 prepositus,
2409 3641 2619 3709 nullus
2666 3643 3056 3715 cellerarius

685 3757 935 3846 placere
978 3762 1206 3845 potest.
1268 3757 1479 3843 PaniS,
1527 3759 1815 3844 cervisia,
1861 3760 2258 3846 pulmentum
2305 3779 2553 3846 semper
2585 3760 2655 3827 in
2685 3760 2874 3847 culpa
2912 3768 3053 3830 est.

685 3874 1135 3964 villicationes,
1158 3872 1462 3940 beneficia
1483 3875 1848 3962 principum
1874 3881 1937 3943 et
1966 3875 2476 3942 ministerialium
2506 3877 2818 3943 ordinant.
2856 3877 3057 3947 Haeo

683 3990 893 4078 prima
946 3991 1014 4056 in
1066 3990 1341 4077 capitulo
1398 3991 1645 4058 dicendi
1696 3991 1919 4075 inicia,
1975 3993 2041 4058 in
2087 3992 2186 4059 his
2232 3992 2399 4058 diem
2445 3999 2838 4060 consumunt.
2931 3994 3056 4064 De

683 4106 999 4191 moribus,
1050 4107 1129 4173 de
1171 4106 1493 4192 religione,
1542 4109 1619 4174 de
1664 4109 1975 4195 patientia
2018 4114 2084 4174 et
2125 4108 2501 4194 humilitate,
2551 4109 2629 4176 de
2672 4109 3053 4178 obedientia

685 4228 749 4290 et
791 4224 1054 4290 caritate
1096 4224 1341 4290 nullum
1372 4245 1651 4311 unquam
1682 4224 1973 4306 verbum3
2021 4224 2099 4291 de
2127 4226 2361 4292 vestitu
2389 4227 2733 4309 moderato,
2780 4227 2860 4293 de
2887 4231 3050 4293 ton-

684 4360 835 4406 sura
893 4345 957 4407 et
1009 4341 1257 4408 incessu
1310 4362 1569 4428 prorsus
1616 4341 1897 4408 extincta
1938 4342 2246 4409 memoria
2290 4347 2404 4408 est.
2496 4342 2582 4409 Et
2624 4362 2770 4409 cum
2814 4344 3050 4412 omnia

683 4455 786 4523 die
830 4475 904 4523 ac
944 4462 1128 4523 nocte
1168 4462 1561 4545 pervertant,
1616 4462 1941 4545 tamquam
1984 4478 2275 4526 censores
2319 4463 2384 4525 et
2425 4458 2711 4527 homines
2755 4461 3044 4544 castiga-

826 4589 875 4641 1.
910 4586 1105 4644 matth.
1132 4588 1216 4659 16,
1246 4588 1332 4643 19.
1474 4590 1526 4646 2.
1565 4587 1749 4644 Εωιο.
1777 4589 1861 4660 11,
1888 4590 1940 4644 3.
2084 4590 2137 4648 3.
2174 4591 2262 4648 Ρι
2291 4590 2380 4663 5⁷,
2405 4590 2459 4646 5.
2599 4591 2651 4648 4.
2690 4591 2970 4664 Paene.
