3319 5242
1000 446 1313 494 Animas
1358 445 1818 494 oonnmsns
2488 428 2574 494 39

264 584 619 654 Druhtmaro
665 587 881 655 abbati
914 588 1091 655 misit
1121 586 1453 673 epistolam
1465 597 1506 654 ·.
1643 586 1983 655 Vindemia
2008 587 2127 655 hoe
2157 606 2321 653 anno
2352 586 2575 673 periit3

264 702 355 769 sed
395 708 454 769 et
494 703 624 770 mel
667 703 960 770 similiter
1004 724 1223 771 carum
1264 703 1403 770 fuit.

417 820 607 886 1045.
677 819 903 887 Fames
950 840 1198 905 magna,
1243 819 1337 886 ita
1380 825 1453 886 ut
1496 818 1681 885 multi
1710 818 2009 907 perirent.
2148 818 2317 885 Villa
2344 818 2577 885 Huxeli

259 942 646 1002 concremata.
797 935 932 1003 Hoc
978 936 1171 1003 etiam
1215 956 1379 1003 anno
1424 934 1636 1001 Bruno
1683 935 2015 1021 episcopus
2044 932 2574 1019 wirziburgensis

257 1051 405 1118 obiit.
540 1050 677 1118 Rex
724 1053 914 1119 etiam
959 1058 1396 1139 pentecosten,
1455 1072 1613 1136 quae
1662 1054 1696 1116 7
1731 1051 1870 1118 Kal.
1902 1050 2068 1117 Iunii
2125 1056 2448 1136 evenerat,
2507 1052 2575 1117 in
2608 1064 2713 1112 Mai.
2732 1066 2793 1113 2⁶

255 1167 530 1252 Ungaria,
573 1169 885 1236 invitante
930 1189 1075 1236 eum
1120 1188 1305 1254 quem
1350 1169 1487 1253 ipse
1528 1168 1728 1255 priori
1757 1187 1920 1234 anno
1949 1167 2313 1234 instituerat
2337 1186 2572 1253 regem,

250 1289 580 1369 pemgerat.
720 1283 844 1351 Sed
888 1289 955 1352 et
996 1285 1120 1351 duo
1163 1285 1392 1351 fratres
1440 1304 1519 1350 ex
1563 1283 1827 1369 antiqua
1870 1282 2138 1350 Corbeia
2181 1283 2262 1349 ad
2305 1303 2421 1350 nos
2465 1305 2573 1351 ve-

248 1407 473 1467 nerunt.

409 1519 606 1585 1046.
696 1516 822 1583 Nix
881 1515 1099 1583 nimia.
1181 1514 1410 1600 Frigus
1467 1515 1753 1582 nimium.
1844 1516 2213 1601 Tempestas
2272 1515 2571 1581 maxima.

408 1635 604 1701 1046.
696 1632 980 1699 Domnus
1037 1631 1462 1699 Druthmarus
1528 1634 1609 1699 15
1659 1631 1800 1699 Kal.
1844 1630 2062 1698 Martii
2128 1631 2286 1698 obiit
2303 1627 2337 1697 ¹.
2430 1630 2574 1699 Sta-
2605 1648 2739 1696 Febr.
2763 1649 2824 1697 ιε

245 1750 461 1835 timque
512 1751 554 1816 7
588 1748 727 1815 Kal.
774 1749 1009 1816 mensis
1057 1748 1369 1832 eiusdem,
1416 1748 1646 1815 domno
1693 1747 1989 1815 Heinrico
2035 1752 2187 1814 tunc
2230 1766 2380 1831 rege
2420 1747 2575 1815 Cor·
2606 1763 2739 1811 Febr.
2759 1765 2821 1812 ss

244 1864 429 1932 beiam
470 1865 789 1950 veniente,
835 1866 979 1951 ipsa
1023 1863 1124 1931 die
1166 1884 1328 1950 quae
1370 1863 1688 1931 dominica
1713 1864 1837 1930 fuit
1878 1863 2281 1947 unanimiter,
2326 1883 2476 1947 rege
2505 1864 2575 1930 in

244 1987 537 2049 conventu
580 1982 851 2048 fratrum
894 1980 1240 2065 residente,
1285 1976 1645 2047 Rothardus
1673 1981 1759 2068 ⁴in
1805 1980 2098 2047 abbatem
2144 1979 2427 2064 eligitur3
2475 1999 2573 2046 se-

243 2099 438 2182 quenti
481 2098 835 2181 dominica‚
868 2097 1002 2164 hoc
1047 2101 1144 2164 est
1186 2098 1227 2163 6
1259 2095 1419 2163 Non.
1454 2095 1700 2181 Martii,
1748 2092 2154 2163 Trotmanni²
2188 2096 2382 2163 abbas
2426 2115 2574 2163 con-
2608 2110 2740 2158 mm„
2761 2114 2792 2158 2

242 2214 540 2297 stituitu13
601 2214 894 2301 proxima
936 2233 1086 2279 mox
1132 2212 1479 2297 dominica,
1535 2212 1654 2279 hoc
1711 2217 1808 2279 est
1855 2216 1891 2279 7
1926 2212 2072 2279 Idus
2116 2210 2365 2296 Martii,
2421 2210 2576 2279 Gor·
2609 2226 2740 2274 Mart„
2761 2227 2793 2274 s

242 2329 425 2397 boiam
472 2329 830 2414 deducitur,
875 2330 945 2396 in
989 2329 1137 2396 sede
1178 2329 1436 2415 ponitur
1466 2333 1531 2395 et
1559 2329 1640 2395 ab
1672 2329 1966 2416 episcopo
1998 2328 2575 2395 Patherbrunnensi

239 2441 420 2512 Roth⁸
462 2446 756 2529 nomine,
816 2445 927 2531 qui
979 2444 1226 2529 legatus
1277 2451 1430 2511 tunc
1471 2445 1638 2529 regis
1682 2445 1921 2529 fuerat,
1977 2444 2170 2512 abbas
2227 2464 2346 2531 per
2387 2444 2576 2511 bene·

239 2560 566 2631 dictionem
609 2562 1034 2630 constituitur.

402 2681 603 2748 1046.
672 2679 867 2746 Terre
911 2683 1119 2745 motus
1176 2678 1219 2745 5
1262 2676 1409 2744 Idus
1453 2676 1829 2744 Novembris
1883 2677 1953 2744 in
1998 2676 2370 2744 Tridentina
2410 2676 2576 2745 valle
2607 2690 2722 2738 Nov-
2740 2691 2795 2737 11

237 2794 485 2881 nimius,
535 2795 697 2863 adeo
739 2799 814 2860 ut
856 2793 1025 2860 ultra
1069 2795 1157 2860 30
1201 2792 1490 2878 castella,
1537 2792 1751 2880 aliqua
1794 2793 1987 2861 etiam
2031 2812 2225 2879 supra
2265 2793 2574 2878 homines,

237 2913 493 2996 norint,
557 2917 805 2978 montes
862 2915 1032 2977 terre
1086 2913 1263 2976 motu
1319 2908 1735 2976 subsederint.
1829 2909 1955 2975 Tar
2009 2910 2270 2995 insuper
2323 2907 2572 2994 fluvius,

236 3029 543 3096 montibus
590 3026 959 3094 cadentibus
1002 3024 1403 3108 interclusus,
1449 3023 1592 3111 plus
1642 3026 1728 3090 10
1757 3024 1890 3090 dies
1929 3043 2047 3091 nec
2089 3045 2284 3092 unam
2327 3030 2573 3109 guttam

238 3144 307 3209 ad
344 3145 603 3212 alveum
647 3142 907 3209 dimisit.
993 3140 1197 3208 Multa
1237 3145 1527 3227 preterea
1570 3145 1738 3208 terre
1782 3145 1958 3207 motu
2003 3140 2224 3208 eodem
2266 3142 2336 3207 in
2379 3141 2572 3207 mari-

237 3260 389 3328 fimis
432 3262 616 3328 facta
655 3257 966 3326 horrifica.
1150 3256 1440 3344 Synodus
1484 3276 1716 3341 magna
1759 3261 1825 3325 et
1864 3257 2075 3343 prima
2116 3256 2380 3344 Papiae,
2427 3277 2572 3343 pre-

238 3381 392 3443 sente
437 3375 678 3443 domno
724 3373 1072 3455 H(einrico)
1117 3379 1269 3440 tunc
1312 3394 1489 3457 rege3
1548 3373 1825 3440 secunda
1870 3372 2153 3458 Sutriae,
2211 3374 2279 3438 in
2337 3393 2462 3457 qua
2504 3374 2574 3440 in

237 3493 547 3575 presentia
590 3492 760 3576 regis
808 3490 1152 3558 secundum
1193 3490 1488 3557 instituta
1531 3509 1840 3557 canonum
1884 3489 2155 3576 depositi
2191 3494 2340 3556 sunt
2368 3508 2573 3576 papae

238 3607 374 3693 duo,
429 3609 685 3675 medius
745 3612 810 3674 et
863 3606 1155 3688 ultimus3
1207 3607 1408 3673 tercia
1448 3606 1645 3673 Rome
1690 3606 1850 3672 feria
1894 3607 1935 3672 3
1982 3610 2046 3672 et
2087 3604 2190 3690 4¹¹,
2250 3625 2409 3689 quae
2452 3606 2575 3672 fuit
2605 3621 2717 3670 nee.
2732 3624 2806 3670 23.
2826 3624 2886 3670 24

235 3725 578 3792 nativitatis
625 3723 972 3790 dominicae
1015 3722 1265 3807 vigilia,
1309 3723 1377 3789 in
1424 3743 1549 3808 qua
1592 3722 1888 3789 canonice
1933 3727 2000 3788 et
2040 3723 2337 3808 synodice
2380 3723 2572 3810 depo-

235 3840 378 3907 situs
437 3846 543 3907 est
600 3860 769 3927 papa
808 3838 1185 3906 Benedictus
1246 3844 1312 3905 et
1362 3839 1646 3905 unanimi
1693 3837 1845 3904 cleri
1890 3857 1965 3905 ac
2007 3838 2226 3925 populi
2272 3839 2573 3906 electione

234 3955 533 4024 inlocum
563 3956 700 4023 eius
731 3956 1107 4023 substitutus
1151 3959 1248 4021 est
1278 3953 1620 4038 Suidgerus
1650 3953 2189 4039 Bavenbergensis
2220 3956 2571 4042 episcopm,

236 4077 292 4137 et
313 4079 578 4160 postera
606 4072 709 4139 die
739 4072 992 4139 nomine
1023 4070 1364 4138 Clementis
1394 4091 1565 4158 papa
1592 4076 2014 4158 consecratus,
2047 4072 2348 4139 domnum
2379 4071 2574 4139 Hein-
2605 4083 2716 4132 noe.
2739 4083 2798 4131 25

342 4210 383 4245 Ι.
420 4184 565 4259 optm-
586 4215 628 4243 ε.
752 4198 799 4244 b.
829 4200 898 4245 sic
928 4206 993 4243 ut
1024 4198 1070 4243 ἧι
1102 4196 1260 4242 codice
1291 4205 1533 4243 correctum
1563 4196 1596 4243 4
1627 4199 1675 4243 ot
1704 4197 1749 4243 5.

345 4284 395 4339 1.
432 4284 529 4340 De
564 4297 631 4339 eo
664 4283 723 4338 in
747 4283 1085 4340 Kalendario
1106 4281 1460 4339 Lauresham.
1484 4297 1573 4352 ap.
1598 4281 1839 4337 Bbhmer
1858 4281 2021 4339 Font.
2046 4281 2147 4337 111.
2174 4282 2279 4338 145
2312 4281 2574 4352 leguntur

235 4369 379 4428 haee:
415 4413 444 4444 „
460 4373 537 4429 15
570 4371 698 4428 Kal.
733 4372 894 4428 Mart.
929 4373 1212 4428 Drutmari
1246 4371 1483 4428 abbatis.
1554 4371 1663 4427 Hie
1698 4371 1867 4426 istinc
1902 4370 2183 4440 praelatus
2217 4371 2407 4428 Novae
2443 4371 2571 4426 Cor-

235 4457 402 4531 beine,
450 4461 875 4533 congregationi
919 4462 1247 4531 composuit*
1277 4475 1585 4517 sermonem
1632 4465 1692 4516 et
1734 4465 1957 4517 cantum
1999 4460 2056 4516 in
2091 4458 2356 4518 honorem
2393 4458 2570 4517 sancti

235 4547 499 4607 nmiiffi
644 4552 699 4606 2.
735 4550 1062 4608 Dortmund.
1207 4550 1258 4606 3.
1299 4550 1693 4606 1036-1052.
