3319 5242
1005 433 1301 480 wmanm
1341 433 1673 480 amsi-ona
1719 431 1824 478 156.
2450 415 2575 482 261

263 655 418 723 156.
455 658 772 723 Wibaldus
803 656 1239 721 Bmzhardum
1271 658 1624 743 episcopum
1655 657 2220 722 Paderbomensem
2254 657 2330 720 de
2360 656 2580 722 Thiae-

454 775 585 838 rt'co
612 775 826 837 comite
840 772 1202 837 Hic-varensi
1222 775 1288 837 in
1305 775 1579 859 qratiam
1600 773 1945 837 revocando
1972 773 2243 836 consulit.
2272 769 2380 850 (M.
2408 771 2579 851 137.)

411 922 776 988 Reverendo
821 922 988 1008 patri
1037 943 1148 987 suo
1198 927 1262 987 et
1301 921 1552 987 domino
1582 921 1999 1002 B(ernhardo)
2031 927 2286 987 sanctae
2318 921 2577 989 Pather-
2617 924 2757 979 1149

249 1039 561 1104 bor-nensis
623 1037 959 1104 aecclesiae
1017 1038 1360 1104 venerabili
1420 1038 1713 1124 episcopo
1769 1038 1966 1103 frater
2019 1036 2397 1118 W(ibaldus)
2456 1038 2577 1105 Dei

249 1154 440 1236 gratia
483 1153 583 1237 id,
645 1154 810 1239 quod
865 1159 961 1219 est
1014 1154 1081 1220 in
1137 1154 1440 1221 aecclesia
1494 1153 1833 1238 catholica,
1890 1153 2288 1220 dilectionem
2345 1153 2459 1220 filii
2515 1161 2581 1222 et

247 1271 652 1337 obedientiam
699 1271 881 1336 servi.

411 1386 647 1453 Multas
690 1386 985 1452 debemus
1033 1390 1097 1451 et
1140 1384 1371 1451 multas
1416 1386 1747 1452 referimus
1795 1385 2114 1451 sanctitati
2143 1392 2391 1452 vestrae
2434 1406 2577 1469 gra-

246 1503 376 1585 tias,
423 1502 590 1587 quod
636 1523 675 1567 a
717 1501 918 1584 longis
965 1508 1135 1567 retro
1180 1503 1569 1588 temporibus
1615 1523 1731 1568 nos
1765 1507 2029 1589 paterno
2061 1500 2285 1568 affectu
2315 1501 2579 1584 diligere

247 1623 302 1682 et
352 1618 660 1684 honorare
717 1618 1011 1700 dignatus
1068 1618 1249 1699 estis3
1308 1619 1472 1704 quod
1516 1619 1794 1684 maxime
1837 1637 2007 1683 nunc
2051 1618 2295 1703 experti
2339 1637 2576 1701 sumus,

243 1733 481 1817 quando
526 1739 818 1819 acceptae
862 1739 996 1799 tam
1041 1735 1348 1801 evidentis
1382 1734 1732 1801 calumniae
1764 1734 2115 1799 amaritudo
2147 1753 2260 1798 nos
2293 1735 2577 1801 acerbius

239 1849 524 1935 pulsavit.
598 1848 921 1934 Siquidem
968 1855 1031 1916 et
1074 1850 1351 1917 laborem
1400 1855 1464 1917 et
1507 1871 1852 1937 expensam
1896 1870 2023 1915 uon
2068 1849 2273 1914 solum
2320 1851 2576 1936 equani-

240 1966 415 2032 miter
473 1971 570 2032 set
627 1966 818 2031 etiam
877 1966 1162 2033 hilariter
1218 1967 1567 2052 pertulistis
1622 1973 1686 2033 et
1728 1968 1795 2031 in
1840 1966 2047 2032 dando
2093 1966 2353 2032 consilio
2397 1972 2577 2033 tanta

240 2082 438 2147 fui'stis
485 2081 914 2148 moderatione
956 2103 1127 2166 usus,
1174 2088 1247 2148 ut
1274 2089 1460 2149 cauta
1490 2088 1552 2149 et
1581 2084 2037 2169 circumspecta
2064 2087 2313 2148 vestrae
2341 2082 2576 2150 discre-

239 2198 419 2263 tionis
465 2198 684 2281 regula
725 2199 942 2284 paucis
988 2199 1193 2284 possit
1237 2219 1372 2266 esse
1406 2199 1751 2265 imitabilis.
1816 2198 2233 2276 Quamobrem
2264 2199 2342 2264 de
2373 2199 2574 2264 amico

234 2314 376 2379 facti
407 2310 586 2381 vobis
633 2315 1019 2399 amicissimi,
1066 2314 1255 2382 finem
1300 2316 1393 2381 rei
1437 2322 1692 2381 nostrae
1721 2320 1930 2381 vestro
1976 2313 2254 2379 examini
2287 2316 2573 2380 commit-

234 2432 487 2497 tendum
547 2431 992 2515 iudicavimus,
1054 2436 1125 2497 ut
1184 2452 1323 2498 eam
1378 2437 1626 2517 partem
1684 2430 1930 2497 consilii
1982 2430 2117 2497 sine
2162 2429 2572 2496 dubitationis

235 2547 518 2629 angustia
559 2548 896 2613 tenendam
944 2547 1350 2632 arbitremur,
1405 2567 1564 2633 quae
1609 2548 1789 2613 nobis
1836 2547 1874 2612 a
1916 2551 2163 2613 vestrae
2207 2547 2463 2633 pietatis
2510 2552 2575 2612 et

231 2659 370 2727 fidei
418 2663 708 2730 sollercia
749 2670 1155 2751 proponetur.
1228 2664 1594 2731 Thidericus
1641 2684 1848 2729 comes
1895 2664 1973 2729 de
2013 2663 2274 2729 Huxara
2301 2662 2439 2729 vult
2482 2685 2570 2747 se,

232 2784 297 2842 ut
325 2779 536 2846 verbis
583 2781 717 2846 eius
760 2787 1034 2864 utamur,
1081 2781 1149 2845 in
1193 2786 1412 2846 nostra
1441 2780 1875 2846 misericordia
1903 2779 2054 2846 dare
2084 2785 2150 2845 et
2180 2780 2261 2845 ad
2289 2785 2572 2846 nostram

229 2895 716 2962 satisfactionem
772 2901 835 2962 et
888 2896 1456 2963 reconciliationem
1513 2897 1605 2961 sie
1658 2895 1985 2979 accedere,
2046 2895 2571 2979 quemadmodum

228 3008 603 3077 dictaverint
645 3032 969 3098 compares
1016 3013 1133 3095 sui,
1179 3011 1475 3077 videlicet
1516 3010 1960 3077 ministeriales
1991 3010 2384 3077 Corbeiensis
2430 3031 2568 3076 aec-

228 3125 483 3211 clesiae,
542 3129 652 3212 qui
711 3149 749 3193 a
800 3129 982 3195 nobis
1035 3149 1115 3194 ex
1159 3133 1376 3193 nostra
1420 3129 1675 3213 optione
1717 3127 1955 3193 fuerint
1998 3127 2179 3192 electi
2225 3131 2288 3192 et
2332 3147 2409 3192 ex
2455 3146 2568 3191 no-

227 3244 391 3310 mine
438 3244 770 3326 designati.
832 3242 918 3308 Et
962 3245 1258 3329 quoniam
1303 3244 1542 3310 turbati
1587 3263 1803 3308 sumus
1850 3248 1913 3309 et
1958 3242 2113 3308 moti
2142 3243 2306 3308 sicut
2334 3242 2566 3326 ebrius,

227 3363 286 3423 et
338 3361 395 3425 si
456 3379 581 3445 qua
636 3360 705 3424 in
759 3358 941 3425 nobis
995 3360 1117 3425 fuit
1175 3360 1516 3445 sapientia,
1577 3360 1878 3426 devorata
1923 3365 2019 3425 est
2037 3355 2071 3443 ¹,
2117 3359 2407 3443 cogitque
2451 3379 2567 3425 nos

227 3493 436 3540 rerum
505 3475 882 3541 necessitas·
939 3475 1246 3560 quaedam
1304 3474 1702 3541 dissimulare
1760 3475 2066 3560 quaedam
2120 3474 2418 3559 tolerare,
2487 3496 2568 3542 ue
2636 3503 2641 3514 ·

225 3590 382 3656 forte
442 3592 770 3675 frangatur
823 3612 933 3657 vas
950 3642 968 3675 ,
1039 3592 1185 3657 dum
1243 3591 1595 3675 rubiginem
1654 3592 1910 3657 eradere
1970 3592 2285 3676 cupimus,
2353 3596 2569 3657 tamen

225 3707 416 3773 nichil
464 3709 674 3774 animo
721 3708 1106 3793 sequendum
1153 3709 1507 3791 statuimus,
1553 3709 1678 3773 uisi
1725 3709 1890 3792 quod
1920 3712 2167 3774 vestrae
2203 3707 2568 3791 diligentiae

224 3824 675 3910 complacuisse
743 3825 1140 3890 senserimus.
1247 3823 1592 3909 Propterea
1657 3844 1910 3890 causam
1977 3824 2140 3889 hanc
2207 3823 2566 3890 distulimus

223 3943 496 4006 tractare
553 3960 626 4006 ac
683 3940 761 4006 de
814 3940 958 4025 ipsa
1007 3939 1386 4025 respondere
1431 3961 1628 4024 usque
1675 3941 1754 4006 ad
1797 3940 2151 4026 proximam
2198 3940 2421 4006 feriam
2467 3960 2564 4006 se-

224 4056 490 4121 cundam
502 4054 545 4140 ²,
593 4033 910 4142 quatinus,
944 4061 1189 4122 vestrae
1220 4056 1614 4122 discretionis
1652 4056 1913 4123 consilio
1949 4056 2311 4142 premuniti,
2359 4055 2564 4121 tucius

225 4190 292 4236 ac
335 4172 563 4239 melius
609 4193 771 4257 quae
818 4172 1060 4256 agenda
1103 4177 1287 4237 eruut
1329 4171 1629 4257 perficere
1663 4174 1994 4259 possimus.
2057 4171 2188 4237 Nec
2217 4190 2364 4236 vero
2393 4168 2562 4235 litte·

223 4307 436 4354 rarum
481 4295 840 4355 nostrarum
884 4288 1166 4355 baiulum
1211 4289 1501 4372 verbum,
1550 4289 1718 4374 quod
1760 4293 1973 4373 portat
2014 4285 2115 4353 vel
2160 4285 2418 4372 accipit,
2440 4353 2443 4360 ,
2464 4285 2561 4350 in-

363 4453 405 4483 ι.
450 4440 673 4484 necesitas
706 4458 745 4484 c.

364 4536 413 4588 1.
453 4534 540 4588 Ps.
571 4534 690 4601 106,
713 4534 802 4588 27.
943 4537 994 4588 2.
1043 4533 1206 4589 Febr.
1235 4534 1308 4588 ⁷⁴?
1351 4532 1432 4590 Cf.
1473 4531 1618 4589 infra
1651 4549 1740 4603 ep.
1771 4532 1889 4588 165.
