3319 5242
559 620 694 674 1147

538 695 633 742 Iun.
659 695 716 741 13

410 1672 506 1719 Iun.
529 1673 711 1720 13—22

526 3533 623 3580 Iun.
643 3534 706 3580 22

756 456 883 522 124
1526 471 1824 519 wmALm
1865 468 2194 517 msa-ons
2236 468 2313 516 4⁶.

754 614 1052 679 domnum
1098 632 1330 699 papam
1375 613 1625 679 accessi.
1696 611 1819 678 Ubi
1864 631 2008 677 cum
2050 612 2118 678 in
2153 610 2472 698 presentia
2500 610 2781 676 omnium
2807 608 3079 694 illorum,

755 730 862 815 qui
908 727 1159 814 affuere,
1206 729 1284 795 de
1330 729 1628 796 electione
1672 729 1743 795 in
1785 748 2122 814 personam
2164 731 2441 794 vestram
2484 726 2654 792 facta
2697 731 2867 793 esset
2896 746 3079 810 agen·

753 844 924 929 dum,
979 865 1116 929 ege,
1163 846 1272 930 qui
1313 866 1414 911 me
1459 844 1899 912 corbeiensem
1944 843 2130 909 modo
2175 863 2312 910 esse
2356 843 2728 909 necessitate
2773 862 2901 928 qua
2942 863 3080 929 pre-

750 962 887 1027 dixi
930 959 1300 1045 confitebar,
1345 966 1551 1027 totum
1597 960 1881 1026 ordinem
1927 959 2248 1026 electionis
2263 1009 2282 1043 ,
2329 979 2514 1044 quem
2559 959 2717 1025 bene
2760 978 3078 1043 noveram,

750 1078 976 1144 domno
1039 1096 1241 1164 papae
1307 1076 1470 1143 sicut
1532 1075 1864 1162 oportebat
1920 1076 2228 1142 enarravi.
2308 1074 2484 1161 Papa
2537 1075 2781 1161 itaque,
2851 1075 3080 1141 auditis

750 1193 1036 1259 omnibus
1091 1192 1566 1259 necessitatibus
1580 1242 1599 1276 ,
1668 1212 1859 1276 quare
1913 1211 2026 1257 vos
2083 1190 2431 1277 elegerant,
2494 1191 2831 1277 compertis
2891 1190 3081 1257 etiam

747 1308 1152 1392 utilitatibus,
1211 1329 1363 1393 quas
1419 1328 1546 1374 non
1603 1312 2029 1391 tacueramus,
2088 1328 2246 1392 quae
2300 1306 2666 1374 electionem
2711 1306 3081 1373 subsecutae

747 1430 924 1509 sunt,
977 1425 1173 1509 dixit,
1221 1444 1288 1491 se
1334 1423 1936 1489 communicaturum
1981 1422 2312 1490 consilium
2357 1441 2500 1489 cum
2544 1422 2846 1489 fratribus
2893 1427 2958 1489 et
3001 1444 3079 1490 ex
3121 1403 3128 1408 ’

745 1541 1027 1626 ipsorum
1072 1539 1330 1607 consilio
1377 1560 1444 1606 se
1489 1539 1669 1606 nobis
1714 1559 2182 1626 responsurum.
2321 1539 2394 1605 In
2426 1538 2545 1605 hac
2574 1544 2783 1604 autem
2814 1558 3078 1625 suspen-

745 1657 920 1724 sione
975 1657 1212 1723 detenti
1267 1676 1482 1722 sumus
1537 1655 1752 1722 decem
1811 1656 2060 1740 diebus,
2122 1655 2457 1741 aliquando
2515 1654 2918 1721 observantes
2963 1661 3081 1741 per

745 1772 1076 1838 dimidium
1143 1771 1311 1838 diem
1372 1771 1627 1837 ianuam
1684 1771 1898 1838 domni
1953 1791 2187 1857 papae,
2258 1771 2367 1856 qui
2418 1790 2563 1837 raro
2615 1769 3078 1858 egrediebatur,

746 1887 1080 1973 aliquando
1127 1891 1271 1953 ante
1314 1893 1565 1973 portam
1610 1887 1968 1953 cancellarii
2011 1887 2292 1970 vigilias·
2333 1892 2589 1970 agentes
2635 1891 2699 1953 et
2740 1886 3079 1973 aliquando

742 2024 858 2090 pre
914 2003 1109 2070 nimio
1153 2003 1323 2071 tedio
1368 2023 1564 2088 usque
1610 2002 1692 2068 ad
1735 2007 1982 2070 noctem
2026 2003 2159 2071 fere
2202 2022 2345 2070 cum
2392 2002 2532 2069 aliis
2578 2002 2793 2069 multis
2839 2004 3081 2070 dormi-

743 2124 967 2186 tantes.
1036 2119 1396 2204 Agebamus
1453 2119 1645 2185 etiam
1699 2119 1956 2185 interim
2011 2119 2178 2205 apud
2235 2139 2450 2186 omnes
2510 2119 2889 2204 cardinales,
2948 2121 3082 2187 sin-

743 2235 922 2320 gulos
982 2241 1045 2303 et
1102 2235 1380 2319 singulos
1435 2235 1502 2300 in
1559 2233 1846 2301 domibus
1892 2235 2055 2318 suis,
2116 2236 2265 2320 quia
2307 2255 2509 2320 neque
2552 2234 2710 2301 alias
2754 2236 3080 2302 conveniri

743 2372 945 2437 neque
988 2351 1366 2438 respondere
1410 2350 1731 2434 volebant,
1786 2355 1858 2416 ut
1902 2355 2035 2416 tam
2079 2370 2268 2436 super
2312 2350 2430 2416 hoc
2476 2371 2663 2436 quam
2708 2371 2900 2438 super
2946 2354 3080 2439 pri-

743 2467 970 2552 vilegio
1017 2468 1093 2534 dc
1124 2466 1469 2534 Keminade
1514 2471 1578 2532 et
1607 2465 1868 2532 Visbike
1911 2466 2249 2550 benignum
2278 2466 2649 2533 haberemus
2679 2487 3077 2552 responsum.

744 2583 864 2662 Qui
909 2603 1144 2668 omnes,
1191 2587 1404 2671 preter
1448 2602 1680 2669 paucos
1727 2583 2051 2669 quosdam,
2098 2582 2274 2649 dulci.
2301 2581 2607 2668 colloquio
2638 2603 2750 2650 suo
2782 2603 2898 2651 nos
2928 2604 3080 2653 con-

744 2700 1125 2784 solabantur,
1173 2706 1237 2767 et
1279 2702 1490 2766 omnia
1517 2707 1736 2766 nostra
1765 2720 2089 2787 prospera,
2135 2700 2255 2765 etsi
2284 2699 2525 2766 tardius
2556 2699 2856 2785 agebatur
2887 2722 3082 2787 quam

742 2815 1065 2899 vellemus,
1112 2816 1325 2883 futura
1369 2836 1524 2883 esse.
1599 2815 2011 2902 Sapiebamus
2057 2816 2250 2882 etiam
2291 2816 2547 2883 interim
2590 2818 2757 2883 veris
2793 2821 2859 2884 et
2886 2820 3083 2885 certis

740 2932 1088 2998 rationibus
1135 2951 1239 3015 ea,
1299 2953 1459 3017 quae
1504 2937 1649 2999 ante
1697 2932 2036 2999 adventum
2080 2937 2366 2999 nostrum
2407 2950 2640 3018 paucos
2685 2932 2819 2999 dies
2841 2936 3083 3009 ,nescio

743 3048 850 3134 qui
894 3047 994 3114 vel
1041 3068 1081 3114 a
1123 3068 1245 3133 quo
1290 3049 1471 3115 missi
1517 3049 2100 3133 disseminaverant,
2144 3047 2491 3132 mendacia,
2538 3048 2777 3115 scilicet
2818 3069 2933 3117 vos
2982 3055 3083 3117 to—

740 3170 875 3230 tum
937 3164 1301 3231 thesaurum
1358 3164 1654 3232 ecclesiae
1710 3165 1938 3231 domno
1994 3165 2130 3249 regi
2185 3164 2451 3231 dedisse.
2529 3163 2906 3231 Benedictus
2960 3187 3086 3253 per

741 3281 954 3347 omnia
995 3279 1187 3364 Deus,
1247 3281 1397 3366 quia
1439 3281 1603 3346 sicut
1647 3281 1993 3364 constabat,
2048 3300 2152 3347 eos
2195 3280 2359 3346 falsa
2398 3279 2742 3367 predicare,
2789 3281 2884 3347 ita
2926 3301 3086 3350 con-

741 3396 937 3479 stitit,
993 3415 1097 3461 eos
1153 3416 1302 3462 mox
1347 3396 1415 3462 in
1461 3396 1735 3463 adventu
1776 3401 1994 3463 nostro
2040 3396 2425 3483 disparuisse
2469 3402 2533 3463 et
2578 3402 3086 3466 commentorum

739 3531 997 3579 suorum
1041 3510 1200 3577 nulli
1242 3508 1431 3578 fidem
1474 3511 1823 3597 reliquisse.
1960 3510 2123 3590 Quid
2166 3512 2461 3579 tandem?
2507 3512 2768 3580 Decima
2797 3514 2899 3581 die
2928 3521 3086 3602 post

740 3628 1020 3695 auditam
1065 3647 1316 3694 causam
1364 3628 1685 3695 electionis
1728 3634 1977 3695 vestrae
1991 3627 2015 3664 ⁸
2045 3629 2253 3694 vocati
2297 3649 2532 3695 sumus.
2600 3629 2687 3696 Et
2725 3634 2870 3716 post
2907 3631 3084 3698 mul-

738 3750 872 3810 tam
928 3744 1529 3810 commendationem
1593 3764 1900 3831 personae
1955 3748 2233 3828 vestrae,
2302 3745 2650 3831 sapientiae
2707 3765 2953 3831 quoque
3016 3753 3086 3815 et

737 3859 1086 3944 facundiae,
1130 3861 1200 3925 in
1243 3860 1562 3946 presentia
1606 3861 2044 3947 episcoporum
2091 3864 2154 3926 et
2197 3861 2476 3926 omnium
2520 3860 2934 3928 cardinalium
2964 3864 3084 3930 ad-

740 3975 1076 4042 iudicavit⁶
1124 3981 1187 4042 et
1232 3975 1557 4059 concessit,
1602 3981 1806 4043 ratam
1854 3997 1991 4043 esse
2037 3975 2403 4043 electionem
2446 3977 2516 4043 in
2560 3997 2671 4043 vos
2708 3978 2963 4063 factam,
3015 3985 3086 4047 et

739 4092 859 4158 hoc
901 4091 1101 4176 magis
1148 4111 1229 4157 ex
1273 4091 1761 4179 dispensatione,
1809 4093 1971 4158 sicut
2000 4094 2137 4179 ipse
2165 4092 2534 4176 testabatur,
2581 4092 2899 4159 Romanae
2931 4115 3083 4162 aec-

739 4208 965 4276 clesiae
1021 4227 1210 4293 quam
1267 4206 1480 4292 aliqua
1540 4208 1932 4274 auctoritate.
2011 4207 2098 4275 Et
2154 4209 2437 4295 precepit
2492 4209 2692 4295 priori
2749 4213 2812 4275 et
2865 4210 3079 4295 nobis,

739 4325 847 4411 qui
901 4328 1225 4411 presentes
1281 4324 1640 4408 aderamus,
1700 4330 1764 4390 et
1805 4344 1919 4410 per
1963 4344 2076 4390 nos
2124 4324 2442 4407 omnibus,
2504 4325 2611 4410 qui
2656 4330 2945 4412 spectant
2992 4327 3081 4394 ad

738 4440 1180 4507 Corbeiensem
1228 4439 1612 4524 aecclesiam,
1661 4445 1733 4506 ut
1776 4440 1853 4507 de
1898 4445 2104 4507 cetero
2149 4441 2326 4507 vobis
2373 4439 2731 4509 obedientes
2765 4461 3077 4528 essemus,

880 4597 921 4629 a.
960 4568 1043 4642 ιιιᾶ
1071 4599 1109 4629 c.
1234 4581 1282 4629 b.
1322 4579 1411 4646 n're
1442 4600 1484 4630 c.
1605 4595 1647 4630 c.
1687 4581 1880 4630 domnus
1909 4595 2030 4643 papa
2057 4582 2283 4631 escidiu-
2311 4582 2500 4632 oua-r.
