3319 5242
937 463 1233 510 wmALm
1273 462 1648 512 :msa-om
1688 464 1763 510 eo.
1796 463 1872 511 σι.
2444 446 2571 513 139

231 602 508 687 quietem
552 604 835 689 corporis
879 625 996 670 nos
1041 604 1384 671 habituros.
1478 605 1659 672 Unde
1706 611 1770 671 et
1812 626 2095 688 oramuS,
2156 611 2228 672 ut
2269 627 2395 673 non
2441 613 2571 673 tar-
2611 612 2747 718 1143

229 718 387 784 detis
423 720 643 786 venire
688 720 770 786 ad
813 720 1144 805 diligentes
1189 741 1319 787 vos.
1488 719 1786 806 Litteras,
1835 742 1991 808 quas
2034 723 2217 789 nobis
2261 744 2375 809 pro
2422 744 2569 810 syn-
2613 685 2735 733 ‘'ct“

228 834 345 901 odo
391 835 681 918 misistis,
726 841 873 922 post
917 837 1226 923 synodum
1272 838 1646 923 accepimus,
1693 858 1838 904 cum
1878 844 2090 905 tamen
2137 845 2201 905 et
2234 839 2303 904 in
2332 839 2569 926 synodo

229 955 291 1019 et
335 971 376 1015 a
420 949 723 1018 Kalendis
766 951 1043 1036 Augusti
1099 954 1310 1039 sepius
1367 955 1435 1020 in
1480 960 1818 1040 conspectu
1865 954 2162 1037 ecclesiae
2204 953 2570 1022 Leodiensis

229 1066 303 1132 de
337 1066 655 1136 Turnines
684 1067 947 1135 verbum
989 1069 1342 1136 fecerimus
1478 1070 1575 1136 De
1620 1070 1805 1136 malis
1850 1075 2056 1137 terrae
2095 1076 2348 1138 nostrae
2377 1071 2572 1138 nichil

229 1182 587 1268 scribimus,
633 1184 854 1270 inopes
897 1205 1014 1251 nos
1061 1187 1244 1271 copia
1286 1186 1454 1253 fecit.

234 1439 355 1511 61.
421 1441 743 1508 Wibaldus
786 1442 1075 1530 Euqem'o
1118 1443 1223 1509 ΠΙ
1253 1468 1471 1531 papae
1513 1447 1740 1526 scr-ibit,
1787 1467 1852 1509 se
1898 1446 2108 1509 audito
2157 1448 2285 1509 eius
2327 1447 2395 1510 in
2439 1446 2572 1511 Lo-

410 1557 787 1644 thcm'nyiam
854 1561 1120 1624 adventu
1188 1563 1741 1648 appropinquasse.
1834 1561 2030 1625 Addit
2084 1562 2161 1625 de
2215 1561 2574 1628 liberatione

407 1674 754 1760 leqatorum
798 1677 886 1740 ad
929 1698 1067 1740 eum
1113 1678 1402 1740 euntium.
2293 1674 2400 1757 (M.
2435 1677 2570 1759 44.)

408 1805 942 1873 Reverentissimo
998 1808 1167 1895 patri
1224 1828 1336 1874 suo
1384 1813 1448 1874 et
1492 1808 1745 1874 domino
1802 1807 2086 1892 Eugenio
2147 1809 2257 1875 uni
2314 1815 2378 1876 et
2433 1812 2573 1877 uni-
2612 1824 2748 1880 1147

227 1922 465 1988 versali
518 1920 802 2008 pontifici
855 1924 1054 1989 frater
1093 1922 1418 1990 Wibaldus
1470 1923 1589 1989 Dei
1638 1928 1703 1990 et
1743 1929 1957 1990 vestra
2001 1926 2207 2008 gratia
2249 1925 2346 2009 id,
2407 1928 2574 2012 quod
2622 1898 2736 1945 Nov.

227 2045 330 2104 est
370 2039 442 2104 in
490 2037 792 2105 aecclesia
836 2039 1161 2123 catholica,
1209 2039 1605 2106 devotionem
1648 2038 1766 2104 filii
1812 2045 1875 2106 et
1920 2040 2342 2108 obedientiam
2383 2044 2567 2110 servi.

408 2155 650 2220 Audito
688 2155 960 2221 adventu
989 2160 1196 2222 vestro
1230 2156 1311 2221 ad
1340 2161 1555 2241 partes
1583 2153 2033 2240 Lotharingiae
2051 2153 2086 2241 ¹,
2132 2157 2569 2227 festinavimus

225 2292 328 2339 res
390 2270 790 2337 Corbeiensis
850 2270 1107 2338 ecclesie
1165 2272 1457 2337 ordinare
1519 2277 1584 2338 et
1634 2277 1881 2337 vestrae
1935 2275 2254 2340 sanctitati
2311 2274 2574 2343 celerius

231 2407 589 2471 occurrere,
637 2388 931 2472 quatinus
976 2394 1110 2453 tam
1155 2388 1231 2454 de
1271 2408 1541 2473 persona
1569 2392 1789 2454 nostra
1819 2410 2008 2473 quam
2038 2390 2114 2456 de
2142 2390 2350 2475 rebuS,
2394 2393 2577 2459 nobis

231 2505 270 2570 a
314 2503 459 2569 Deo
517 2508 582 2568 et
631 2503 670 2568 a
712 2508 926 2569 vestra
976 2501 1259 2570 bonitate
1315 2505 1666 2569 commissis
1683 2553 1701 2587 ,
1758 2510 2007 2571 vestrae
2064 2507 2385 2574 sanctitati
2441 2514 2575 2576 tam

229 2619 533 2687 devotum
581 2640 770 2705 quam
813 2619 1096 2686 debitum
1142 2620 1578 2688 exhiberemus
1622 2619 2015 2688 famulatum.
2083 2624 2171 2690 Et
2214 2630 2436 2708 agente
2481 2626 2576 2692 di-

224 2738 379 2802 vina
433 2735 900 2820 misericordia,
957 2737 1130 2822 piam
1189 2756 1261 2803 ac
1319 2735 1566 2804 fidelem
1622 2738 2038 2806 intentionem
2094 2739 2425 2807 subsecuta
2480 2747 2576 2809 est

226 2852 545 2919 maturior
592 2849 879 2918 efficatia.
1023 2853 1188 2919 Nam
1231 2852 1471 2938 legatos
1515 2855 1842 2920 hominum
1886 2855 1963 2922 de
2007 2852 2295 2940 Erveta²,
2343 2859 2450 2942 qui
2495 2860 2577 2925 ad

227 2975 516 3036 vestram
562 2967 1013 3035 sublimitatem
1058 2990 1173 3056 pro
1222 2969 1595 3055 quibusdam
1640 2969 2117 3037 aecclesiasticis
2163 2975 2368 3039 causis
2396 2976 2577 3041 missi

226 3084 594 3167 tendebant,
640 3090 857 3170 captos
901 3086 1254 3152 invenimus
1298 3087 1367 3152 in
1413 3086 1684 3171 quodam
1730 3086 1986 3153 castello
2031 3087 2358 3154 cuiusdam
2387 3090 2573 3155 mini-

226 3200 506 3267 sterialis
555 3199 945 3266 Stabulensis
993 3200 1310 3268 ecclesiae.
1378 3201 1465 3267 Et
1507 3202 1624 3268 sub
1669 3208 1984 3270 momento
2018 3203 2316 3270 introitus
2345 3206 2568 3291 nostri,

227 3323 573 3402 antequam
617 3336 847 3402 panem
892 3321 1307 3402 gustaremus,
1356 3318 1437 3383 ad
1481 3318 1782 3385 honorem
1827 3340 2131 3406 personae
2177 3325 2423 3387 vestrae
2455 3321 2567 3404 (et)

227 3432 660 3499 defensionem
716 3432 1212 3500 aecclesiasticae
1267 3434 1554 3500 iusticiae
1613 3435 1875 3502 eandem
1933 3437 2346 3505 munitionem
2393 3438 2571 3505 obse-

228 3550 438 3615 dimus
494 3553 558 3615 et
602 3568 746 3615 cum
790 3548 1002 3616 labore
1047 3570 1121 3615 ac
1164 3556 1421 3637 sumptu
1468 3557 1533 3616 et
1575 3552 1872 3635 gravibus
1916 3553 2266 3620 inimicitiis
2311 3554 2389 3620 de
2434 3574 2582 3633 car-f

227 3686 391 3749 cere,
438 3664 505 3730 in
553 3685 676 3749 quo
723 3671 922 3748 erant,
970 3666 1299 3732 eduximus
1346 3672 1411 3733 et
1455 3688 1560 3733 eos
1593 3668 1675 3734 ad
1703 3669 2059 3736 sanctitatis
2091 3676 2336 3738 vestrae
2366 3692 2571 3756 genua

227 3780 460 3848 liberos
506 3782 1002 3864 transmisimus3
1048 3802 1192 3848 cum
1235 3788 1447 3849 tamen
1492 3784 1622 3850 iam
1654 3786 1833 3871 prins
1863 3787 2221 3872 pactionem
2250 3787 2566 3873 fecissent,

228 3903 299 3963 nt
342 3917 460 3985 pro
506 3898 939 3984 redemptione
983 3919 1098 3964 sua
1141 3901 1230 3967 50
1272 3900 1403 3967 fere
1448 3919 1696 3967 marcas
1739 3901 1883 3986 puri
1929 3904 2174 3987 argenti
2202 3903 2352 3970 dare
2384 3904 2569 3971 debe-

228 4019 388 4081 rent.
469 4012 595 4080 Res
641 4034 878 4098 eorum,
927 4035 1081 4100 quas
1129 4016 1489 4100 amiserant,
1534 4018 1816 4104 recipere
1862 4038 1989 4083 non
2033 4020 2371 4105 potuimus,
2419 4020 2570 4106 quia

229 4150 355 4196 non
415 4129 494 4195 ab
547 4130 649 4196 his
708 4129 1120 4196 servabantur
1133 4181 1152 4214 ,
1213 4132 1252 4197 a
1295 4132 1519 4218 quibus
1573 4134 1742 4219 capti
1786 4134 2057 4201 fuerunt.
2152 4135 2264 4202 Set
2305 4142 2567 4223 propter

231 4246 527 4313 honorem
572 4250 854 4311 vestrum
901 4246 1056 4313 duas
1103 4248 1192 4314 eis
1238 4249 1623 4333 equitaturas
1665 4255 1728 4315 et
1755 4251 2056 4317 viaticum
2084 4251 2298 4335 largiti
2326 4273 2562 4318 sumus.

378 4386 425 4439 1.
471 4384 781 4441 virdunum
828 4386 1081 4454 pervenit
1125 4401 1270 4455 papa
1311 4387 1402 4442 die
1438 4388 1473 4441 5
1517 4388 1657 4443 Nov.
1697 4390 1854 4445 1147.
1908 4389 1976 4446 V.
2025 4390 2164 4461 Reg.
2209 4397 2362 4459 pont.
2406 4391 2564 4447 Rom.

232 4488 288 4543 p.
311 4475 437 4529 360.
576 4475 630 4529 2.
666 4474 911 4543 Emitte,
947 4490 984 4529 a
1017 4474 1311 4545 Lippstadt
1344 4476 1415 4531 ad
1452 4477 1754 4533 meridiem.
