3319 5242
776 480 910 548 230
1443 497 1744 545 wmmr
1786 496 2161 544 EPISTOLAE
2204 494 2311 542 148.
2347 493 2451 542 149.

603 644 740 699 1149
775 641 951 707 tham
997 641 1361 727 assumpsit,
1408 641 1758 707 evidentius
1801 639 2114 727 patefecit.
2193 637 2347 705 Inde
2392 645 2507 723 est,
2553 639 2721 725 quod
2765 636 3108 725 tranquilli·

596 720 689 767 Μ’
714 721 739 765 ¹
775 757 894 823 tati
939 761 1205 841 vestrae,
1250 757 1319 823 in
1366 760 1670 843 quantum
1705 776 2059 843 possumne,
2108 754 2446 823 comitante
2479 756 2731 821 iusticia
2759 756 3113 843 prospicere

777 873 1120 960 cupientes,
1181 873 1641 940 venerabilibus
1688 873 1991 939 fratribus
2034 872 2291 955 nostrie,
2346 872 2834 959 archiepiscopis
2885 873 3114 961 episco-

778 990 875 1076 pis
924 993 989 1056 et
1031 989 1173 1055 aliis
1221 990 1667 1057 aecclesiarum
1713 989 1973 1076 prelatis
2020 1009 2135 1075 per
2176 1009 2439 1072 regnum
2472 987 2934 1055 Thentonicum
2979 1008 3115 1053 con-

778 1102 1015 1171 stitutis
1060 1125 1176 1192 per
1222 1104 1568 1192 apostolica
1623 1106 1863 1193 scripta
1915 1104 2383 1190 mandavimus,
2443 1105 2743 1190 quamdiu
2785 1103 3115 1170 Heinricns

777 1221 1092 1306 quondam
1122 1221 1519 1289 corbeiensis
1562 1221 1776 1305 abbas,
1824 1241 2010 1307 quem
2050 1221 2314 1288 dilectus
2349 1217 2518 1287 filins
2549 1225 2766 1287 noster
2795 1220 3115 1302 T(homas)

774 1337 976 1405 bonae
1019 1339 1360 1405 memoriae
1405 1338 1719 1425 presbiter
1763 1338 2101 1404 cardinalis
2148 1337 2458 1424 deposuit,
2503 1338 2572 1403 in
2606 1358 2756 1404 snae
2785 1338 3119 1424 pravitatis

772 1454 1098 1540 proposito
1141 1453 1601 1541 perduraverit,
1644 1455 1715 1520 111
1759 1455 1889 1521 81118
1938 1453 2255 1521 aecclesiis
2299 1474 2699 1540 nequaqnam
2744 1464 2926 1520 enm·
2968 1454 3119 1520 reci-

774 1571 958 1656 piant
1001 1573 1067 1636 et
1107 1570 1233 1656 ipsi
1278 1569 1578 1636 adversus
1609 1591 1721 1636 vos
1754 1575 1819 1637 81
1856 1571 2311 1637 monasterinm
2342 1574 2621 1637 vestrum
2664 1570 2913 1636 nullum
2962 1570 3121 1636 sola-

776 1688 963 1770 cium,
1008 1685 1253 1752 nnllum
1283 1690 1852 1753 sustentamentum
1881 1687 2269 1774 impendant.
2341 1687 2477 1752 Tna
2515 1686 2749 1772 itaque,
2797 1684 3033 1752 dilecte
3061 1687 3121 1751 111

776 1801 1048 1869 Domino
1081 1799 1172 1867 fili
1195 1800 1483 1868 Wibolde
1517 1803 1729 1887 abbae,
1769 1804 2054 1888 interest,
2096 1809 2170 1869 nt
2212 1802 2698 1869 sollicitudinem
2731 1807 2912 1868 tuam
2946 1822 3124 1868 exer-

777 1938 919 1985 ceas
968 1924 1031 1984 et
1071 1918 1166 1983 ita
1194 1918 1559 1985 commissos
1598 1918 1717 1985 tibi
1748 1920 2031 1986 oratione
2078 1925 2143 1986 et
2185 1938 2337 1985 cura
2379 1919 2739 2006 providenti
2782 1919 3125 2001 custodiae,

777 2039 850 2099 ut
893 2033 988 2099 leo
1035 2055 1303 2119 querens
1351 2056 1536 2120 quem
1585 2036 1844 2103 devoret
1886 2035 2127 2101 nnllam
2184 2056 2291 2102 eos
2337 2035 2685 2102 dilaniandi
2735 2036 3128 2102 occasionem

775 2150 1086 2235 inveniat,
1147 2152 1440 2236 quatinus
1455 2202 1474 2236 ,
1522 2151 1673 2218 dum
1719 2152 2024 2237 religione
2070 2155 2136 2218 81
2178 2152 2507 2219 honestate
2552 2153 2810 2218 decoros
2857 2172 3133 2238 quornm

777 2267 1112 2354 suscepisti
1157 2287 1373 2334 curam
1418 2267 1801 2353 reddideris,
1850 2274 1913 2335 et
1958 2256 2204 2356 premia
2245 2268 2449 2335 labori
2492 2274 2601 2335 tno
2648 2267 2770 2335 Dei
2815 2275 2881 2335 et
2923 2268 3133 2335 homi-

774 2404 925 2450 num
972 2383 1285 2450 mediator
1331 2389 1584 2450 assueta
1625 2384 1865 2471 pietate
1909 2384 2211 2452 concedat
2255 2390 2319 2451 81
2350 2385 2418 2450 111
2448 2390 2705 2451 aeterna
2730 2386 2951 2471 requie
2988 2405 3130 2452 cum

777 2500 907 2566 suis
940 2500 1175 2566 sanctis
1197 2505 1261 2566 te
1277 2499 1300 2536 ¹⁹
1324 2500 1517 2566 faciat
1546 2499 1872 2584 gratulari.
1906 2500 2100 2567 Vobis
2132 2507 2342 2568 antem
2367 2502 2699 2586 universis,
2732 2502 2839 2587 qni
2870 2501 2950 2567 de
2977 2498 3134 2568 Cor-

777 2615 1016 2683 beiensi
1063 2615 1323 2701 collegio
1371 2617 1556 2702 estis,
1602 2637 1718 2705 per
1761 2618 2084 2704 presentia
2127 2618 2365 2706 scripta
2406 2618 2799 2704 mandamus,
2843 2623 2919 2685 ut
2964 2620 3134 2686 eins·

777 2734 922 2801 dem
974 2733 1092 2799 filii
1135 2734 1337 2800 nostri
1372 2732 1649 2801 Wiboldi
1695 2734 1940 2801 abbatis
1984 2736 2183 2802 vestri
2225 2736 2469 2802 monita
2513 2737 2870 2823 suscipiatis
2916 2736 3134 2802 hnmi-

775 2849 923 2916 liter
968 2855 1034 2916 et
1077 2851 1377 2933 servetis,
1433 2856 1506 2916 nt
1548 2851 1617 2917 in
1665 2851 1799 2917 81118
1844 2870 2117 2938 persona
2160 2850 2483 2918 Christum
2527 2852 2897 2937 videamini,
2944 2854 3135 2919 cuins

777 2965 1065 3033 minister
1109 2973 1224 3051 est,
1270 2966 1598 3034 honorare.
1671 2965 1841 3032 Data
1871 2966 2116 3034 Viterbi
2160 2966 2462 3035 Kalendis
2506 2969 2801 3035 Ianuarii.

786 3179 956 3250 149.
1002 3182 1321 3248 Wibaldus
1365 3182 1645 3247 Amoldo
1677 3182 1725 3247 I
1757 3181 2218 3270 archiepiscopo
2261 3181 2608 3250 Coloniensi
2652 3186 2728 3249 de
2770 3195 2969 3249 morte
3016 3186 3137 3251 sibi

998 3300 1295 3364 intentata
1338 3299 1562 3363 scriba.
2797 3297 2905 3380 (Μ.
2944 3301 3136 3380 126.)

606 3417 741 3493 1149
955 3429 1319 3502 Reverendo
1365 3430 1536 3516 patri
1581 3450 1694 3496 suo
1742 3436 1807 3496 81
1850 3430 2103 3497 domino
2132 3431 2415 3498 Arnoldo
2449 3437 2701 3499 sanctae
2731 3432 3137 3501 coloniensis

625 3512 717 3558 ¹⁸¹¹·
783 3544 1081 3613 ecclesiae
1125 3545 1468 3612 venerabffi
1516 3546 1987 3633 archiepiscopo
2031 3547 2229 3614 frater
2260 3545 2588 3615 wiboldus
2619 3547 2741 3615 1181
2786 3551 2996 3634 gratia
3042 3551 3134 3634 id,

782 3664 948 3748 qnod
994 3667 1092 3729 est
1132 3663 1202 3729 iu
1247 3662 1549 3730 aecclesia
1593 3662 1923 3747 catholica,
1959 3665 2218 3749 exiguas
2248 3665 2564 3732 orationes
2595 3669 2660 3731 et
2686 3665 2985 3734 devotum
3017 3667 3136 3734 ob-

778 3780 1082 3865 sequium.

957 3894 1119 3973 Quia
1178 3900 1324 3982 post
1377 3894 1583 3962 Deum
1641 3900 1707 3960 81
1761 3899 1908 3981 post
1966 3894 2267 3961 domnum
2322 3916 2537 3981 regem
2594 3903 2787 3985 caput
2840 3899 3136 3966 omnium

781 4012 1140 4100 principum
1183 4011 1252 4078 in
1295 4012 1415 4079 hac
1458 4017 1631 4078 terra
1676 4011 1850 4095 estis,
1897 4015 1961 4077 et
2006 4010 2087 4077 ad
2133 4031 2243 4078 vos
2273 4012 2673 4098 potissimum
2702 4015 2961 4102 respicit
2995 4021 3135 4082 sta-

782 4134 884 4195 tns
939 4128 1116 4216 pacis
1172 4133 1408 4212 terrae,
1470 4128 1647 4196 vobis
1694 4127 2134 4213 conquerimur
2177 4131 2479 4213 tanquam
2520 4131 2694 4216 patri
2738 4135 2803 4196 et
2846 4131 3135 4215 domino,

780 4246 947 4331 qnod
990 4245 1246 4331 quidam
1289 4243 1738 4311 ministeriales
1784 4242 2180 4311 Corbeiensis
2225 4245 2591 4314 monasterii
2604 4295 2625 4330 ,
2670 4247 2778 4331 qui
2827 4253 3011 4313 erant
3060 4247 3135 4313 in

559 4371 745 4493 13182439
779 4363 1067 4428 convictu
1108 4366 1327 4428 nostro
1363 4359 1633 4444 assidue,
1681 4359 1951 4445 quadam
1978 4356 2369 4428 110018“011111
2398 4379 2787 4448 cenaremns,
2833 4363 2872 4429 a
2896 4381 3139 4430 mensa

922 4527 963 4559 a.
1006 4525 1109 4560 enm
1139 4512 1321 4559 addidi.
1443 4511 1490 4558 b.
1530 4514 1576 4558 te
1609 4511 1792 4558 addidi.

922 4608 971 4662 1.
1016 4606 1073 4663 d.
1096 4607 1166 4662 29
1189 4607 1326 4662 Dec.
1354 4606 1510 4662 1148.
1556 4605 1688 4662 Vid.
1725 4621 1813 4676 ep.
1840 4606 1944 4662 150
1977 4605 2140 4663 infra.
