3319 5242
531 657 666 711 1157

471 733 580 792 Apr.
598 730 704 776 Hui.

564 1472 699 1556 1157

738 490 872 557 594
1413 489 1712 540 mnamr
1754 480 2128 533 nrrs‘rom
2165 476 2274 524 ceo.
2305 474 2415 520 ιω.

742 668 842 715 ses
887 664 1004 732 per
1047 637 1539 721 consanguineos
1582 629 1755 697 illius
1800 624 2069 714 probare
2111 615 2454 707 potuerint,
2503 610 2654 698 quia
2686 606 2772 675 sit
2798 603 3092 672 ministe-

738 762 917 831 rialis
963 757 1261 826 ecclesiae
1290 746 1706 828 corbeiensis,
1749 742 2021 809 liberum
2055 756 2200 805 eum
2228 733 2550 814 restituas,
2598 726 2699 792 sin
2729 728 2946 789 autem
2970 717 3096 783 hoc

738 877 1009 966 probare
1052 893 1180 940 non
1224 867 1558 948 valuerint,
1603 858 2042 949 prenominato
2087 852 2224 918 viro
2272 868 2415 916 eum
2457 843 2764 912 remittas.

744 1196 925 1269 461.
964 1194 1324 1262 Fridericus
1348 1188 1391 1253 Ι
1418 1190 1759 1273 imperator
1788 1179 2083 1246 Heinrico
2107 1172 2186 1240 Π
2202 1169 2546 1258 Astylorum
2583 1163 2719 1250 reqi
2750 1156 3106 1225 Ger-alcima

969 1313 1250 1377 abbatem
1297 1304 1853 1369 solemniacensem
1898 1289 2298 1358 commendat.
2767 1270 2874 1353 (M.
2912 1268 3105 1349 424.)

924 1452 973 1519 F
979 1446 1331 1543 (ridericus)
1407 1442 1530 1510 Dei
1604 1437 1810 1523 gratia
1874 1433 2300 1499 Romanorum
2374 1423 2696 1509 inperator
2771 1417 3109 1496 augustus,

558 1546 664 1592 Μ’
685 1545 714 1591 ⁶
748 1589 1014 1654 magnus
1060 1571 1125 1632 et
1166 1558 1496 1651 pacificus,
1544 1575 1586 1622 a
1627 1554 1764 1620 Deo
1810 1551 2164 1628 coronatae,
2212 1537 2619 1609 dilectissimo
2662 1531 2845 1599 fratri
2893 1533 2970 1595 et
3011 1528 3111 1593 in-

749 1690 925 1755 timos
977 1703 1050 1749 ac
1118 1676 1377 1766 speciali
1434 1673 1635 1740 amico
1697 1688 1811 1739 suo
1866 1662 2190 1747 H(enrico)
2246 1654 2481 1725 illustri
2533 1648 2883 1734 Anglorum
2949 1642 3111 1728 regi,

750 1804 1259 1871 Normannorum
1318 1798 1505 1877 atque
1558 1786 2027 1871 Aquitanorum
2084 1776 2262 1859 duci,
2328 1773 2645 1839 fraternae
2701 1762 2996 1831 caritatis
3053 1765 3118 1825 et

756 1916 1070 1986 amicitiae
1116 1906 1567 1978 indissolubilis
1611 1899 2041 1969 firmissimam
2085 1889 2558 1961 connexionem.
2901 1935 2941 1951 ..

934 2027 1315 2117 Inperialem
1359 2023 1756 2091 maiestatem
1802 2016 2000 2097 decet,
2047 2004 2464 2077 sacrosanctis
2511 1995 2829 2068 aecclesiis
2864 1998 2938 2060 et
2968 1991 3119 2059 reli-

760 2151 954 2236 giosis
996 2142 1395 2213 monasteriis
1440 2140 1509 2205 in
1554 2135 1686 2203 suis
1717 2123 2248 2219 oportunitatibus
2275 2138 2533 2188 manum
2563 2111 2938 2183 clementiae
2967 2128 3120 2195 por-

760 2269 968 2350 rigere
1013 2262 1383 2342 salutarem,
1430 2261 1504 2322 ut
1548 2252 1761 2319 divino
1806 2245 2005 2315 cultui
2048 2259 2274 2307 vacare
2315 2235 2576 2303 liberius
2623 2236 2688 2297 et
2728 2247 2845 2315 pro
2891 2230 3124 2291 nostra

766 2390 830 2451 et
880 2379 1102 2468 populi
1155 2375 1357 2444 salute
1400 2370 1523 2438 Dei
1566 2361 2064 2434 misericordiam
2110 2353 2487 2444 propensius
2529 2347 2783 2416 valeant
2828 2360 3122 2409 exorare.

767 2498 1069 2577 Quocirca
1111 2491 1463 2559 venientem
1512 2484 1593 2552 ad
1636 2502 1753 2550 nos
1800 2500 1841 2546 a
1882 2475 2170 2564 partibus
2202 2467 2584 2556 Aquitaniae
2613 2462 2824 2529 virum
2852 2476 3125 2524 venera·

767 2613 962 2682 bilem
1018 2607 1357 2677 Geraldum
1375 2655 1394 2688 ‚
1463 2600 1755 2668 abbatem
1813 2585 2404 2677 SoHempniacensis
2460 2576 2860 2660 monasterii,
2930 2592 3126 2660 quem

771 2731 951 2797 nobis
1006 2723 1423 2794 attentissime
1469 2711 1934 2785 commendavit
1976 2707 2156 2774 nobis
2200 2700 2600 2769 fidelissimus
2647 2699 2712 2761 et
2754 2691 3126 2759 carissimus

772 2844 1099 2913 Wibaldus
1148 2839 1339 2906 abbas
1387 2852 1708 2902 sacrorum
1737 2823 2264 2895 monasteriorum
2291 2815 2523 2905 inperii
2551 2810 2752 2880 nostri
2783 2805 3128 2875 Stabulaus

777 2967 841 3030 et
885 2959 1205 3040 Corbeiae‚
1260 2953 1524 3036 benigne
1571 2944 1960 3032 suscepimus
2007 2944 2071 3006 et
2112 2930 2452 3002 honorifice
2493 2926 2904 2996 tractavimus
2951 2927 3018 2988 et
3064 2923 3129 2986 in

779 3079 909 3145 suis
965 3075 1149 3142 iustis
1203 3066 1622 3158 peticionibus
1669 3062 2009 3129 clementer
2053 3049 2505 3121 exaudivimus.
2596 3044 2770 3111 Inter
2813 3060 2971 3126 quas
3016 3036 3132 3104 illa

778 3193 1084 3281 precipua
1135 3189 1285 3271 fuit,
1342 3191 1444 3268 ut,
1502 3180 1799 3267 quoniam
1855 3175 2024 3241 idem
2070 3164 2641 3252 Sollempniacense
2685 3156 3014 3226 cenobium
3061 3155 3132 3219 in

781 3317 891 3377 tuo
946 3305 1307 3394 principatu
1365 3301 1559 3367 situm
1617 3315 1755 3363 esse
1801 3288 2228 3375 cognoscitur,
2285 3301 2400 3369 pro
2445 3279 2545 3345 sui
2589 3271 3133 3343 commendatione

787 3432 851 3493 et
892 3419 1260 3490 monasterii
1303 3416 1425 3483 sibi
1467 3410 1787 3480 commissi
1814 3405 2204 3494 protectione
2231 3393 2571 3486 inperiales
2602 3390 2813 3477 apices
2847 3387 2928 3453 ad
2957 3392 3134 3452 tuam

786 3535 1315 3625 magnificentiam
1374 3531 1433 3598 ei
1487 3532 1943 3617 prestaremus3
2002 3521 2079 3587 de
2130 3520 2352 3583 nostra
2398 3515 2621 3578 mutua
2662 3512 2728 3573 et
2768 3502 3134 3570 firmissima

792 3656 1099 3737 amicitia,
1157 3669 1347 3737 quam
1389 3647 1561 3712 fama
1602 3641 1970 3730 predicante
2014 3634 2419 3719 cognoverat,
2473 3625 2750 3692 maxime
2795 3618 3133 3697 confidens,

795 3773 962 3860 quod
1016 3789 1152 3835 rem
1208 3784 1433 3850 equam
1491 3767 1555 3828 et
1608 3760 1937 3825 honestam
1990 3771 2107 3839 pro
2163 3753 2377 3815 nostre
2420 3738 2886 3809 intercessionis
2934 3733 3134 3819 gratia

793 3890 1061 3973 benigno
1110 3889 1174 3951 et
1214 3877 1485 3947 faciliori
1532 3875 1741 3942 animo
1784 3868 2095 3959 perficias.
2155 3865 2510 3950 Eapropter
2540 3854 2937 3925 nobilitatem
2966 3855 3134 3915 tuam

797 4008 1036 4074 attente
1090 4015 1415 4066 monemus
1430 4044 1449 4079 ,
1504 3998 1606 4075 ut,
1666 3990 1829 4055 sicut
1879 3984 2119 4069 regiam
2164 3981 2345 4046 decet
2387 3972 2783 4043 clementiam
2798 4018 2818 4052 ,
2872 3960 3137 4053 predicti

800 4120 1045 4189 abbatis
1074 4131 1411 4203 personam
1443 4115 1507 4175 et
1534 4105 1958 4194 prescriptum
1985 4094 2442 4166 monasterium
2471 4089 2586 4158 sub
2615 4093 2728 4153 tua
2753 4080 3135 4170 protectione

802 4233 1304 4304 commendatum
1358 4225 1589 4293 habeas
1646 4226 1712 4288 et
1768 4240 1808 4285 a
1859 4234 2200 4304 pravorum
2256 4208 2584 4276 hominum
2635 4193 3133 4270 infestationibus

803 4353 1037 4418 virtute
1088 4347 1207 4413 tibi
1261 4342 1563 4409 divinitus
1619 4334 1850 4403 collata
1892 4331 2211 4399 defendas.
2392 4324 2563 4391 Data
2603 4312 2987 4404 Aquisgrani
3026 4326 3134 4396 μ·

803 4466 981 4549 latio,
1027 4467 1068 4531 2
1111 4460 1326 4527 Nonas
1370 4455 1518 4543 May
1560 4449 1924 4521 indictionis
1969 4447 2205 4534 quinte.
