3319 5242
740 450 876 516 490
1387 464 1686 511 wmanm
1728 462 2102 511 3118101811
2142 460 2234 508 seo
2250 483 2301 494 -
2316 460 2424 508 sos.

570 615 707 669 1152
744 609 911 677 bona
953 606 1420 675 Kaminatensis
1465 603 1804 673 aecclesiae
1847 609 2222 691 presumunt
2265 603 2531 688 auferre,
2584 603 2866 672 debitam
2907 603 3076 670 iusti-

568 690 706 737 Iun9

547 1317 687 1372 1152

528 1389 639 1449 (1¹1²-
655 1389 702 1449 9)

544 3995 686 4051 1152

532 4070 705 4119 Ῑυι27

741 726 904 793 018111
946 725 1161 792 facias.
1251 723 1419 791 Data
1459 726 1535 789 111
1578 741 1790 808 supra.

747 938 922 1009 361.
961 940 1285 1026 Euqenim
1313 937 1439 1004 III
1463 947 1644 1025 'papa
1692 938 1901 1003 abbati
1929 935 2404 1022 Lunebmyemi
2436 936 2715 1016 mandat,
2760 959 2847 1000 ne
2873 958 3086 1000 mona-

958 1057 1211 1121 sterium
1257 1055 1615 1120 Corbet’eme
1672 1054 1749 1119 ab
1768 1047 2091 1117 sHeimico
2149 1051 2379 1116 deiecto
2438 1053 2655 1118 abbate
2707 1054 2930 1117 vexas-i
2969 1074 3088 1138 pa·

959 1174 1166 1237 fiatur.
2761 1164 2874 1246 (M.
2912 1166 3089 1247 338.)

915 1304 1122 1372 Idem
1174 1317 1379 1389 papa
1434 1298 1701 1368 abbati
1756 1299 1847 1367 de
1899 1297 2438 1367 Lunenburch.

918 1421 1091 1487 Tua'e
1135 1417 1452 1486 dilectioni
1497 1422 1719 1484 notum
1761 1415 1901 1484 fieri
1930 1415 2239 1500 volumus,
2287 1415 2454 1501 quod
2484 1413 2846 1500 Heinricus,
2895 1435 3093 1500 quon-

740 1539 887 1605 dam
917 1535 1312 1604 Corbeiensis
1359 1534 1572 1618 abbas,
1620 1533 1702 1599 ad
1743 1536 2028 1599 nostram
2059 1532 2447 1619 presentiam
2475 1532 2733 1598 veniens
2762 1531 3095 1599 humiliter

738 1653 1114 1742 postulavit,
1171 1656 1245 1718 ut
1298 1651 1510 1737 ipsum
1566 1649 1636 1716 in
1694 1669 1807 1716 suo
1862 1648 2334 1717 restitueremus
2396 1645 2619 1714 officio.
2710 1647 2897 1726 Quod
2945 1649 3096 1735 quia

737 1770 972 1838 rationi
1016 1772 1504 1835 consentaneum
1534 1765 1797 1832 minime
1825 1764 2157 1833 videbatur
2188 1770 2253 1832 et
2281 1766 2599 1850 quantitas
2629 1762 2857 1850 culpae
2886 1764 3093 1851 ipsius

737 1906 901 1975 pene
951 1885 1137 1951 huius
1185 1882 1557 1951 allevatione
1600 1881 1930 1949 videbatur
1972 1881 2260 1967 indigna,
2315 1880 2558 1948 nullam
2600 1881 2859 1948 omnino
2906 1883 3094 1948 resti·

738 2003 1048 2070 tutionem
1093 2001 1170 2068 de
1213 1987 1353 2087 ipso
1400 2019 1515 2066 1108
1550 1999 1775 2066 fecisse
1805 2017 2161 2082 cognoscas.
2224 1998 2615 2065 Insinuatum
2649 2002 2747 2063 est
2774 1998 3092 2083 siquidem

740 2119 943 2204 nobis,
990 2118 1157 2205 quod
1199 2116 1536 2184 temerario
1583 2135 1741 2182 ausu
1786 2119 2007 2181 contra
2041 2114 2449 2202 depositionis
2479 2115 2881 2198 sententiam,
2932 2135 3091 2200 quae

740 2236 780 2304 a
821 2235 1022 2303 bonae
1066 2234 1408 2302 memoriae
1453 2232 1695 2299 Thema
1735 2231 2085 2317 presbitero
2131 2230 2456 2316 cardinali,
2507 2235 2660 2297 tunc
2704 2229 3090 2318 apostolicae

738 2352 908 2436 sedis
950 2351 1180 2437 legato,
1224 2351 1294 2417 in
1342 2370 1486 2417 eum
1531 2347 1783 2436 prolata
1817 2366 1955 2414 esse
1984 2346 2351 2432 dinoscitur,
2398 2345 2708 2414 contraire
2738 2352 3086 2433 presumat.

738 2468 918 2548 Quod
972 2487 1163 2554 quam
1214 2465 1449 2534 rationi
1506 2463 1892 2532 contrarium
1938 2469 2003 2530 et
2046 2464 2087 2530 a
2128 2469 2488 2531 sanctorum
2531 2469 2788 2551 patrum
2832 2463 3087 2530 institu-

738 2584 1014 2653 tionibus
1059 2583 1313 2671 penitus
1359 2582 1445 2649 sit
1488 2580 1786 2667 alienum,
1833 2580 1940 2667 qui
1975 2580 2109 2647 zelo
2138 2581 2536 2649 rectitudinis
2564 2580 2785 2665 utitur,
2832 2578 3086 2667 penitus

739 2722 868 2769 non
913 2702 1181 2786 ignorat.
1252 2699 1415 2779 Quia
1456 2700 1652 2784 igitur
1699 2698 1780 2765 ad
1826 2697 2212 2785 apostolatus
2255 2699 2460 2765 nostri
2504 2695 2776 2765 officium
2821 2701 3083 2782 spectat,

741 2823 953 2886 errata
1003 2818 1316 2902 corrigere
1362 2821 1426 2884 et
1468 2821 1600 2883 tam
1644 2815 1921 2883 nefarias
1964 2814 2469 2902 presumptiones
2515 2814 2594 2881 de
2636 2812 2847 2880 medio
2895 2813 3082 2879 extir-

738 2956 913 3023 pare,
959 2934 1349 3022 presentium
1393 2933 1512 3000 tibi
1556 2932 1927 2999 auctoritate
1961 2932 2355 3015 mandamus,
2404 2931 2699 3017 quatinus
2729 2929 3084 3016 predictum

738 3050 1158 3133 H(einricum)
1214 3050 1498 3116 districte
1551 3068 1947 3116 commoneas
1962 3098 1981 3132 ‚
2040 3052 2112 3114 ut
2157 3047 2197 3114 a
2236 3051 2419 3113 tanta
2458 3046 2937 3134 presumptione
2980 3045 3084 3112 de-

738 3168 924 3235 sistat
968 3171 1032 3233 81
1074 3165 1397 3254 predictae
1443 3166 1794 3233 sententiae
1828 3166 1897 3232 in
1929 3164 2140 3250 ipsum
2168 3162 2454 3251 prolatae
2481 3163 2744 3230 minime
2771 3163 3085 3229 contraire

738 3288 1080 3371 presumat.
1175 3282 1247 3350 Si
1303 3287 1513 3349 autem
1569 3282 1650 3349 de
1701 3282 1944 3367 reliquo
1997 3279 2438 3348 Corbeiensem
2492 3279 2811 3347 abbatiam
2856 3299 3082 3347 vexare

740 3420 852 3468 seu
894 3399 1233 3468 molestare
1276 3399 1704 3486 temptaverit,
1751 3398 1944 3482 digna
1986 3398 2197 3484 ipsum
2240 3395 2479 3462 ultione
2522 3395 2877 3463 coherceas.

743 3612 918 3687 362.
959 3614 1284 3702 Enyem'us
1315 3613 1441 3680 III
1463 3637 1649 3703 papa
1684 3616 2019 3702 episcopos,
2067 3614 2335 3694 comites,
2380 3613 2641 3679 barones
2667 3611 3080 3677 Alamanniae

957 3731 1269 3814 hor-lawr,
1329 3741 1399 3797 ut
1443 3730 1730 3797 Conrado
1772 3728 1898 3796 III
1944 3732 2079 3817 νομί
2119 3730 2391 3797 Romam
2436 3729 2604 3793 eunti
2631 3728 2914 3819 fideliter
2954 3750 3077 3792 ser-

956 3849 1145 3914 viant.
1367 3840 1372 3845 ’
2360 3852 2370 3861 ·
2755 3841 2867 3923 (Μ.
2902 3842 3076 3923 339.)

914 3978 1236 4064 Eugenius
1282 3978 1615 4067 episcopus
1662 3999 1880 4046 servus
1925 3996 2251 4045 servorum
2293 3975 2419 4043 Dei
2449 3975 2913 4043 venerabilibus
2957 3976 3077 4042 fm-

737 4098 941 4165 tribus
988 4095 1494 4187 archyepiscopis
1540 4096 1874 4183 episcopis,
1920 4100 1988 4162 et
2031 4092 2275 4161 dilectis
2316 4091 2467 4159 filiis
2511 4092 2845 4159 comitibus
2883 4099 2949 4159 et
2973 4093 3075 4159 ba-

738 4214 996 4282 ronibus
1009 4264 1029 4299 ,
1097 4232 1213 4299 per
1265 4212 1716 4279 Alamanniam
1783 4211 2142 4279 constitutis
2210 4209 2478 4277 salutem
2544 4213 2609 4277 et
2674 4209 3073 4296 apostolicam

741 4330 1254 4398 benedictionem.

919 4446 1099 4514 Sicut
1142 4445 1183 4511 a
1223 4450 1499 4512 rectore·
1529 4443 1668 4511 Deo
1715 4444 1796 4511 ad
1840 4443 2108 4511 salutem
2151 4442 2411 4510 humani
2454 4441 2702 4527 generis
2748 4441 2873 4509 duo
2913 4439 3072 4509 kari-

883 4587 1638 4635 a‹mmnmnaoeduauvfiuaewz
