3319 5242
772 444 909 511 474
1530 460 1830 507 wmanm
1870 456 2203 506 aaaron
2248 457 2356 504 ιιι.

601 610 736 666 1151
774 604 1177 693 protenderet
1218 601 1640 669 humilitatem
1653 652 1673 685 ,
1719 600 2015 668 celestem
2056 605 2130 666 ut
2172 598 2488 666 credimus
2532 595 2893 666 offendebat
2928 599 3111 665 maie-

776 725 1025 789 statem.
1086 721 1323 788 Verum
1368 739 1482 787 cur
1520 718 1797 784 diximus
1830 719 2071 799 elecem,
2119 735 2263 783 cum
2293 715 2731 783 universorum
2759 735 2903 782 non
2921 714 3113 782 solum

773 838 1052 905 lacrimis
1120 843 1185 904 et
1240 837 1531 924 precibus
1592 834 1746 921 quin
1801 834 1993 900 etiam
2047 831 2342 900 violentis
2393 831 2688 899 manibus
2744 832 2833 899 sit
2886 836 3115 898 tractus

584 969 695 1029 Apr.
712 969 742 1015 a
775 960 842 1022 et
884 954 1174 1022 coactus?
1243 954 1502 1020 Etenim
1545 956 1693 1038 post
1734 951 1975 1018 obitum
2018 950 2221 1036 patris
2264 949 2469 1015 nostri
2495 947 2766 1015 Arnoldi
2811 949 3115 1036 archiepi-

774 1071 979 1158 scopi,
1027 1070 1417 1137 Coloniensis
1463 1067 1799 1149 aecclesia,
1846 1065 2115 1132 salutem
2159 1070 2224 1133 et
2265 1065 2720 1153 protectionem
2766 1085 2957 1132 suam
2996 1066 3116 1132 iam

775 1209 815 1254 a
855 1187 1060 1272 longis
1103 1192 1274 1253 retro
1319 1184 1709 1272 temporibus
1757 1182 2060 1266 esuriem,
2103 1182 2466 1248 triduanum
2502 1181 2813 1248 ieiunium
2841 1202 2993 1248 cum
3019 1182 3118 1248 de-

773 1304 1005 1371 siderio
1050 1308 1418 1370 cunctorum
1459 1301 1695 1368 indixit
1738 1304 1821 1385 et,
1868 1298 2276 1385 comportatis
2321 1318 2437 1385 per
2480 1317 2699 1365 omnes
2727 1299 2908 1365 vicos
2951 1298 3121 1365 urbis

772 1425 1134 1487 sanctorum
1178 1419 1607 1486 confessorum
1651 1414 2017 1503 corporibus
2061 1413 2366 1499 Severini,
2413 1411 2742 1480 Guniberti
2786 1420 2857 1481 et
2884 1413 3119 1498 Ailnlfi,

773 1538 883 1623 qui
938 1536 1376 1603 Coloniensem
1433 1533 1802 1601 aecclesiam
1855 1532 2138 1598 viventes
2190 1530 2262 1596 in
2316 1549 2505 1597 carne
2557 1529 3015 1617 plantaverant
3063 1535 3123 1598 et

771 1654 840 1720 in
885 1653 1148 1720 caritate
1192 1652 1410 1718 divina
1452 1650 1893 1734 dilataverant,
1938 1646 2061 1714 Dei
2098 1646 2546 1732 omnipotentis
2575 1645 2982 1714 clementiam
3009 1647 3122 1713 hu·

769 1768 911 1836 mili
954 1787 1142 1855 prece
1176 1773 1242 1835 et
1278 1769 1526 1835 sincera
1553 1766 1883 1833 devotione
1913 1762 2432 1850 interpellabant.
2477 1768 2553 1829 ut
2577 1767 2799 1850 pastor
2827 1769 3123 1831 aeter-nus

771 1885 964 1952 talem
1021 1884 1152 1951 suis
1208 1884 1429 1951 ovibus
1481 1888 1802 1971 pastorem
1845 1902 1962 1968 per
2005 1880 2235 1946 merita
2279 1884 2343 1945 et
2384 1880 2867 1948 interceoeiones
2908 1880 3123 2004 predi·

770 2006 1018 2068 storum
1061 2005 1390 2087 pastorum
1434 1999 1766 2066 ostendere
1812 2002 1876 2063 et
1920 1996 2213 2063 ordinare
2258 1996 2655 2081 dignaretur,
2711 1997 3120 2083 qui,eorum

770 2116 1080 2184 imitando
1123 2118 1422 2202 vestigia,
1482 2115 1715 2204 populo
1760 2113 1882 2180 Dei
1925 2118 2142 2200 posset
2185 2117 2250 2179 et
2292 2112 2536 2180 utiliter
2577 2132 2836 2200 preesse
2880 2119 2948 2180 et
2988 2112 3119 2180 effi-

771 2234 1006 2301 caciter
1047 2235 1367 2321 prodesse.
1459 2231 1582 2299 Die
1624 2251 1797 2314 vero,
1851 2249 1979 2315 qua
2017 2228 2216 2295 futuri
2260 2229 2565 2295 antistitis
2607 2234 2748 2296 erat
2786 2229 3119 2297 formanda

769 2349 1011 2434 electio,
1054 2351 1350 2416 invocata
1393 2348 1681 2415 devotius
1713 2351 1777 2414 et
1806 2348 2108 2414 attentius
2138 2345 2344 2412 sancti
2374 2344 2651 2432 Spiritus
2679 2346 2912 2431 gratia,
2952 2346 3117 2413 votis

768 2466 1180 2535 concordibus
1238 2471 1304 2532 et
1355 2465 1498 2552 pari
1552 2469 1923 2531 cunctorum
1974 2463 2267 2529 ordinum
2312 2460 2763 2529 acclamatione
2804 2461 3115 2529 maximus

769 2584 851 2651 ad
894 2583 1450 2651 inthronizandum
1478 2582 1689 2648 virum
1717 2579 2164 2663 venerabilem,
2209 2582 2460 2646 vestrae
2503 2577 2861 2645 sanctitatis
2893 2576 3110 2664 filium,

767 2701 1140 2785 Arnoldum,
1186 2700 1447 2767 maioris
1494 2697 1834 2765 aecclesiae
1863 2697 2289 2785 prepositum3
2336 2695 2445 2781 qui
2486 2694 2581 2761 ita
2621 2694 3110 2780 ministraverat,

767 2823 841 2883 ut
883 2818 1046 2885 bono
1091 2817 1293 2902 gradu
1338 2820 1538 2882 esset·
1584 2814 1853 2900 dignior,
1902 2819 1967 2880 et
2007 2812 2077 2879 in
2121 2811 2367 2879 modico
2414 2815 2605 2879 antea
2635 2810 2842 2879 fidelis
2860 2808 2899 2896 ¹,
2940 2818 3109 2900 post-

765 2934 1026 3000 modum
1072 2954 1268 3020 supra
1309 2931 1514 2998 multa
1555 2931 1955 3014 constitutus,
2002 2928 2258 2995 demum
2299 2928 2371 2994 in
2414 2928 2516 2994 sui
2546 2927 2790 2995 domini
2816 2927 3109 3012 gaudium

765 3051 1077 3118 introiret.
1156 3047 1456 3115 Renitens
1501 3068 1650 3115 vero
1697 3052 1763 3113 et
1802 3046 2155 3114 reclamans
2200 3044 2543 3113 excusabat
2583 3065 2654 3111 se
2693 3044 2929 3132 ipsum,
2968 3064 3108 3133 pro-

764 3168 1028 3235 tendens
1071 3165 1374 3233 humilius
1420 3184 1608 3251 quam
1652 3163 1865 3230 verius
1909 3163 2144 3229 virium
2196 3181 2454 3229 suarum
2496 3159 3008 3246 inbecillitatm,
3048 3164 3108 3228 et

766 3284 848 3350 ad
905 3284 1276 3350 memoriam
1319 3282 1626 3349 reducens
1668 3278 2051 3367 multiplices
2097 3276 2396 3345 ecclesiae
2438 3281 2695 3345 nostrae
2736 3296 3106 3364 conquam

765 3401 971 3467 tiones
1003 3404 1068 3465 et
1094 3399 1333 3482 ruinas,
1366 3403 1431 3466 et
1461 3418 1567 3465 eos
1596 3397 1896 3485 precipue
1926 3396 2205 3463 defectus
2226 3414 2499 3479 merens,
2529 3394 2700 3481 quod
2721 3393 3105 3461 Coloniensis

767 3514 1070 3583 aecclesia
1113 3515 1284 3582 omni
1327 3515 1459 3582 fere
1504 3513 1811 3598 dignitate
1856 3532 1930 3579 ac
1970 3516 2305 3599 potestate,
2351 3531 2542 3598 quam
2587 3511 2627 3578 a
2668 3510 2819 3578 sede
2864 3516 3105 3598 aposto-

763 3632 889 3699 lica
930 3632 1159 3719 priscis
1203 3632 1591 3719 temporibus
1626 3629 1898 3715 gloriose
1930 3633 2276 3715 acceperat,
2319 3627 2561 3694 nudata
2586 3647 2847 3714 prorsus
2876 3633 2945 3696 et
2971 3646 3103 3715 spo-

762 3748 920 3815 liata
960 3748 1299 3815 videretur.
1360 3748 1450 3814 Et
1478 3747 1629 3815 licet
1655 3751 1910 3813 nostrae
1939 3744 2355 3813 fraternitatis
2384 3744 2764 3813 universitas
2792 3744 2866 3811 in
2894 3742 3102 3812 eodem

762 3882 1009 3933 merore
1051 3865 1181 3931 iam
1215 3865 1324 3932 diu
1368 3863 1782 3948 contabuerit,
1828 3867 2064 3947 tamen,
2111 3862 2191 3928 de
2232 3865 2447 3928 vestra
2487 3859 2926 3928 misericordia
2966 3872 3101 3927 cou-

759 3980 882 4067 fisi,
929 4002 1043 4069 spe
1087 3983 1255 4049 bona
1299 3980 1778 4047 consolabamur
1812 3999 1989 4062 eum3
2034 3978 2317 4045 futurum
2361 3996 2488 4044 non
2517 3975 2901 4061 dubitantes,
2947 3974 3101 4064 quod

760 4103 974 4167 vestra
1017 4099 1354 4165 clementia
1393 4097 1596 4184 ipsius
1642 4096 2023 4163 desiderium
2064 4100 2129 4162 et
2154 4099 2438 4161 nostram
2465 4092 2844 4181 peticionem
2874 4110 3099 4179 nequ-

761 4233 952 4302 quam
997 4216 1334 4282 desereret.
1425 4212 1740 4280 Mittimus
1784 4213 2000 4299 itaque
2045 4212 2125 4278 ad
2170 4215 2422 4279 vestrae
2466 4209 2873 4277 sublimitatis
2916 4208 3099 4297 pedes

759 4351 958 4413 unum
1003 4331 1082 4398 de
1127 4330 1478 4398 senioribus
1523 4329 1741 4413 Israel,
1794 4349 1982 4416 quem
2026 4350 2142 4395 nos
2186 4328 2498 4412 novimus,
2543 4325 2713 4413 quod
2758 4342 2954 4393 smex
2996 4342 3097 4411 po-

759 4447 896 4535 puli
951 4448 1038 4513 sit
1069 4462 1169 4513 ‘ac
1222 4447 1557 4531 magister,
1613 4466 1743 4512 non
1798 4445 2003 4512 solum
2058 4450 2266 4513 aetate
2322 4442 2603 4532 corporis
2657 4426 2947 4528 legitima
2996 4436 3092 4507 sed

904 4577 946 4610 a.
993 4576 1095 4609 esse
1129 4562 1233 4609 cod.

905 4640 957 4695 1.
993 4640 1130 4694 Luc.
1157 4637 1242 4708 19,
1268 4638 1357 4693 17.
