3319 5242
894 444 1194 494 wnmm
1234 443 1609 493 amarem
1651 443 1760 491 οτι.
1794 444 1901 492 sss.
2434 427 2565 496 457

236 586 502 654 Proinde
544 587 952 675 prudentiam
993 592 1172 654 tuam
1217 592 1455 655 attente
1497 587 1811 655 monendo
1854 607 2172 672 rogamus,
2217 593 2290 655 ut
2331 588 2570 655 factum
2608 595 2745 653 1151

236 709 431 788 tuum,
479 703 646 789 quod
690 704 987 771 canonice
1033 703 1406 800 disciplinae
1436 703 1722 789 regulam
1750 703 2232 788 transgreditur,
2276 704 2467 772 celeri
2498 724 2572 772 ac

236 820 504 887 discreta
546 821 895 888 mutatione
940 821 1220 905 corrigas
1265 826 1347 905 et,
1394 840 1539 887 cum
1583 819 1806 888 eadem
1848 820 2251 907 prepositura
2292 821 2417 905 rite
2460 842 2571 887 va-

234 936 489 1020 caverit,
519 937 899 1023 peticionem
927 940 1212 1003 nostram
1241 936 1541 1004 exaudire
1568 936 1985 1003 non-abnuas.
2040 935 2351 1004 Universa
2378 938 2569 1023 enim,

235 1071 392 1137 quae
439 1053 479 1119 a
518 1053 701 1120 nobis
744 1052 957 1138 habet,
1001 1052 1248 1120 illibata
1289 1052 1349 1121 ei
1392 1073 1593 1139 usque
1632 1053 1715 1120 ad
1742 1052 2274 1120 consecrationem
2319 1073 2571 1122 conser-

231 1167 537 1235 vabimus.

236 1398 412 1472 328.
458 1401 780 1468 com-adue
805 1398 920 1467 ΠΙ
944 1424 1062 1468 rex
1100 1405 1462 1469 monasteris·
1499 1402 2015 1469 Walciodorensae‘e
2042 1403 2119 1468 de
2162 1403 2318 1470 cella
2346 1401 2572 1470 Haste·

450 1519 643 1583 riensi
676 1518 1073 1605 privileyi'um
1119 1519 1463 1610 confi-mat.
1974 1582 1979 1588 .
2244 1515 2355 1599 (M.
2388 1518 2569 1600 276.)

409 1648 483 1716 In
525 1649 782 1717 nomine
827 1654 1082 1718 sauctae
1128 1656 1193 1718 et
1233 1650 1594 1718 individuae
1642 1651 1970 1718 trinitatis.
2062 1649 2430 1718 Guonradus
2475 1652 2572 1718 di·
2628 1655 2763 1741 libi

227 1767 382 1833 vina
432 1765 685 1833 favente
741 1765 1079 1834 clementia
1131 1765 1557 1834 Romanorum
1613 1787 1728 1834 rex
1785 1768 2112 1835 secundus.
2214 1767 2318 1835 Ad
2370 1769 2572 1856 impe—
2605 1728 2712 1777 ⁸⁸³
2729 1730 2788 1777 ¹⁷

227 1882 455 1950 rialem
509 1880 1007 1950 munificentiam
1060 1884 1367 1970 pertinet,
1422 1884 1584 1951 bene
1639 1884 1720 1951 de
1774 1905 1846 1951 re
1887 1883 2144 1971 publica
2185 1885 2571 1953 merentibus

227 1999 478 2086 premia
520 1999 867 2086 rependere
910 2004 975 2066 et
1017 1999 1263 2084 ceteris,
1310 2000 1390 2067 ad
1426 2000 1837 2068 famulatum·
1863 2000 2119 2088 imperii
2148 2003 2571 2088 surgentibus,

227 2136 333 2183 eos
395 2116 467 2183 in
520 2115 882 2203 exemplum
936 2120 1047 2182 aut
1097 2116 1300 2184 bonae
1354 2117 1493 2204 spei
1547 2118 1800 2201 signum
1851 2115 2174 2184 collocare.
2267 2117 2575 2197 Quocirca

226 2233 481 2301 noverit
520 2231 805 2300 fidelium
860 2238 1223 2300 nostrorum
1279 2237 1414 2300 tam
1466 2233 1720 2300 futurae
1775 2253 1962 2319 quam
2016 2233 2332 2320 presentis
2386 2236 2572 2303 etatis

225 2350 568 2435 industria,
603 2349 770 2436 quod
799 2349 1159 2417 interventu
1189 2347 1404 2417 dilecti
1435 2369 1510 2417 ac
1537 2348 1740 2417 fidelis
1770 2350 1972 2416 nostri
2001 2347 2278 2416 Wibaldi
2305 2350 2572 2438 abbatis,

227 2469 338 2554 qui
387 2486 556 2533 nunc
584 2465 721 2533 Deo
768 2471 1021 2533 auctore
1052 2465 1413 2533 Stabulensi
1443 2471 1508 2534 et
1536 2465 1899 2533 Corbeiensi
1928 2466 2311 2534 monasterio
2337 2474 2571 2555 preest,

225 2582 567 2673 privilegia
609 2581 1128 2651 walciodorensis
1195 2583 1594 2670 monasterii,
1664 2583 1733 2650 in
1802 2602 1925 2669 quo
1990 2582 2310 2670 predictus
2379 2584 2572 2653 abbas

227 2706 522 2769 sanctum
564 2699 890 2785 religionis
934 2700 1219 2767 habitum
1264 2700 1542 2787 suscepit
1556 2695 1574 2727 ¹
1620 2703 1686 2767 et
1720 2699 1904 2766 iuxta
1941 2699 2226 2784 regulam
2254 2701 2425 2768 beati
2451 2700 2573 2768 Be-

225 2817 470 2886 nedicti
515 2823 579 2885 et
609 2822 969 2884 sanctorum
1006 2822 1262 2904 patrum
1290 2817 1582 2883 instituta
1607 2816 2062 2903 professionem
2104 2816 2274 2902 fecit,
2320 2819 2575 2885 recitari

229 2940 293 3002 et
340 2934 579 3021 exponi
621 2933 940 3000 iussimus.
1012 2932 1086 3000 In
1130 2933 1356 3019 quibus
1401 2933 1709 3021 scriptum
1753 2932 2219 3018 continebatur,
2265 2935 2433 3018 quod
2474 2935 2575 3002 vir

227 3050 550 3138 quondam
603 3049 870 3117 illustris
922 3049 1243 3118 Eilbertus
1299 3069 1508 3116 comes
1562 3050 1632 3115 in
1686 3048 1945 3135 proprio
2000 3048 2369 3116 hereditatis
2423 3071 2574 3118 suae

226 3168 428 3235 fimdo
472 3167 928 3235 monasterium
972 3166 1317 3234 secundum
1358 3164 1643 3250 regulam
1691 3168 1755 3232 et
1796 3164 2081 3232 ordinem
2123 3165 2574 3234 monachorum

226 3285 295 3352 in
341 3304 510 3372 pago
554 3282 922 3351 Lummensi
965 3282 1317 3350 construxit
1370 3286 1436 3349 et
1488 3281 1566 3349 de
1618 3302 1732 3350 suo
1775 3284 1914 3350 iure
1959 3302 2033 3351 ac
2073 3282 2459 3371 proprietate
2503 3284 2572 3349 in

225 3401 327 3469 ius
378 3406 445 3468 et
487 3401 977 3468 dominationem
1022 3400 1265 3485 regiam
1310 3399 1500 3466 cessit
1544 3402 1608 3464 et
1648 3400 1975 3485 transegit.
2045 3399 2225 3479 Quod
2255 3404 2573 3467 monaste-

226 3518 400 3584 rium
445 3537 587 3585 cum
632 3517 924 3584 omnibus
969 3516 1356 3603 appendiciis
1402 3517 1534 3583 suis
1577 3517 1925 3604 imperator
1967 3516 2116 3584 Otto
2159 3516 2425 3603 primus,
2469 3516 2573 3584 cui

230 3635 270 3701 a
314 3634 565 3722 prefato
595 3634 845 3717 comite,
891 3653 1004 3699 suo
1046 3634 1266 3719 utique
1295 3633 1779 3719 consanguineo,
1826 3633 2127 3700 donatum
2154 3633 2380 3717 fuerat,
2424 3653 2573 3700 con-

228 3750 382 3817 tulit
409 3747 680 3817 Metensi
708 3748 1045 3817 aecclesiae
1074 3769 1190 3836 per
1216 3769 1476 3817 manum
1504 3749 1840 3817 Deoderici
1866 3749 2243 3817 venerabilis
2270 3746 2572 3817 Metensis

230 3867 544 3954 episcopi,
580 3866 700 3934 hac
744 3865 986 3933 scilicet
1038 3866 1418 3953 interposita
1468 3866 1737 3933 rationis
1794 3866 2223 3951 observantia,
2278 3871 2351 3933 ut
2403 3865 2572 3933 idem

227 3983 520 4072 pontifex
566 3983 880 4068 quendam
922 3982 1131 4049 locum
1166 3981 1527 4050 Hasteriam
1569 3983 1857 4068 nomine,
1904 3982 2056 4049 olim
2096 3983 2136 4049 a
2176 3981 2570 4049 sanctissimo

227 4100 675 4188 predecessore
721 4119 834 4166 suo
864 4098 1260 4166 Adelberone
1289 4099 1571 4167 antistite
1616 4120 1698 4167 ex
1736 4099 1995 4186 proprio
2023 4098 2391 4166 hereditatis
2433 4097 2571 4163 iure

231 4221 455 4283 sancto
506 4215 985 4304 prothomartiri
1034 4215 1352 4303 Stephano
1408 4216 1478 4282 in
1520 4213 1790 4284 Metensi
1848 4213 2151 4282 aecclesia
2193 4213 2570 4299 delegatum,

231 4332 599 4420 supradicto
630 4331 888 4400 cenobio
911 4332 1119 4417 gratia
1146 4331 1469 4431 solaminis
1499 4331 1840 4420 copularet,
1865 4335 1930 4398 et
1957 4330 2251 4416 quoniam
2281 4330 2575 4417 proxima

381 4489 423 4523 ι.
463 4475 780 4523 afnmuhtum
810 4494 850 4522 c.

383 4563 431 4617 1.
471 4560 542 4617 V.
566 4576 655 4632 ep.
677 4561 787 4625 290
821 4577 988 4632 supra
1020 4577 1076 4631 p.
1100 4561 1204 4616 417
1241 4577 1295 4617 n.
1321 4562 1376 4618 2.
