3319 5242
875 458 1170 505 wmALm
1212 457 1586 506 aprs'ronu:
1641 458 1745 505 123.
1783 460 1887 506 124.
2427 445 2551 511 197

243 616 431 663 omnes
472 596 540 665 in
585 599 984 665 concordiam
1027 600 1389 667 unanimem
1422 599 1667 688 Spiritu
1712 605 1927 667 sancto
1973 601 2291 670 mediante
2334 605 2553 672 redea-
2590 610 2730 666 1148

238 714 323 796 tis,
373 733 584 781 omnes
629 716 699 781 in
743 715 994 782 Christo
1040 716 1109 782 id
1151 717 1362 803 ipsum
1408 718 1693 804 sapiatis,
1747 738 1963 784 omnes
2008 739 2136 786 non
2180 722 2551 789 necessitate
2612 684 2710 731 ω’

236 829 415 896 solum
471 836 569 898 set
627 831 818 898 etiam
873 832 1196 899 voluntate
1250 833 1632 900 iussionibus
1679 834 1891 899 domni
1938 854 2143 921 papae
2189 856 2333 902 cum
2378 840 2548 905 omni

234 945 564 1014 obedientia
610 947 1074 1036 obtemperetis,
1144 947 1392 1016 Durum
1433 954 1531 1016 est
1559 956 1780 1017 contra
1809 950 2134 1018 stimulum
2165 953 2493 1021 calcitrare
2512 952 2546 1021 ¹.

207 2697 358 2763 malo
418 2710 562 2764 sunt
610 2698 902 2763 inchoata
948 2699 1285 2785 principio.
1368 2696 1620 2782 Valete‚
1694 2704 1758 2766 et
1804 2699 1881 2764 'in
1934 2700 2053 2766 hac
2107 2704 2240 2766 tam
2300 2699 2541 2768 difficili

205 2829 383 2879 causa
425 2813 629 2880 sancti
677 2812 952 2899 Spiritus
1000 2813 1155 2878 assit
1197 2814 1375 2880 vobis
1419 2815 1642 2897 gratia.

210 3042 368 3115 124.
416 3047 808 3113 stabulenses
850 3046 1202 3114 Wibaldum
1247 3049 1569 3112 comdant
1614 3048 1691 3112 de
1721 3046 2043 3134 sorndyiis
2083 3050 2160 3114 ab
2196 3046 2410 3113 odilia
2440 3071 2536 3114 ec·

401 3165 632 3229 clasiae
679 3164 938 3229 donatis.
2214 3161 2322 3242 (M.
2362 3164 2535 3243 103.)

366 3296 733 3364 Reverendo
779 3296 847 3361 in
878 3295 1128 3362 Christo
1173 3297 1346 3383 patri
1392 3301 1455 3362 et
1494 3296 1746 3362 domino
1768 3294 2109 3377 W(ibaldo)
2145 3294 2536 3364 Stabulensis
2575 3304 2716 3360 1148

201 3412 528 3480 aecclesiae
582 3411 931 3479 venerabili
990 3412 1203 3479 abbati
1261 3412 1517 3479 humilis
1566 3413 1846 3479 eiusdem
1894 3412 2232 3479 aecclesiae
2278 3432 2537 3497 congre-

200 3530 355 3611 gatio
401 3529 656 3597 fidelem
704 3528 1099 3596 dilectionem
1149 3533 1212 3595 et
1256 3530 1532 3596 debitam
1578 3550 1695 3616 per
1739 3530 1952 3595 omnia
1997 3529 2465 3597 subiectionem.

250 3705 253 3710 .
361 3646 699 3730 Memores,
753 3649 936 3732 pater
982 3645 1433 3730 amantissime,
1481 3647 1624 3732 piae
1669 3646 2076 3730 benignitatis
2118 3651 2368 3715 vestrae
2413 3666 2538 3733 qua

199 3763 436 3829 assidue
483 3762 917 3845 iocundamur‚
967 3766 1030 3829 et
1072 3783 1189 3849 pre
1234 3762 1427 3828 oculis
1460 3762 1716 3829 cottidie
1746 3762 2046 3829 habentes
2078 3769 2379 3850 paternae
2411 3765 2534 3831 sol-

199 3875 534 3946 licitudinis
582 3884 830 3945 vestrae
875 3883 1079 3945 certos
1125 3880 1365 3945 fructus
1413 3885 1475 3945 et
1520 3899 1771 3965 semper
1816 3878 2088 3945 valitura
2124 3882 2532 3966 monimenta,

199 3997 347 4078 quod
395 3995 608 4063 solum
651 4015 1007 4083 possumne,
1055 3996 1312 4062 calicem
1358 3995 1578 4062 salutis
1626 3996 1988 4082 accipiendo
2038 4001 2101 4062 et
2143 4018 2372 4064 nomen
2403 3998 2532 4064 Do·

197 4111 338 4178 mini
392 4112 782 4195 invocando,
843 4132 959 4198 pro
1014 4117 1226 4179 vestra
1269 4113 1701 4179 incolumitate
1745 4114 2097 4198 vestrisque
2144 4114 2531 4180 successibus

197 4226 409 4312 iugiter
456 4230 585 4296 Dei
640 4228 1139 4296 misericordiam
1191 4228 1507 4316 supplices
1554 4250 1908 4297 exoramus.
1980 4229 2133 4296 Inde
2178 4234 2304 4314 est,
2366 4230 2532 4314 quod

199 4346 591 4428 paternitatis
643 4349 892 4413 vestrae
937 4345 1323 4432 presentiam
1369 4346 1663 4414 continue
1709 4347 2167 4427 desideramus3
2222 4345 2369 4412 inde
2415 4350 2529 4431 est,

325 4502 364 4535 a..
405 4489 628 4536 dominus
661 4488 841 4535 addidi.

325 4577 374 4632 1.
411 4575 552 4632 Act.
576 4578 756 4644 apost.
782 4574 832 4644 9,
859 4573 913 4629 5.
984 4573 1035 4629 2.
1074 4574 1163 4630 Ps.
1192 4574 1277 4645 18,
1301 4575 1352 4631 7.
1426 4576 1477 4632 3.
1516 4572 1735 4632 Sallust.
1763 4573 1892 4645 lug.
1911 4573 1996 4629 10.
2067 4573 2449 4643 4.Ierem.1‘l‚
2474 4573 2524 4635 5.
