<?xml version="1.0" encoding="UTF-8"?>
<!DOCTYPE html PUBLIC "-//W3C//DTD XHTML 1.0 Transitional//EN"
    "http://www.w3.org/TR/xhtml1/DTD/xhtml1-transitional.dtd">
<html xmlns="http://www.w3.org/1999/xhtml" xml:lang="en" lang="en">
 <head>
  <title>
</title>
<meta http-equiv="Content-Type" content="text/html;charset=utf-8" />
  <meta name='ocr-system' content='tesseract 3.04.00' />
  <meta name='ocr-capabilities' content='ocr_page ocr_carea ocr_par ocr_line ocrx_word'/>
</head>
<body>
  <div class='ocr_page' id='page_1' title='image "./monumentacorbei00corvgoog_0017.png"; bbox 0 0 3319 5242; ppageno 0'>
   <div class='ocr_carea' id='block_1_1' title="bbox 734 1288 2101 1377">
    <p class='ocr_par' dir='ltr' id='par_1_1' title="bbox 734 1288 2101 1377">
     <span class='ocr_line' id='line_1_1' title="bbox 734 1288 2101 1377; baseline -0.002 -2"><span class='ocrx_word' id='word_1_1' title='bbox 734 1289 1382 1377; x_wconf 90' lang='lat' dir='ltr'>TRANSLATIO</span> <span class='ocrx_word' id='word_1_2' title='bbox 1453 1289 1814 1375; x_wconf 83' lang='lat' dir='ltr'><strong>SANCTI</strong></span> <span class='ocrx_word' id='word_1_3' title='bbox 1869 1288 2101 1375; x_wconf 87' lang='lat' dir='ltr'><strong>VITI.</strong></span> 
     </span>
    </p>
   </div>
   <div class='ocr_carea' id='block_1_2' title="bbox 259 1628 2603 2558">
    <p class='ocr_par' dir='ltr' id='par_1_2' title="bbox 259 1628 2603 2558">
     <span class='ocr_line' id='line_1_2' title="bbox 267 1628 2594 1744; baseline 0.003 -28"><span class='ocrx_word' id='word_1_4' title='bbox 267 1628 485 1721; x_wconf 78' lang='lat' dir='ltr'><strong><em>Allato</em></strong></span> <span class='ocrx_word' id='word_1_5' title='bbox 543 1678 709 1722; x_wconf 79' lang='lat' dir='ltr'><strong><em>anno</em></strong></span> <span class='ocrx_word' id='word_1_6' title='bbox 764 1656 899 1723; x_wconf 87' lang='grc'><strong><em>836</em></strong></span> <span class='ocrx_word' id='word_1_7' title='bbox 952 1659 1152 1722; x_wconf 74' lang='lat' dir='ltr'><strong><em>sancti</em></strong></span> <span class='ocrx_word' id='word_1_8' title='bbox 1192 1657 1316 1723; x_wconf 79' lang='lat' dir='ltr'><strong><em>Viti</em></strong></span> <span class='ocrx_word' id='word_1_9' title='bbox 1369 1680 1657 1744; x_wconf 63' lang='lat' dir='ltr'><strong><em>corpore,</em></strong></span> <span class='ocrx_word' id='word_1_10' title='bbox 1717 1680 1855 1723; x_wconf 79' lang='lat' dir='ltr'><strong><em>cum</em></strong></span> <span class='ocrx_word' id='word_1_11' title='bbox 1907 1657 2213 1722; x_wconf 80' lang='lat' dir='ltr'><strong><em>novellum</em></strong></span> <span class='ocrx_word' id='word_1_12' title='bbox 2273 1656 2594 1724; x_wconf 66' lang='lat' dir='ltr'><strong><em>Samoniae</em></strong></span> 
     </span>
     <span class='ocr_line' id='line_1_3' title="bbox 267 1772 2598 1861; baseline 0.002 -27"><span class='ocrx_word' id='word_1_13' title='bbox 267 1774 607 1838; x_wconf 77' lang='lat' dir='ltr'><strong><em>coenobium</em></strong></span> <span class='ocrx_word' id='word_1_14' title='bbox 637 1773 996 1839; x_wconf 76' lang='lat' dir='ltr'><strong><em>Corbeiense</em></strong></span> <span class='ocrx_word' id='word_1_15' title='bbox 1041 1784 1100 1838; x_wconf 84' lang='lat' dir='ltr'><strong><em>et</em></strong></span> <span class='ocrx_word' id='word_1_16' title='bbox 1126 1772 1317 1861; x_wconf 87' lang='lat' dir='ltr'><strong><em>fama</em></strong></span> <span class='ocrx_word' id='word_1_17' title='bbox 1359 1785 1653 1839; x_wconf 72' lang='lat' dir='ltr'><strong><em>cresceret</em></strong></span> <span class='ocrx_word' id='word_1_18' title='bbox 1682 1784 1741 1838; x_wconf 79' lang='lat' dir='ltr'><strong><em>et</em></strong></span> <span class='ocrx_word' id='word_1_19' title='bbox 1767 1774 2004 1860; x_wconf 73' lang='lat' dir='ltr'><strong><em>opibus,</em></strong></span> <span class='ocrx_word' id='word_1_20' title='bbox 2051 1797 2230 1839; x_wconf 79' lang='lat' dir='ltr'><strong><em>suum</em></strong></span> <span class='ocrx_word' id='word_1_21' title='bbox 2262 1797 2387 1839; x_wconf 79' lang='lat' dir='ltr'><strong><em>esse</em></strong></span> <span class='ocrx_word' id='word_1_22' title='bbox 2419 1774 2598 1839; x_wconf 73' lang='lat' dir='ltr'><strong><em>duxit</em></strong></span> 
     </span>
     <span class='ocr_line' id='line_1_4' title="bbox 262 1883 2598 1978; baseline 0.002 -28"><span class='ocrx_word' id='word_1_23' title='bbox 262 1887 474 1953; x_wconf 70' lang='lat' dir='ltr'><strong><em>sodalis</em></strong></span> <span class='ocrx_word' id='word_1_24' title='bbox 518 1889 792 1954; x_wconf 74' lang='lat' dir='ltr'><strong><em>eiusdem</em></strong></span> <span class='ocrx_word' id='word_1_25' title='bbox 836 1890 1078 1976; x_wconf 75' lang='lat' dir='ltr'><strong><em>colleyii</em></strong></span> <span class='ocrx_word' id='word_1_26' title='bbox 1093 1883 1111 1915; x_wconf 86' lang='lat'>¹</span> <span class='ocrx_word' id='word_1_27' title='bbox 1150 1889 1391 1978; x_wconf 83' lang='lat' dir='ltr'><strong><em>referre</em></strong></span> <span class='ocrx_word' id='word_1_28' title='bbox 1435 1889 1551 1954; x_wconf 76' lang='lat' dir='ltr'><strong><em>hoc</em></strong></span> <span class='ocrx_word' id='word_1_29' title='bbox 1594 1890 1818 1971; x_wconf 82' lang='lat' dir='ltr'><strong><em>libello,</em></strong></span> <span class='ocrx_word' id='word_1_30' title='bbox 1871 1911 1992 1977; x_wconf 78' lang='lat' dir='ltr'><strong><em>quo</em></strong></span> <span class='ocrx_word' id='word_1_31' title='bbox 2033 1901 2221 1976; x_wconf 78' lang='lat' dir='ltr'><strong><em>pacto</em></strong></span> <span class='ocrx_word' id='word_1_32' title='bbox 2267 1891 2334 1954; x_wconf 78' lang='lat' dir='ltr'><strong><em>in</em></strong></span> <span class='ocrx_word' id='word_1_33' title='bbox 2377 1892 2598 1956; x_wconf 75' lang='lat' dir='ltr'><strong><em>mediis</em></strong></span> 
     </span>
     <span class='ocr_line' id='line_1_5' title="bbox 267 1999 2597 2096; baseline 0.001 -28"><span class='ocrx_word' id='word_1_34' title='bbox 267 1999 610 2070; x_wconf 61' lang='lat' dir='ltr'><strong><em>Semonibus</em></strong></span> <span class='ocrx_word' id='word_1_35' title='bbox 655 2004 1067 2070; x_wconf 72' lang='lat' dir='ltr'><strong><em>Christianam</em></strong></span> <span class='ocrx_word' id='word_1_36' title='bbox 1107 2006 1309 2096; x_wconf 84' lang='lat' dir='ltr'><strong><em>fidem</em></strong></span> <span class='ocrx_word' id='word_1_37' title='bbox 1365 2029 1569 2092; x_wconf 79' lang='lat' dir='ltr'><strong><em>nuper</em></strong></span> <span class='ocrx_word' id='word_1_38' title='bbox 1625 2006 1931 2093; x_wconf 72' lang='lat' dir='ltr'><strong><em>amplexis</em></strong></span> <span class='ocrx_word' id='word_1_39' title='bbox 1978 2007 2239 2073; x_wconf 84' lang='lat' dir='ltr'><strong><em>Corbeia</em></strong></span> <span class='ocrx_word' id='word_1_40' title='bbox 2297 2018 2448 2072; x_wconf 80' lang='lat' dir='ltr'><strong><em>esset</em></strong></span> <span class='ocrx_word' id='word_1_41' title='bbox 2499 2009 2597 2073; x_wconf 83' lang='lat' dir='ltr'><strong><em>in-</em></strong></span> 
     </span>
     <span class='ocr_line' id='line_1_6' title="bbox 261 2108 2597 2188; baseline 0.003 -8"><span class='ocrx_word' id='word_1_42' title='bbox 261 2113 485 2185; x_wconf 75' lang='lat' dir='ltr'><strong><em>stituta²</em></strong></span> <span class='ocrx_word' id='word_1_43' title='bbox 534 2132 597 2185; x_wconf 78' lang='lat' dir='ltr'><strong><em>et</em></strong></span> <span class='ocrx_word' id='word_1_44' title='bbox 636 2108 748 2186; x_wconf 79' lang='lat' dir='ltr'><strong><em>illa</em></strong></span> <span class='ocrx_word' id='word_1_45' title='bbox 791 2132 1005 2186; x_wconf 78' lang='lat' dir='ltr'><strong><em>sancta</em></strong></span> <span class='ocrx_word' id='word_1_46' title='bbox 1051 2144 1191 2186; x_wconf 79' lang='lat' dir='ltr'><strong><em>ossa</em></strong></span> <span class='ocrx_word' id='word_1_47' title='bbox 1238 2145 1314 2187; x_wconf 67' lang='lat' dir='ltr'><strong><em>eat</em></strong></span> <span class='ocrx_word' id='word_1_48' title='bbox 1348 2121 1560 2188; x_wconf 85' lang='lat' dir='ltr'><strong><em>Gallia</em></strong></span> <span class='ocrx_word' id='word_1_49' title='bbox 1606 2123 1674 2186; x_wconf 81' lang='lat' dir='ltr'><strong><em>in</em></strong></span> <span class='ocrx_word' id='word_1_50' title='bbox 1716 2123 1923 2187; x_wconf 79' lang='lat' dir='ltr'><strong><em>sedem</em></strong></span> <span class='ocrx_word' id='word_1_51' title='bbox 1967 2146 2193 2188; x_wconf 75' lang='lat' dir='ltr'><strong><em>novam</em></strong></span> <span class='ocrx_word' id='word_1_52' title='bbox 2239 2123 2541 2187; x_wconf 76' lang='lat' dir='ltr'><strong><em>translata</em></strong></span> <span class='ocrx_word' id='word_1_53' title='bbox 2554 2113 2597 2186; x_wconf 84' lang='lat'><strong><em>⁸.</em></strong></span> 
     </span>
     <span class='ocr_line' id='line_1_7' title="bbox 263 2231 2599 2326; baseline 0.002 -28"><span class='ocrx_word' id='word_1_54' title='bbox 263 2233 437 2300; x_wconf 75' lang='lat' dir='ltr'><strong><em>Cuius</em></strong></span> <span class='ocrx_word' id='word_1_55' title='bbox 479 2237 733 2325; x_wconf 81' lang='lat' dir='ltr'><strong><em>quidem</em></strong></span> <span class='ocrx_word' id='word_1_56' title='bbox 785 2238 1023 2302; x_wconf 78' lang='lat' dir='ltr'><strong><em>itineris</em></strong></span> <span class='ocrx_word' id='word_1_57' title='bbox 1073 2239 1274 2302; x_wconf 78' lang='lat' dir='ltr'><strong><em>socius</em></strong></span> <span class='ocrx_word' id='word_1_58' title='bbox 1303 2237 1442 2325; x_wconf 78' lang='lat' dir='ltr'><strong><em>suit</em></strong></span> <span class='ocrx_word' id='word_1_59' title='bbox 1483 2240 1567 2320; x_wconf 77' lang='lat' dir='ltr'><strong><em>is,</em></strong></span> <span class='ocrx_word' id='word_1_60' title='bbox 1628 2241 1738 2326; x_wconf 78' lang='lat' dir='ltr'><strong><em>qui</em></strong></span> <span class='ocrx_word' id='word_1_61' title='bbox 1767 2237 2077 2325; x_wconf 79' lang='lat' dir='ltr'><strong><em>formavit</em></strong></span> <span class='ocrx_word' id='word_1_62' title='bbox 2118 2231 2599 2319; x_wconf 77' lang='lat' dir='ltr'><strong><em>narrationem⁴‚</em></strong></span> 
     </span>
     <span class='ocr_line' id='line_1_8' title="bbox 262 2353 2603 2441; baseline 0.001 -26"><span class='ocrx_word' id='word_1_63' title='bbox 262 2371 529 2439; x_wconf 76' lang='lat' dir='ltr'><strong><em>quaeque</em></strong></span> <span class='ocrx_word' id='word_1_64' title='bbox 588 2354 897 2418; x_wconf 79' lang='lat' dir='ltr'><strong><em>miracula</em></strong></span> <span class='ocrx_word' id='word_1_65' title='bbox 955 2355 1021 2418; x_wconf 81' lang='lat' dir='ltr'><strong><em>in</em></strong></span> <span class='ocrx_word' id='word_1_66' title='bbox 1079 2356 1182 2418; x_wconf 80' lang='lat' dir='ltr'><strong><em>via</em></strong></span> <span class='ocrx_word' id='word_1_67' title='bbox 1221 2353 1409 2440; x_wconf 75' lang='lat' dir='ltr'><strong><em>facta</em></strong></span> <span class='ocrx_word' id='word_1_68' title='bbox 1455 2365 1565 2419; x_wconf 78' lang='lat' dir='ltr'><strong><em>aut</em></strong></span> <span class='ocrx_word' id='word_1_69' title='bbox 1607 2355 1856 2419; x_wconf 73' lang='lat' dir='ltr'><strong><em>vidisset</em></strong></span> <span class='ocrx_word' id='word_1_70' title='bbox 1897 2356 2032 2441; x_wconf 79' lang='lat' dir='ltr'><strong><em>ipse</em></strong></span> <span class='ocrx_word' id='word_1_71' title='bbox 2078 2365 2189 2419; x_wconf 79' lang='lat' dir='ltr'><strong><em>aut</em></strong></span> <span class='ocrx_word' id='word_1_72' title='bbox 2231 2377 2308 2418; x_wconf 74' lang='lat' dir='ltr'><strong><em>ex</em></strong></span> <span class='ocrx_word' id='word_1_73' title='bbox 2353 2354 2603 2419; x_wconf 78' lang='lat' dir='ltr'><strong><em>arbitris</em></strong></span> 
     </span>
     <span class='ocr_line' id='line_1_9' title="bbox 259 2469 2603 2558; baseline 0.002 -30"><span class='ocrx_word' id='word_1_74' title='bbox 259 2470 670 2553; x_wconf 76' lang='lat' dir='ltr'><strong><em>comperisset,</em></strong></span> <span class='ocrx_word' id='word_1_75' title='bbox 729 2490 803 2532; x_wconf 85' lang='lat' dir='ltr'><strong><em>ea</em></strong></span> <span class='ocrx_word' id='word_1_76' title='bbox 846 2492 911 2532; x_wconf 79' lang='lat' dir='ltr'><strong><em>se</em></strong></span> <span class='ocrx_word' id='word_1_77' title='bbox 955 2469 1162 2534; x_wconf 77' lang='lat' dir='ltr'><strong><em>retulit</em></strong></span> <span class='ocrx_word' id='word_1_78' title='bbox 1203 2470 1448 2555; x_wconf 66' lang='lat' dir='ltr'><strong><em>scriptis</em></strong></span> <span class='ocrx_word' id='word_1_79' title='bbox 1490 2471 1911 2551; x_wconf 69' lang='lat' dir='ltr'><strong><em>mandavisse,</em></strong></span> <span class='ocrx_word' id='word_1_80' title='bbox 1967 2492 2232 2558; x_wconf 76' lang='lat' dir='ltr'><strong><em>ususque</em></strong></span> <span class='ocrx_word' id='word_1_81' title='bbox 2267 2480 2603 2556; x_wconf 78' lang='lat' dir='ltr'><strong><em>praeterea</em></strong></span> 
     </span>
    </p>
   </div>
   <div class='ocr_carea' id='block_1_3' title="bbox 258 2582 2607 2689">
    <p class='ocr_par' dir='ltr' id='par_1_3' title="bbox 258 2582 2607 2689">
     <span class='ocr_line' id='line_1_10' title="bbox 258 2582 2607 2689; baseline 0.002 -44"><span class='ocrx_word' id='word_1_82' title='bbox 258 2592 338 2646; x_wconf 76' lang='lat' dir='ltr'><strong><em>est</em></strong></span> <span class='ocrx_word' id='word_1_83' title='bbox 376 2584 683 2650; x_wconf 76' lang='lat' dir='ltr'><strong><em>Passione</em></strong></span> <span class='ocrx_word' id='word_1_84' title='bbox 715 2582 781 2650; x_wconf 87' lang='lat' dir='ltr'><strong><em>S.</em></strong></span> <span class='ocrx_word' id='word_1_85' title='bbox 820 2584 960 2666; x_wconf 81' lang='lat' dir='ltr'><strong><em>Viti,</em></strong></span> <span class='ocrx_word' id='word_1_86' title='bbox 1006 2584 1331 2689; x_wconf 48' lang='lat' dir='ltr'><strong><em>Iffascliasii</em></strong></span> <span class='ocrx_word' id='word_1_87' title='bbox 1358 2585 1667 2652; x_wconf 77' lang='lat' dir='ltr'><strong><em>Radberti</em></strong></span> <span class='ocrx_word' id='word_1_88' title='bbox 1703 2586 1840 2652; x_wconf 81' lang='lat' dir='ltr'><strong><em>Vita</em></strong></span> <span class='ocrx_word' id='word_1_89' title='bbox 1872 2584 2246 2667; x_wconf 71' lang='lat' dir='ltr'><strong><em>Adathardi,</em></strong></span> <span class='ocrx_word' id='word_1_90' title='bbox 2297 2584 2607 2650; x_wconf 79' lang='lat' dir='ltr'><strong><em>Ludovici</em></strong></span> 
     </span>
    </p>
   </div>
   <div class='ocr_carea' id='block_1_4' title="bbox 245 2695 2608 3254">
    <p class='ocr_par' dir='ltr' id='par_1_4' title="bbox 245 2695 2608 3254">
     <span class='ocr_line' id='line_1_11' title="bbox 256 2695 2602 2790; baseline 0.001 -28"><span class='ocrx_word' id='word_1_91' title='bbox 256 2697 353 2763; x_wconf 88' lang='lat' dir='ltr'><strong><em>Pii</em></strong></span> <span class='ocrx_word' id='word_1_92' title='bbox 382 2701 783 2787; x_wconf 77' lang='lat' dir='ltr'><strong><em>imperatoris</em></strong></span> <span class='ocrx_word' id='word_1_93' title='bbox 813 2701 1265 2787; x_wconf 68' lang='lat' dir='ltr'><strong><em>diplomatibus.</em></strong></span> <span class='ocrx_word' id='word_1_94' title='bbox 1334 2703 1558 2790; x_wconf 79' lang='lat' dir='ltr'><strong><em>Neque</em></strong></span> <span class='ocrx_word' id='word_1_95' title='bbox 1589 2703 1937 2767; x_wconf 77' lang='lat' dir='ltr'><strong><em>audiendus</em></strong></span> <span class='ocrx_word' id='word_1_96' title='bbox 1969 2714 2055 2767; x_wconf 80' lang='lat' dir='ltr'><strong><em>est</em></strong></span> <span class='ocrx_word' id='word_1_97' title='bbox 2082 2695 2602 2789; x_wconf 76' lang='lat' dir='ltr'><strong><em>Papebrochius⁵‚</em></strong></span> 
     </span>
     <span class='ocr_line' id='line_1_12' title="bbox 253 2817 2604 2905; baseline 0 -24"><span class='ocrx_word' id='word_1_98' title='bbox 253 2817 381 2900; x_wconf 77' lang='lat' dir='ltr'><strong><em>qui,</em></strong></span> <span class='ocrx_word' id='word_1_99' title='bbox 439 2818 651 2882; x_wconf 76' lang='lat' dir='ltr'><strong><em>nescio</em></strong></span> <span class='ocrx_word' id='word_1_100' title='bbox 699 2839 824 2904; x_wconf 82' lang='lat' dir='ltr'><strong><em>qua</em></strong></span> <span class='ocrx_word' id='word_1_101' title='bbox 857 2829 1160 2905; x_wconf 77' lang='lat' dir='ltr'><strong><em>percepta</em></strong></span> <span class='ocrx_word' id='word_1_102' title='bbox 1205 2819 1503 2883; x_wconf 76' lang='lat' dir='ltr'><strong><em>sermonis</em></strong></span> <span class='ocrx_word' id='word_1_103' title='bbox 1548 2819 1926 2899; x_wconf 76' lang='lat' dir='ltr'><strong><em>diversitate,</em></strong></span> <span class='ocrx_word' id='word_1_104' title='bbox 1978 2842 2018 2883; x_wconf 90' lang='lat' dir='ltr'><strong><em>a</em></strong></span> <span class='ocrx_word' id='word_1_105' title='bbox 2066 2819 2302 2883; x_wconf 76' lang='lat' dir='ltr'><strong><em>duobus</em></strong></span> <span class='ocrx_word' id='word_1_106' title='bbox 2344 2819 2604 2904; x_wconf 77' lang='lat' dir='ltr'><strong><em>scripto-</em></strong></span> 
     </span>
     <span class='ocr_line' id='line_1_13' title="bbox 254 2932 2608 3021; baseline 0 -25"><span class='ocrx_word' id='word_1_107' title='bbox 254 2932 417 2996; x_wconf 69' lang='lat' dir='ltr'><strong><em>ribus</em></strong></span> <span class='ocrx_word' id='word_1_108' title='bbox 460 2933 584 2997; x_wconf 74' lang='lat' dir='ltr'><strong><em>boc</em></strong></span> <span class='ocrx_word' id='word_1_109' title='bbox 629 2934 989 3019; x_wconf 76' lang='lat' dir='ltr'><strong><em>opusculum</em></strong></span> <span class='ocrx_word' id='word_1_110' title='bbox 1035 2945 1232 2999; x_wconf 77' lang='lat' dir='ltr'><strong><em>censet</em></strong></span> <span class='ocrx_word' id='word_1_111' title='bbox 1261 2933 1511 3021; x_wconf 79' lang='lat' dir='ltr'><strong><em>sactum</em></strong></span> <span class='ocrx_word' id='word_1_112' title='bbox 1559 2957 1704 3015; x_wconf 78' lang='lat' dir='ltr'><strong><em>esse,</em></strong></span> <span class='ocrx_word' id='word_1_113' title='bbox 1755 2945 1812 2998; x_wconf 78' lang='lat' dir='ltr'><strong><em>et</em></strong></span> <span class='ocrx_word' id='word_1_114' title='bbox 1838 2936 2098 2998; x_wconf 77' lang='lat' dir='ltr'><strong><em>maioris</em></strong></span> <span class='ocrx_word' id='word_1_115' title='bbox 2129 2934 2377 3021; x_wconf 82' lang='lat' dir='ltr'><strong><em>quidem</em></strong></span> <span class='ocrx_word' id='word_1_116' title='bbox 2408 2943 2608 2997; x_wconf 82' lang='lat' dir='ltr'><strong><em>aetate</em></strong></span> 
     </span>
     <span class='ocr_line' id='line_1_14' title="bbox 245 3048 2606 3137; baseline 0.001 -27"><span class='ocrx_word' id='word_1_117' title='bbox 245 3051 656 3130; x_wconf 76' lang='lat' dir='ltr'><strong><em>posteriorem</em></strong></span> <span class='ocrx_word' id='word_1_118' title='bbox 700 3050 889 3115; x_wconf 80' lang='lat' dir='ltr'><strong><em>libelli</em></strong></span> <span class='ocrx_word' id='word_1_119' title='bbox 920 3061 1172 3137; x_wconf 80' lang='lat' dir='ltr'><strong><em>partem</em></strong></span> <span class='ocrx_word' id='word_1_120' title='bbox 1219 3074 1345 3115; x_wconf 79' lang='lat' dir='ltr'><strong><em>esse</em></strong></span> <span class='ocrx_word' id='word_1_121' title='bbox 1390 3049 1467 3114; x_wconf 86' lang='lat' dir='ltr'><strong><em>de</em></strong></span> <span class='ocrx_word' id='word_1_122' title='bbox 1511 3051 1651 3135; x_wconf 78' lang='lat' dir='ltr'><strong><em>ipsa</em></strong></span> <span class='ocrx_word' id='word_1_123' title='bbox 1701 3048 1767 3114; x_wconf 86' lang='lat' dir='ltr'><strong><em>S.</em></strong></span> <span class='ocrx_word' id='word_1_124' title='bbox 1807 3049 1932 3114; x_wconf 78' lang='lat' dir='ltr'><strong><em>Viti</em></strong></span> <span class='ocrx_word' id='word_1_125' title='bbox 1974 3050 2373 3114; x_wconf 77' lang='lat' dir='ltr'><strong><em>translatione</em></strong></span> <span class='ocrx_word' id='word_1_126' title='bbox 2418 3070 2606 3134; x_wconf 75' lang='lat' dir='ltr'><strong><em>aym-</em></strong></span> 
     </span>
     <span class='ocr_line' id='line_1_15' title="bbox 250 3163 2607 3254; baseline 0.001 -28"><span class='ocrx_word' id='word_1_127' title='bbox 250 3172 395 3245; x_wconf 80' lang='lat' dir='ltr'><strong><em>lem,</em></strong></span> <span class='ocrx_word' id='word_1_128' title='bbox 459 3166 726 3230; x_wconf 76' lang='lat' dir='ltr'><strong><em>minoris</em></strong></span> <span class='ocrx_word' id='word_1_129' title='bbox 773 3167 1052 3252; x_wconf 79' lang='lat' dir='ltr'><strong><em>priorem</em></strong></span> <span class='ocrx_word' id='word_1_130' title='bbox 1100 3166 1458 3254; x_wconf 82' lang='lat' dir='ltr'><strong><em>primordia</em></strong></span> <span class='ocrx_word' id='word_1_131' title='bbox 1517 3165 1796 3230; x_wconf 82' lang='lat' dir='ltr'><strong><em>coenobii</em></strong></span> <span class='ocrx_word' id='word_1_132' title='bbox 1850 3165 2252 3252; x_wconf 74' lang='lat' dir='ltr'><strong><em>complexam.</em></strong></span> <span class='ocrx_word' id='word_1_133' title='bbox 2342 3163 2437 3230; x_wconf 81' lang='lat' dir='ltr'><strong><em>Et</em></strong></span> <span class='ocrx_word' id='word_1_134' title='bbox 2490 3166 2607 3229; x_wconf 77' lang='lat' dir='ltr'><strong><em>ista</em></strong></span> 
     </span>
    </p>
   </div>
   <div class='ocr_carea' id='block_1_5' title="bbox 242 3317 2616 4716">
    <p class='ocr_par' dir='ltr' id='par_1_5' title="bbox 242 3317 2616 4635">
     <span class='ocr_line' id='line_1_16' title="bbox 391 3317 2609 3390; baseline -0 -16"><span class='ocrx_word' id='word_1_135' title='bbox 391 3321 444 3374; x_wconf 91' lang='lat'><strong><em>1.</em></strong></span> <span class='ocrx_word' id='word_1_136' title='bbox 485 3320 707 3376; x_wconf 84' lang='lat' dir='ltr'><strong><em>Etenim</em></strong></span> <span class='ocrx_word' id='word_1_137' title='bbox 737 3325 865 3389; x_wconf 87' lang='lat' dir='ltr'><strong><em>post</em></strong></span> <span class='ocrx_word' id='word_1_138' title='bbox 888 3321 993 3376; x_wconf 88' lang='grc'><strong><em>836</em></strong></span> <span class='ocrx_word' id='word_1_139' title='bbox 1031 3320 1156 3376; x_wconf 92' lang='lat' dir='ltr'><strong><em>Iuli.</em></strong></span> <span class='ocrx_word' id='word_1_140' title='bbox 1185 3323 1212 3375; x_wconf 93' lang='lat'>1</span> <span class='ocrx_word' id='word_1_141' title='bbox 1253 3321 1489 3390; x_wconf 77' lang='lat' dir='ltr'><strong><em>scriptor</em></strong></span> <span class='ocrx_word' id='word_1_142' title='bbox 1513 3320 1828 3376; x_wconf 76' lang='lat' dir='ltr'><strong><em>corbeiam:</em></strong></span> <span class='ocrx_word' id='word_1_143' title='bbox 1866 3325 2154 3390; x_wconf 83' lang='lat' dir='ltr'><strong><em>„nostrum</em></strong></span> <span class='ocrx_word' id='word_1_144' title='bbox 2180 3317 2609 3375; x_wconf 83' lang='lat' dir='ltr'><strong><em>monasterium“</em></strong></span> 
     </span>
     <span class='ocr_line' id='line_1_17' title="bbox 250 3406 2609 3479; baseline 0.001 -19"><span class='ocrx_word' id='word_1_145' title='bbox 250 3409 518 3476; x_wconf 82' lang='lat' dir='ltr'><strong><em>appellat.</em></strong></span> <span class='ocrx_word' id='word_1_146' title='bbox 559 3407 642 3465; x_wconf 84' lang='lat' dir='ltr'><strong><em>Cf.</em></strong></span> <span class='ocrx_word' id='word_1_147' title='bbox 670 3426 723 3463; x_wconf 92' lang='lat' dir='ltr'><strong><em>n.</em></strong></span> <span class='ocrx_word' id='word_1_148' title='bbox 746 3411 798 3464; x_wconf 85' lang='lat'><strong><em>4.</em></strong></span> <span class='ocrx_word' id='word_1_149' title='bbox 918 3411 971 3465; x_wconf 82' lang='lat'><strong><em>2.</em></strong></span> <span class='ocrx_word' id='word_1_150' title='bbox 1007 3409 1134 3466; x_wconf 82' lang='lat' dir='ltr'><strong><em>vid.</em></strong></span> <span class='ocrx_word' id='word_1_151' title='bbox 1166 3407 1310 3465; x_wconf 86' lang='lat' dir='ltr'><strong><em>infra</em></strong></span> <span class='ocrx_word' id='word_1_152' title='bbox 1332 3426 1389 3479; x_wconf 90' lang='lat' dir='ltr'><strong><em>p.</em></strong></span> <span class='ocrx_word' id='word_1_153' title='bbox 1408 3410 1469 3464; x_wconf 85' lang='lat'><strong><em>4:</em></strong></span> <span class='ocrx_word' id='word_1_154' title='bbox 1508 3409 1795 3479; x_wconf 80' lang='lat' dir='ltr'><strong><em>„Qualiter</em></strong></span> <span class='ocrx_word' id='word_1_155' title='bbox 1818 3409 2059 3479; x_wconf 87' lang='lat' dir='ltr'><strong><em>denique</em></strong></span> <span class='ocrx_word' id='word_1_156' title='bbox 2079 3408 2326 3465; x_wconf 79' lang='lat' dir='ltr'><strong><em>Saxones</em></strong></span> <span class='ocrx_word' id='word_1_157' title='bbox 2349 3408 2420 3464; x_wconf 89' lang='lat' dir='ltr'><strong><em>ad</em></strong></span> <span class='ocrx_word' id='word_1_158' title='bbox 2443 3406 2609 3463; x_wconf 87' lang='lat' dir='ltr'><strong><em>fidem</em></strong></span> 
     </span>
     <span class='ocr_line' id='line_1_18' title="bbox 250 3497 2612 3568; baseline 0.001 -20"><span class='ocrx_word' id='word_1_159' title='bbox 250 3501 415 3565; x_wconf 77' lang='lat' dir='ltr'><strong><em>atque</em></strong></span> <span class='ocrx_word' id='word_1_160' title='bbox 453 3499 529 3554; x_wconf 77' lang='lat' dir='ltr'><strong><em>ad</em></strong></span> <span class='ocrx_word' id='word_1_161' title='bbox 567 3498 905 3568; x_wconf 81' lang='lat' dir='ltr'><strong><em>agnitionem</em></strong></span> <span class='ocrx_word' id='word_1_162' title='bbox 942 3498 1194 3554; x_wconf 81' lang='lat' dir='ltr'><strong><em>veritatis</em></strong></span> <span class='ocrx_word' id='word_1_163' title='bbox 1229 3499 1480 3554; x_wconf 82' lang='lat' dir='ltr'><strong><em>converti</em></strong></span> <span class='ocrx_word' id='word_1_164' title='bbox 1517 3498 1816 3568; x_wconf 87' lang='lat' dir='ltr'><strong><em>potuerint,</em></strong></span> <span class='ocrx_word' id='word_1_165' title='bbox 1857 3498 2100 3554; x_wconf 79' lang='lat' dir='ltr'><strong><em>breviter</em></strong></span> <span class='ocrx_word' id='word_1_166' title='bbox 2133 3498 2190 3552; x_wconf 91' lang='lat' dir='ltr'><strong><em>in</em></strong></span> <span class='ocrx_word' id='word_1_167' title='bbox 2228 3497 2484 3568; x_wconf 80' lang='lat' dir='ltr'><strong><em>sequenti</em></strong></span> <span class='ocrx_word' id='word_1_168' title='bbox 2518 3513 2612 3552; x_wconf 85' lang='lat' dir='ltr'><strong><em>an-</em></strong></span> 
     </span>
     <span class='ocr_line' id='line_1_19' title="bbox 248 3586 2612 3657; baseline 0.001 -20"><span class='ocrx_word' id='word_1_169' title='bbox 248 3591 476 3642; x_wconf 76' lang='lat' dir='ltr'><strong><em>nectere</em></strong></span> <span class='ocrx_word' id='word_1_170' title='bbox 525 3586 659 3642; x_wconf 87' lang='lat' dir='ltr'><strong><em>huie</em></strong></span> <span class='ocrx_word' id='word_1_171' title='bbox 704 3587 970 3657; x_wconf 85' lang='lat' dir='ltr'><strong><em>opusculo</em></strong></span> <span class='ocrx_word' id='word_1_172' title='bbox 1017 3586 1247 3642; x_wconf 81' lang='lat' dir='ltr'><strong><em>curavi“</em></strong></span> <span class='ocrx_word' id='word_1_173' title='bbox 1296 3618 1362 3627; x_wconf 95' lang='lat'><strong>—</strong></span> <span class='ocrx_word' id='word_1_174' title='bbox 1411 3603 1465 3656; x_wconf 90' lang='lat' dir='ltr'><strong><em>p.</em></strong></span> <span class='ocrx_word' id='word_1_175' title='bbox 1502 3588 1563 3642; x_wconf 84' lang='lat'><strong><em>6:</em></strong></span> <span class='ocrx_word' id='word_1_176' title='bbox 1611 3587 1879 3657; x_wconf 84' lang='lat' dir='ltr'><strong><em>„dignum</em></strong></span> <span class='ocrx_word' id='word_1_177' title='bbox 1926 3587 2213 3656; x_wconf 85' lang='lat' dir='ltr'><strong><em>duximus,</em></strong></span> <span class='ocrx_word' id='word_1_178' title='bbox 2259 3591 2324 3642; x_wconf 89' lang='lat' dir='ltr'><strong><em>ut</em></strong></span> <span class='ocrx_word' id='word_1_179' title='bbox 2368 3586 2437 3642; x_wconf 89' lang='lat' dir='ltr'><strong><em>de</em></strong></span> <span class='ocrx_word' id='word_1_180' title='bbox 2491 3587 2612 3641; x_wconf 88' lang='lat' dir='ltr'><strong><em>eius</em></strong></span> 
     </span>
     <span class='ocr_line' id='line_1_20' title="bbox 250 3675 2611 3745; baseline 0.001 -19"><span class='ocrx_word' id='word_1_181' title='bbox 250 3676 577 3740; x_wconf 83' lang='lat' dir='ltr'><strong><em>monasterii</em></strong></span> <span class='ocrx_word' id='word_1_182' title='bbox 624 3677 1037 3732; x_wconf 84' lang='lat' dir='ltr'><strong><em>construetione</em></strong></span> <span class='ocrx_word' id='word_1_183' title='bbox 1085 3706 1152 3716; x_wconf 94' lang='lat'>—</span> <span class='ocrx_word' id='word_1_184' title='bbox 1200 3675 1409 3745; x_wconf 90' lang='lat' dir='ltr'><strong><em>aliquid</em></strong></span> <span class='ocrx_word' id='word_1_185' title='bbox 1463 3676 1706 3731; x_wconf 86' lang='lat' dir='ltr'><strong><em>breviter</em></strong></span> <span class='ocrx_word' id='word_1_186' title='bbox 1751 3676 2002 3732; x_wconf 84' lang='lat' dir='ltr'><strong><em>dieamus</em></strong></span> <span class='ocrx_word' id='word_1_187' title='bbox 2014 3677 2058 3731; x_wconf 85' lang='lat'><strong><em>“.</em></strong></span> <span class='ocrx_word' id='word_1_188' title='bbox 2203 3679 2255 3731; x_wconf 87' lang='grc'><strong><em>3.</em></strong></span> <span class='ocrx_word' id='word_1_189' title='bbox 2301 3675 2428 3732; x_wconf 87' lang='lat' dir='ltr'><strong><em>vid.</em></strong></span> <span class='ocrx_word' id='word_1_190' title='bbox 2467 3692 2524 3745; x_wconf 91' lang='lat' dir='ltr'><strong><em>p.</em></strong></span> <span class='ocrx_word' id='word_1_191' title='bbox 2549 3676 2611 3730; x_wconf 76' lang='lat'><strong><em>6:</em></strong></span> 
     </span>
     <span class='ocr_line' id='line_1_21' title="bbox 247 3763 2613 3836; baseline 0 -18"><span class='ocrx_word' id='word_1_192' title='bbox 247 3763 356 3831; x_wconf 81' lang='lat' dir='ltr'><strong><em>„ad</em></strong></span> <span class='ocrx_word' id='word_1_193' title='bbox 394 3764 529 3833; x_wconf 86' lang='lat' dir='ltr'><strong><em>hoe,</em></strong></span> <span class='ocrx_word' id='word_1_194' title='bbox 567 3765 803 3834; x_wconf 83' lang='lat' dir='ltr'><strong><em>qualiter</em></strong></span> <span class='ocrx_word' id='word_1_195' title='bbox 838 3781 1038 3834; x_wconf 84' lang='lat' dir='ltr'><strong><em>eorpus</em></strong></span> <span class='ocrx_word' id='word_1_196' title='bbox 1074 3766 1251 3820; x_wconf 87' lang='lat' dir='ltr'><strong><em>saneti</em></strong></span> <span class='ocrx_word' id='word_1_197' title='bbox 1289 3765 1546 3836; x_wconf 85' lang='lat' dir='ltr'><strong><em>martyris</em></strong></span> <span class='ocrx_word' id='word_1_198' title='bbox 1581 3764 1835 3834; x_wconf 85' lang='lat' dir='ltr'><strong><em>partibus</em></strong></span> <span class='ocrx_word' id='word_1_199' title='bbox 1872 3764 2142 3821; x_wconf 83' lang='lat' dir='ltr'><strong><em>Saxoniae</em></strong></span> <span class='ocrx_word' id='word_1_200' title='bbox 2177 3765 2503 3820; x_wconf 84' lang='lat' dir='ltr'><strong><em>translatum</em></strong></span> <span class='ocrx_word' id='word_1_201' title='bbox 2539 3764 2613 3818; x_wconf 87' lang='lat' dir='ltr'><strong><em>sit</em></strong></span> 
     </span>
     <span class='ocr_line' id='line_1_22' title="bbox 248 3851 2614 3924; baseline 0.001 -19"><span class='ocrx_word' id='word_1_202' title='bbox 248 3851 336 3906; x_wconf 77' lang='lat' dir='ltr'><strong><em>vel</em></strong></span> <span class='ocrx_word' id='word_1_203' title='bbox 374 3854 625 3923; x_wconf 80' lang='lat' dir='ltr'><strong><em>qualiter</em></strong></span> <span class='ocrx_word' id='word_1_204' title='bbox 657 3854 894 3910; x_wconf 80' lang='lat' dir='ltr'><strong><em>virtutes</em></strong></span> <span class='ocrx_word' id='word_1_205' title='bbox 931 3869 1029 3923; x_wconf 90' lang='lat' dir='ltr'><strong><em>per</em></strong></span> <span class='ocrx_word' id='word_1_206' title='bbox 1063 3869 1188 3910; x_wconf 90' lang='lat' dir='ltr'><strong><em>eum</em></strong></span> <span class='ocrx_word' id='word_1_207' title='bbox 1225 3854 1495 3909; x_wconf 85' lang='lat' dir='ltr'><strong><em>Dominus</em></strong></span> <span class='ocrx_word' id='word_1_208' title='bbox 1534 3853 1592 3907; x_wconf 89' lang='lat' dir='ltr'><strong><em>in</em></strong></span> <span class='ocrx_word' id='word_1_209' title='bbox 1629 3853 1752 3923; x_wconf 86' lang='lat' dir='ltr'><strong><em>ipso</em></strong></span> <span class='ocrx_word' id='word_1_210' title='bbox 1788 3854 1987 3911; x_wconf 85' lang='lat' dir='ltr'><strong><em>itinere</em></strong></span> <span class='ocrx_word' id='word_1_211' title='bbox 2023 3854 2316 3911; x_wconf 86' lang='lat' dir='ltr'><strong><em>ostendere</em></strong></span> <span class='ocrx_word' id='word_1_212' title='bbox 2352 3854 2614 3924; x_wconf 84' lang='lat' dir='ltr'><strong><em>dignatus</em></strong></span> 
     </span>
     <span class='ocr_line' id='line_1_23' title="bbox 246 3943 2616 4014; baseline 0 -18"><span class='ocrx_word' id='word_1_213' title='bbox 246 3947 349 4010; x_wconf 83' lang='lat' dir='ltr'><strong><em>est,</em></strong></span> <span class='ocrx_word' id='word_1_214' title='bbox 387 3943 572 3999; x_wconf 79' lang='lat' dir='ltr'><strong><em>verba</em></strong></span> <span class='ocrx_word' id='word_1_215' title='bbox 605 3948 886 3999; x_wconf 84' lang='lat' dir='ltr'><strong><em>vertamus</em></strong></span> <span class='ocrx_word' id='word_1_216' title='bbox 899 3943 942 3997; x_wconf 86' lang='lat'><strong><em>“.</em></strong></span> <span class='ocrx_word' id='word_1_217' title='bbox 1084 3943 1137 3998; x_wconf 81' lang='lat'><strong><em>4.</em></strong></span> <span class='ocrx_word' id='word_1_218' title='bbox 1173 3943 1303 3999; x_wconf 86' lang='lat' dir='ltr'><strong><em>vid.</em></strong></span> <span class='ocrx_word' id='word_1_219' title='bbox 1341 3943 1413 3997; x_wconf 79' lang='lat' dir='ltr'><strong><em>ad</em></strong></span> <span class='ocrx_word' id='word_1_220' title='bbox 1448 3943 1554 3998; x_wconf 83' lang='lat'><strong><em>836</em></strong></span> <span class='ocrx_word' id='word_1_221' title='bbox 1591 3943 1744 3998; x_wconf 88' lang='lat' dir='ltr'><strong><em>Iun.:</em></strong></span> <span class='ocrx_word' id='word_1_222' title='bbox 1792 3945 2113 4014; x_wconf 81' lang='lat' dir='ltr'><strong><em>„Hactenus</em></strong></span> <span class='ocrx_word' id='word_1_223' title='bbox 2148 3959 2291 4013; x_wconf 87' lang='lat' dir='ltr'><strong><em>quae</em></strong></span> <span class='ocrx_word' id='word_1_224' title='bbox 2326 3947 2616 3997; x_wconf 81' lang='lat' dir='ltr'><strong><em>narrantur</em></strong></span> 
     </span>
     <span class='ocr_line' id='line_1_24' title="bbox 248 4029 2615 4103; baseline 0 -19"><span class='ocrx_word' id='word_1_225' title='bbox 248 4035 306 4083; x_wconf 83' lang='lat' dir='ltr'><strong><em>et</em></strong></span> <span class='ocrx_word' id='word_1_226' title='bbox 339 4031 461 4086; x_wconf 80' lang='lat' dir='ltr'><strong><em>alia</em></strong></span> <span class='ocrx_word' id='word_1_227' title='bbox 499 4047 664 4101; x_wconf 84' lang='lat' dir='ltr'><strong><em>quam</em></strong></span> <span class='ocrx_word' id='word_1_228' title='bbox 702 4033 962 4101; x_wconf 85' lang='lat' dir='ltr'><strong><em>plurima,</em></strong></span> <span class='ocrx_word' id='word_1_229' title='bbox 1010 4048 1152 4103; x_wconf 84' lang='lat' dir='ltr'><strong><em>quae</em></strong></span> <span class='ocrx_word' id='word_1_230' title='bbox 1190 4030 1365 4086; x_wconf 85' lang='lat' dir='ltr'><strong><em>oculis</em></strong></span> <span class='ocrx_word' id='word_1_231' title='bbox 1400 4031 1785 4101; x_wconf 83' lang='lat' dir='ltr'><strong><em>perspeximus</em></strong></span> <span class='ocrx_word' id='word_1_232' title='bbox 1822 4037 1880 4088; x_wconf 86' lang='lat' dir='ltr'><strong><em>et</em></strong></span> <span class='ocrx_word' id='word_1_233' title='bbox 1913 4032 2160 4102; x_wconf 85' lang='lat' dir='ltr'><strong><em>probatis</em></strong></span> <span class='ocrx_word' id='word_1_234' title='bbox 2196 4031 2434 4087; x_wconf 84' lang='lat' dir='ltr'><strong><em>testibus</em></strong></span> <span class='ocrx_word' id='word_1_235' title='bbox 2468 4029 2615 4085; x_wconf 85' lang='lat' dir='ltr'><strong><em>affir-</em></strong></span> 
     </span>
     <span class='ocr_line' id='line_1_25' title="bbox 247 4120 2615 4193; baseline -0.001 -18"><span class='ocrx_word' id='word_1_236' title='bbox 247 4120 542 4192; x_wconf 56' lang='lat' dir='ltr'><strong><em>mantibus</em></strong></span> <span class='ocrx_word' id='word_1_237' title='bbox 578 4122 967 4190; x_wconf 87' lang='lat' dir='ltr'><strong><em>requisivimus</em></strong></span> <span class='ocrx_word' id='word_1_238' title='bbox 992 4121 1142 4176; x_wconf 89' lang='lat' dir='ltr'><strong><em>—in</em></strong></span> <span class='ocrx_word' id='word_1_239' title='bbox 1178 4122 1270 4177; x_wconf 84' lang='lat' dir='ltr'><strong><em>via</em></strong></span> <span class='ocrx_word' id='word_1_240' title='bbox 1305 4126 1465 4191; x_wconf 83' lang='lat' dir='ltr'><strong><em>gesta</em></strong></span> <span class='ocrx_word' id='word_1_241' title='bbox 1500 4122 1699 4193; x_wconf 85' lang='lat' dir='ltr'><strong><em>sunt“;</em></strong></span> <span class='ocrx_word' id='word_1_242' title='bbox 1738 4152 1804 4162; x_wconf 90' lang='lat'>—</span> <span class='ocrx_word' id='word_1_243' title='bbox 1842 4122 1914 4176; x_wconf 79' lang='lat' dir='ltr'><strong><em>ad</em></strong></span> <span class='ocrx_word' id='word_1_244' title='bbox 1946 4123 2050 4177; x_wconf 85' lang='lat'><strong><em>836</em></strong></span> <span class='ocrx_word' id='word_1_245' title='bbox 2079 4122 2220 4176; x_wconf 88' lang='lat' dir='ltr'><strong><em>Iuni.</em></strong></span> <span class='ocrx_word' id='word_1_246' title='bbox 2249 4122 2342 4176; x_wconf 86' lang='lat'><strong><em>13:</em></strong></span> <span class='ocrx_word' id='word_1_247' title='bbox 2381 4120 2478 4190; x_wconf 84' lang='lat' dir='ltr'><strong><em>„in</em></strong></span> <span class='ocrx_word' id='word_1_248' title='bbox 2501 4135 2615 4174; x_wconf 92' lang='lat' dir='ltr'><strong><em>mo-</em></strong></span> 
     </span>
     <span class='ocr_line' id='line_1_26' title="bbox 247 4206 2614 4280; baseline -0.001 -16"><span class='ocrx_word' id='word_1_249' title='bbox 247 4210 564 4265; x_wconf 75' lang='lat' dir='ltr'><strong><em>nasterium</em></strong></span> <span class='ocrx_word' id='word_1_250' title='bbox 604 4239 669 4250; x_wconf 94' lang='lat'>—</span> <span class='ocrx_word' id='word_1_251' title='bbox 709 4211 1061 4266; x_wconf 85' lang='lat' dir='ltr'><strong><em>multitudine</em></strong></span> <span class='ocrx_word' id='word_1_252' title='bbox 1098 4211 1289 4280; x_wconf 90' lang='lat' dir='ltr'><strong><em>populi</em></strong></span> <span class='ocrx_word' id='word_1_253' title='bbox 1325 4210 1615 4266; x_wconf 85' lang='lat' dir='ltr'><strong><em>nobiscum</em></strong></span> <span class='ocrx_word' id='word_1_254' title='bbox 1653 4211 1952 4266; x_wconf 85' lang='lat' dir='ltr'><strong><em>eomitante</em></strong></span> <span class='ocrx_word' id='word_1_255' title='bbox 1980 4209 2400 4280; x_wconf 84' lang='lat' dir='ltr'><strong><em>pervenimus“;</em></strong></span> <span class='ocrx_word' id='word_1_256' title='bbox 2440 4238 2506 4249; x_wconf 92' lang='lat'>—</span> <span class='ocrx_word' id='word_1_257' title='bbox 2542 4206 2614 4262; x_wconf 87' lang='lat' dir='ltr'><strong><em>ad</em></strong></span> 
     </span>
     <span class='ocr_line' id='line_1_27' title="bbox 243 4296 2612 4370; baseline -0.001 -17"><span class='ocrx_word' id='word_1_258' title='bbox 243 4297 354 4353; x_wconf 82' lang='lat'><strong><em>837</em></strong></span> <span class='ocrx_word' id='word_1_259' title='bbox 394 4299 544 4354; x_wconf 87' lang='lat' dir='ltr'><strong><em>Iuni.</em></strong></span> <span class='ocrx_word' id='word_1_260' title='bbox 576 4299 669 4353; x_wconf 85' lang='lat'><strong><em>15:</em></strong></span> <span class='ocrx_word' id='word_1_261' title='bbox 719 4316 922 4370; x_wconf 84' lang='lat' dir='ltr'><strong><em>„quam</em></strong></span> <span class='ocrx_word' id='word_1_262' title='bbox 969 4301 1113 4356; x_wconf 84' lang='lat' dir='ltr'><strong><em>inter</em></strong></span> <span class='ocrx_word' id='word_1_263' title='bbox 1152 4299 1560 4355; x_wconf 85' lang='lat' dir='ltr'><strong><em>multitudinem</em></strong></span> <span class='ocrx_word' id='word_1_264' title='bbox 1607 4299 1801 4368; x_wconf 89' lang='lat' dir='ltr'><strong><em>populi</em></strong></span> <span class='ocrx_word' id='word_1_265' title='bbox 1849 4300 1928 4354; x_wconf 85' lang='lat' dir='ltr'><strong><em>ita</em></strong></span> <span class='ocrx_word' id='word_1_266' title='bbox 1975 4315 2163 4355; x_wconf 81' lang='lat' dir='ltr'><strong><em>sanam</em></strong></span> <span class='ocrx_word' id='word_1_267' title='bbox 2198 4296 2506 4368; x_wconf 83' lang='lat' dir='ltr'><strong><em>vidimus“;</em></strong></span> <span class='ocrx_word' id='word_1_268' title='bbox 2546 4325 2612 4335; x_wconf 91' lang='lat'>—</span> 
     </span>
     <span class='ocr_line' id='line_1_28' title="bbox 244 4384 2613 4460; baseline -0.001 -19"><span class='ocrx_word' id='word_1_269' title='bbox 244 4386 317 4441; x_wconf 80' lang='lat' dir='ltr'><strong><em>ad</em></strong></span> <span class='ocrx_word' id='word_1_270' title='bbox 356 4387 474 4442; x_wconf 79' lang='lat'><strong><em>837</em></strong></span> <span class='ocrx_word' id='word_1_271' title='bbox 514 4387 655 4443; x_wconf 85' lang='lat' dir='ltr'><strong><em>Iuni.</em></strong></span> <span class='ocrx_word' id='word_1_272' title='bbox 680 4390 775 4443; x_wconf 73' lang='lat'><strong><em>22:</em></strong></span> <span class='ocrx_word' id='word_1_273' title='bbox 823 4388 953 4458; x_wconf 85' lang='lat' dir='ltr'><strong><em>„die</em></strong></span> <span class='ocrx_word' id='word_1_274' title='bbox 987 4389 1046 4444; x_wconf 90' lang='lat' dir='ltr'><strong><em>in</em></strong></span> <span class='ocrx_word' id='word_1_275' title='bbox 1083 4404 1194 4458; x_wconf 90' lang='lat' dir='ltr'><strong><em>quo</em></strong></span> <span class='ocrx_word' id='word_1_276' title='bbox 1230 4393 1458 4444; x_wconf 82' lang='lat' dir='ltr'><strong><em>octavas</em></strong></span> <span class='ocrx_word' id='word_1_277' title='bbox 1492 4388 1752 4460; x_wconf 83' lang='lat' dir='ltr'><strong><em>martyris</em></strong></span> <span class='ocrx_word' id='word_1_278' title='bbox 1787 4387 2258 4458; x_wconf 79' lang='lat' dir='ltr'><strong><em>celebravimus“3</em></strong></span> <span class='ocrx_word' id='word_1_279' title='bbox 2297 4421 2363 4431; x_wconf 92' lang='grc'><strong>-</strong></span> <span class='ocrx_word' id='word_1_280' title='bbox 2401 4385 2473 4440; x_wconf 85' lang='lat' dir='ltr'><strong><em>ad</em></strong></span> <span class='ocrx_word' id='word_1_281' title='bbox 2509 4384 2613 4440; x_wconf 80' lang='grc'><strong><em>837</em></strong></span> 
     </span>
     <span class='ocr_line' id='line_1_29' title="bbox 242 4473 2616 4548; baseline -0.002 -17"><span class='ocrx_word' id='word_1_282' title='bbox 242 4473 393 4531; x_wconf 81' lang='lat' dir='ltr'><strong><em>Iuni.</em></strong></span> <span class='ocrx_word' id='word_1_283' title='bbox 416 4478 523 4531; x_wconf 81' lang='lat'><strong><em>23:</em></strong></span> <span class='ocrx_word' id='word_1_284' title='bbox 548 4476 727 4547; x_wconf 85' lang='lat' dir='ltr'><strong><em>„Nam</em></strong></span> <span class='ocrx_word' id='word_1_285' title='bbox 752 4493 877 4532; x_wconf 86' lang='lat' dir='ltr'><strong><em>eum</em></strong></span> <span class='ocrx_word' id='word_1_286' title='bbox 903 4493 972 4533; x_wconf 85' lang='lat' dir='ltr'><strong><em>ex</em></strong></span> <span class='ocrx_word' id='word_1_287' title='bbox 996 4493 1149 4533; x_wconf 86' lang='lat' dir='ltr'><strong><em>more</em></strong></span> <span class='ocrx_word' id='word_1_288' title='bbox 1173 4478 1244 4533; x_wconf 84' lang='lat' dir='ltr'><strong><em>ad</em></strong></span> <span class='ocrx_word' id='word_1_289' title='bbox 1270 4479 1580 4548; x_wconf 83' lang='lat' dir='ltr'><strong><em>vigiliarum</em></strong></span> <span class='ocrx_word' id='word_1_290' title='bbox 1606 4477 1946 4533; x_wconf 82' lang='lat' dir='ltr'><strong><em>surreximus</em></strong></span> <span class='ocrx_word' id='word_1_291' title='bbox 1969 4474 2215 4532; x_wconf 82' lang='lat' dir='ltr'><strong><em>officium</em></strong></span> <span class='ocrx_word' id='word_1_292' title='bbox 2228 4475 2274 4531; x_wconf 85' lang='lat'><strong><em>“.</em></strong></span> <span class='ocrx_word' id='word_1_293' title='bbox 2388 4476 2438 4529; x_wconf 81' lang='grc' dir='ltr'><strong><em>ὃ.</em></strong></span> <span class='ocrx_word' id='word_1_294' title='bbox 2473 4474 2616 4528; x_wconf 85' lang='lat' dir='ltr'><strong><em>Aeta</em></strong></span> 
     </span>
     <span class='ocr_line' id='line_1_30' title="bbox 245 4562 1476 4635; baseline 0.002 -16"><span class='ocrx_word' id='word_1_295' title='bbox 245 4562 346 4620; x_wconf 85' lang='lat' dir='ltr'><strong><em>SS.</em></strong></span> <span class='ocrx_word' id='word_1_296' title='bbox 389 4565 543 4620; x_wconf 86' lang='lat' dir='ltr'><strong><em>Iuni.</em></strong></span> <span class='ocrx_word' id='word_1_297' title='bbox 580 4566 644 4620; x_wconf 89' lang='lat' dir='ltr'><strong><em>T.</em></strong></span> <span class='ocrx_word' id='word_1_298' title='bbox 673 4566 744 4620; x_wconf 91' lang='lat'><strong><em>11.</em></strong></span> <span class='ocrx_word' id='word_1_299' title='bbox 785 4568 938 4635; x_wconf 81' lang='grc'><strong>1017,</strong></span> <span class='ocrx_word' id='word_1_300' title='bbox 977 4568 1133 4635; x_wconf 88' lang='grc'><strong>1018,</strong></span> <span class='ocrx_word' id='word_1_301' title='bbox 1171 4568 1310 4623; x_wconf 83' lang='lat'><strong>1033</strong></span> <span class='ocrx_word' id='word_1_302' title='bbox 1347 4584 1402 4622; x_wconf 89' lang='lat' dir='ltr'><strong><em>n.</em></strong></span> <span class='ocrx_word' id='word_1_303' title='bbox 1428 4584 1476 4621; x_wconf 86' lang='lat' dir='ltr'><strong><em>z.</em></strong></span> 
     </span>
    </p>

    <p class='ocr_par' dir='ltr' id='par_1_6' title="bbox 356 4661 2151 4716">
     <span class='ocr_line' id='line_1_31' title="bbox 356 4661 2151 4716; baseline 0 -6"><span class='ocrx_word' id='word_1_304' title='bbox 356 4661 532 4715; x_wconf 75' lang='lat' dir='ltr'><strong><em>Jmt‘.</em></strong></span> <span class='ocrx_word' id='word_1_305' title='bbox 562 4665 850 4710; x_wconf 73' lang='lat' dir='ltr'><strong><em>Bibliotheca</em></strong></span> <span class='ocrx_word' id='word_1_306' title='bbox 879 4666 915 4710; x_wconf 88' lang='lat'><strong><em>1.</em></strong></span> <span class='ocrx_word' id='word_1_307' title='bbox 2124 4664 2151 4716; x_wconf 92' lang='lat'>1</span> 
     </span>
    </p>
   </div>
  </div>
 </body>
</html>
