3319 5242
768 436 893 503 176
1532 454 1830 504 wmALm
1873 452 2204 502 nms'rom
2242 453 2349 500 101.

772 621 943 692 101.
988 623 1306 691 Wibaldus
1337 623 1798 691 corbeiensibus
1843 625 1920 690 de
1963 626 2145 690 rebus
2172 624 2300 688 suis
2323 624 2509 710 pestis
2535 621 2882 713 siymficaq
2929 644 3099 709 seque

995 742 1084 806 ad
1126 763 1228 807 eos
1273 741 1373 806 die
1419 740 1506 806 14
1550 764 1630 805 m.
1664 742 1931 827 Auyusti
1961 751 2429 828 perventurum.
2827 734 2943 817 (Μ,
2980 734 3095 817 84.)

588 896 727 950 1148
939 888 1316 975 W(ibaldus)
1346 891 1469 958 Dei
1513 892 1722 976 gratia
1767 889 2161 958 Corbeiensis
2210 890 2402 957 abbas
2450 887 2695 956 dilectis
2738 889 2806 953 in
2856 886 3097 954 Christo

762 1003 907 1073 filiis
954 1012 1019 1073 et
1057 1008 1360 1075 fratribus
1408 1009 1536 1074 suis
1568 1008 1643 1073 E.
1681 1007 2025 1074 venerabili
2069 1008 2267 1093 priori
2308 1012 2372 1073 et
2412 1005 2675 1073 caeteris
2706 1003 3098 1072 Corbeiensis

763 1123 1098 1191 aecclesiae
1141 1124 1289 1192 filiis
1338 1124 1838 1191 benedictionem
1887 1129 1951 1190 et
1993 1124 2193 1189 vitam
2236 1144 2433 1209 usque
2478 1123 2546 1189 in
2593 1120 2894 1188 seculum.

938 1241 1127 1308 Racio
1176 1242 1425 1309 consilii
1471 1248 1535 1309 et
1563 1241 1840 1307 instituti
1870 1240 2074 1306 nostri
2101 1239 2418 1327 poscebat,
2464 1243 2537 1305 ut
2567 1238 2735 1326 apud
2767 1236 3101 1305 Stabulaus

760 1377 1004 1424 moram
1054 1358 1404 1443 longiorem
1448 1358 1796 1424 faceremus
1841 1377 1969 1422 non
2017 1355 2220 1422 solum
2264 1376 2380 1442 pro
2426 1355 2822 1422 removendis
2869 1355 3104 1441 impor-

760 1474 1168 1559 tunitatibuS,
1230 1496 1389 1560 quae
1449 1480 1513 1541 et
1570 1473 2012 1540 Stabnlensem
2068 1471 2435 1539 aecclesiam
2492 1477 2556 1538 et
2609 1476 2811 1538 totam
2868 1478 3103 1538 terram

758 1582 1204 1675 Lotharingiae
1248 1590 1619 1675 fatigabant,
1668 1610 1887 1656 verum
1925 1590 2116 1655 etiam
2149 1590 2297 1674 quia
2328 1588 2479 1654 ordo
2511 1589 2769 1674 quidam
2799 1592 2865 1654 et
2895 1608 3108 1654 rerum

758 1708 1099 1774 necessitas
1144 1708 1541 1794 paucissimis
1587 1707 1984 1773 considerata
2027 1704 2347 1793 postulare
2392 1705 2741 1789 videbatur,
2787 1709 2863 1770 ut
2908 1724 3109 1789 usque

759 1823 842 1889 ad
896 1829 1087 1911 caput
1141 1824 1365 1890 hiemis
1420 1825 1638 1891 abesse
1685 1844 1724 1889 a
1768 1822 1945 1889 vobis
1992 1822 2379 1889 deberemus.
2474 1819 2809 1887 Caeterum
2852 1842 2980 1887 nos
3028 1857 3104 1866 —

639 2018 642 2021 ,
761 1938 869 2024 qui
925 1940 1115 2004 etiam
1168 1940 1237 2006 in
1292 1962 1362 2007 re
1419 1940 1575 2007 bene
1633 1940 1892 2027 provisa
1944 1945 2007 2005 et
2054 1939 2092 2005 a
2134 1938 2315 2005 nobis
2364 1937 2767 2022 singulariter
2815 1937 3112 2003 ordinata

760 2053 1103 2121 multorum
1154 2076 1550 2123 communem
1595 2056 1983 2128 sentenciam
2030 2056 2207 2140 sequi
2251 2055 2685 2121 consuevimus
2732 2090 2816 2099 -—
2866 2055 3109 2121 tociens

760 2172 965 2237 vocati
1021 2172 1060 2238 a
1102 2173 1313 2257 vobiS,
1369 2174 1499 2239 iam
1554 2193 1683 2238 non
1728 2172 1942 2238 venire
2001 2192 2127 2238 non
2184 2172 2516 2255 audemus,
2574 2171 2776 2254 magis
2821 2168 3112 2237 volentes

757 2292 967 2353 vestro
1015 2288 1279 2373 iudicio,
1327 2289 1383 2355 si
1427 2290 1519 2355 ita
1565 2309 1722 2375 opus
1770 2294 1894 2372 est,
1944 2309 2175 2379 errare,
2223 2309 2413 2374 quam
2458 2287 2525 2352 in
2571 2292 2823 2353 nostrae
2872 2286 3114 2353 delibe-

758 2403 1023 2469 rationis
1067 2406 1424 2493 proposito,
1479 2404 1629 2470 licet
1671 2410 1916 2471 rectum
1961 2409 2024 2469 et
2068 2424 2453 2489 consequens
2498 2403 2807 2486 videatur,
2854 2424 3114 2490 perma-

760 2539 928 2585 nere.
1111 2520 1195 2588 Ut
1241 2526 1454 2588 autem
1499 2522 1658 2587 sciat
1704 2527 1918 2587 vestra
1961 2521 2358 2604 fraternitaS,
2415 2526 2664 2606 tempus
2709 2519 2894 2586 nobis
2945 2522 3115 2587 ocio-

759 2656 899 2701 sum
945 2657 1071 2703 non
1115 2638 1475 2723 preterisse,
1522 2638 1690 2705 inter
1736 2639 2030 2705 comitem
2074 2637 2532 2703 Namucensem
2579 2642 2642 2704 et
2685 2637 2991 2703 comitem
3039 2637 3118 2704 de

756 2750 894 2818 Lon
954 2759 1016 2819 et
1069 2756 1363 2821 comitem
1409 2755 1486 2821 de
1532 2754 1896 2838 Dasburch,
1957 2774 2221 2840 quorum
2267 2754 2581 2820 discordia
2623 2759 2822 2819 totam
2870 2759 3120 2820 terram

755 2867 1100 2955 lacerabat,
1159 2891 1387 2958 pacem
1441 2871 1576 2939 Deo
1638 2877 1893 2937 auctore
1951 2891 2148 2956 usque
2203 2870 2272 2936 in
2327 2871 2487 2936 sesto
2547 2870 2748 2936 sancti
2799 2865 3126 2955 Remigii¹

755 2985 1053 3068 fecimus3
1115 2992 1302 3073 atque
1359 2989 1525 3054 inter
1582 2987 1883 3054 comitem
1940 2987 2018 3053 de
2063 2986 2274 3074 Rupe,
2334 2987 2444 3073 qui
2496 2992 2712 3052 noster
2765 2986 3122 3053 advocatus

759 3108 876 3187 est,
924 3108 987 3169 et
1031 3103 1324 3169 comitem
1370 3105 1447 3170 de
1492 3103 1706 3170 Monte
1754 3110 1957 3188 acuto,
2005 3103 2114 3190 qui
2143 3103 2484 3169 multorum
2514 3103 2946 3169 incitamentis
2979 3125 3125 3169 ma-

757 3218 932 3285 xima
975 3219 1140 3286 inter
1187 3241 1255 3286 se
1303 3219 1467 3287 bella
1511 3220 1870 3304 movebant,
1916 3219 2226 3286 finitivam
2272 3225 2335 3285 et
2377 3220 2498 3285 toti
2526 3226 2731 3286 terrae
2763 3217 3130 3287 salutarem

758 3336 1156 3401 concordiam
1203 3336 1701 3402 reformavimus.
1772 3336 2188 3403 Adversarios
2220 3341 2488 3420 nostrOS,
2536 3336 2644 3420 qui
2673 3335 2839 3402 bona
2871 3336 3128 3404 aeccle-

758 3451 888 3517 siae
934 3455 1189 3517 nostrae
1236 3452 1648 3539 diripuerant,
1699 3452 1914 3518 divina
1942 3453 2234 3540 potencia
2263 3452 2528 3536 subegit,
2575 3457 2648 3517 ut
2676 3452 2856 3518 nobis
2889 3462 3132 3521 nostra

758 3586 902 3633 cum
957 3567 1198 3651 ingenti
1244 3568 1671 3634 satisfactione
1716 3569 2070 3634 restituant.
2164 3568 2268 3635 Ad
2314 3568 2658 3636 sedandam
2702 3589 2849 3642 vero
2899 3570 3134 3657 ipsam

758 3682 1176 3767 discordiam,
1235 3705 1392 3770 quae
1449 3690 1544 3750 est
1588 3684 1757 3751 inter
1802 3686 1974 3772 ipsos
2023 3689 2085 3751 et
2129 3684 2573 3750 ministeriales
2619 3690 2903 3768 nostros,
2964 3708 3133 3754 curn

758 3799 868 3864 diu
912 3798 1306 3885 multumque
1342 3800 1859 3885 laboraverimus,
1904 3801 2255 3888 pauxillum
2287 3801 2591 3888 temporis
2623 3803 3133 3889 assumpsimuS,

756 3914 826 3980 in
872 3936 993 4001 quo
1042 3916 1272 4000 omnia,
1316 3916 1439 3984 Dei
1485 3917 1821 3984 adiuvante
1866 3916 2225 4001 clemencia,
2272 3918 2353 3983 ad
2380 3918 2729 4004 perfectum
2757 3917 3136 4004 perducere

757 4030 1096 4098 valeamus.
1168 4031 1254 4098 Et
1308 4033 1375 4097 in
1431 4034 1650 4118 vigilia
1707 4034 2151 4120 assumptionis
2210 4038 2464 4100 sanctae
2521 4030 2795 4100 Mariae'
2853 4033 2935 4098 ad
3003 4057 3137 4102 vos

758 4166 902 4215 cum
947 4148 1239 4215 karitatis
1284 4150 1513 4234 gaudio
1558 4151 2018 4244 perveniemus.

902 4308 953 4363 1.
986 4306 1108 4364 oet.
1135 4309 1186 4363 1.
1327 4308 1380 4364 2.
1418 4308 1564 4380 Aug.
1594 4309 1680 4363 14.
