3319 5242
760 425 890 491 192
1427 443 1726 491 wmALm
1764 441 2163 492 unemun-
2178 442 2284 490 116.
2317 441 2422 491 ιιι.

582 587 722 646 1148
755 586 928 652 tinus
963 604 1107 652 eum
1147 582 1415 669 benigne
1461 586 1820 673 suscipiatis
1866 586 1949 672 et,
1994 586 2254 653 honeste
2296 605 2415 673 pro
2458 582 2791 672 peticionis
2835 590 3082 652 nostrae

587 663 712 724 ⁸⁰⁹*
755 702 990 768 intuitu
1032 701 1335 787 habitum,
1383 702 1465 769 ad
1507 723 1622 769 nos
1653 722 1798 770 cum
1826 702 2054 788 gaudio
2083 703 2314 791 ipsum,
2359 707 2608 769 vestrae
2637 700 3082 770 benedictionis

757 820 964 904 gratia
1004 819 1474 905 communitum,
1519 819 1588 886 in
1633 819 1812 888 brevi
1854 821 2213 889 remittatis.

767 1140 801 1209 1
820 1140 854 1209 1
871 1139 937 1210 7.
981 1144 1275 1210 canonici
1302 1144 1838 1211 Paderbomems
1874 1144 2154 1211 Wibaldo
2193 1145 2269 1209 de
2300 1141 2596 1232 Folqm'm'
2622 1144 2871 1208 iniuriis
2899 1143 3086 1229 siqni-

963 1261 1184 1350 ficant.
1273 1260 1556 1347 Roqam,
1614 1260 1888 1326 hortetur
1933 1260 2371 1326 Bernhardum
2425 1262 2807 1348 episcopum,
2865 1269 2937 1323 ut
2974 1258 3088 1325 :ibi

977 1377 1310 1442 wbveniat.
2819 1371 2930 1455 (M.
2958 1372 3087 1453 97.)

583 1525 724 1582 1148
932 1517 1180 1584 Domno
1209 1515 1551 1600 W(ibaldo)
1598 1517 1770 1583 omni
1798 1518 2202 1585 veneratione
2244 1516 2614 1601 dignissimo
2655 1521 2911 1583 sanctae
2941 1515 3089 1582 Cor-

757 1633 1028 1701 beiensis
1073 1633 1410 1700 aecclesiae
1455 1633 1668 1701 abbati
1708 1632 1944 1717 W(ino)
1990 1634 2378 1721 prepositus,
2424 1633 2774 1715 Assmarus)
2820 1634 3088 1700 decanus

755 1749 1155 1836 reliquusque
1202 1750 1404 1817 sancti
1447 1749 1691 1822 Liborii
1707 1746 1724 1777 ¹
1766 1750 2033 1837 pusillus
2079 1770 2263 1835 grex,
2311 1750 2612 1817 orationis
2659 1755 2724 1817 et
2767 1749 3091 1817 servitutis

758 1887 910 1934 suae
950 1865 1200 1934 fidelem
1244 1867 1709 1936 exhibitionem.

933 1983 1094 2063 Quia
1136 1990 1280 2072 post
1325 1986 1647 2052 dominum
1675 1989 1962 2052 nostrum
1992 1983 2354 2072 episcopum
2384 1984 2453 2050 in
2481 1984 2850 2070 episcopatu
2877 1988 3090 2050 nostro

758 2099 1032 2187 primum
1077 2121 1190 2168 vos
1236 2102 1451 2169 divina
1495 2104 1810 2189 promovit
1854 2102 2183 2186 ordinatio,
2235 2101 2469 2168 idcirco
2512 2101 2579 2167 in
2626 2101 2940 2183 angustiis
2985 2119 3093 2166 no-

760 2218 907 2283 stris
966 2218 1046 2285 ad
1089 2237 1201 2284 vos
1258 2219 1651 2303 confugimus
1698 2219 2131 2307 potissimum,
2189 2222 2546 2306 speranteS,
2605 2238 2644 2284 a
2685 2222 2904 2284 vestra
2946 2237 3093 2304 pru-

759 2333 975 2400 dentia
1027 2335 1261 2401 nostris
1318 2335 1502 2403 malis
1562 2336 1847 2403 adhiberi
1902 2332 2212 2401 medelam
2259 2338 2323 2402 et
2365 2333 2713 2401 consilium.
2807 2333 3094 2401 Domnus

760 2447 1134 2536 FolquinuS,
1183 2453 1392 2536 gravis
1437 2453 1667 2540 hospes
1713 2453 2125 2540 pauperibus,
2175 2451 2407 2517 nostris
2453 2450 2689 2517 colonis
2733 2451 3096 2536 frequenter

761 2565 1125 2635 incumbens
1179 2570 1637 2657 pecuniamque
1693 2569 1771 2637 ab
1825 2566 1984 2658 ipsis
2042 2567 2291 2636 assidue
2344 2572 2442 2635 set
2490 2568 2677 2635 modo
2720 2567 3096 2636 insolentius

763 2688 1160 2772 extorquens,
1207 2692 1453 2753 tantum
1499 2708 1604 2754 eos
1653 2688 2022 2771 attenuavit,
2066 2691 2138 2753 ut
2181 2706 2310 2752 non
2352 2684 2538 2752 modo
2582 2685 2796 2753 debita
2841 2706 2963 2753 sua
2987 2706 3097 2752 ne-

764 2805 996 2887 queant
1039 2803 1393 2889 persolvere
1406 2854 1424 2889 ,
1481 2808 1578 2871 set
1622 2804 1813 2872 etiam
1857 2804 2114 2871 malint·
2158 2803 2364 2869 ubivis
2410 2803 2691 2886 gentium
2734 2802 3097 2870 mendicare

764 2937 952 3003 quam
1008 2921 1203 2986 tantis
1259 2922 1572 3007 pressuris
1631 2921 1926 3007 deinceps
1971 2919 2309 2986 subiacere.
2387 2917 2524 3003 Ego
2572 2939 2816 3005 quoque
2856 2917 3098 3002 W(ino)

760 3036 1139 3123 prepositus,
1185 3057 1327 3103 cum
1373 3039 1493 3104 sim
1539 3043 1752 3126 preter
1795 3037 2260 3126 preposituram
2291 3037 2444 3102 satis
2490 3036 2826 3103 aecclesiae
2873 3042 3100 3103 auctus

762 3151 1109 3238 beneficiis,
1173 3154 1249 3221 de
1303 3173 1442 3223 meo
1503 3176 1744 3222 annuos
1799 3154 2151 3242 prebendae
2208 3150 2555 3240 supplendo
2614 3152 2892 3220 defectus
2949 3153 3098 3240 plus

763 3288 950 3354 quam
993 3271 1197 3338 tribus
1241 3272 1593 3357 mensibus,
1642 3271 1797 3339 adeo
1841 3272 2029 3339 rebus
2075 3291 2214 3337 sum
2258 3269 2646 3354 imminutus,
2690 3274 2764 3335 ut
2804 3288 2924 3336 nec
2965 3270 3101 3335 fra-

761 3385 962 3452 tribus
1032 3389 1253 3454 amodo
1323 3389 1558 3454 servire
1612 3408 1730 3455 nec
1782 3388 2061 3476 propriis
2113 3386 2359 3454 valeam
2414 3386 2890 3454 necessitatibus
2946 3387 3100 3453 sub·
3156 3459 3177 3486 ο

760 3503 994 3569 venire.
1064 3503 1263 3588 Unde,
1310 3524 1453 3570 cum
1498 3505 1772 3591 primum
1814 3505 2029 3571 videro
2072 3504 2291 3570 faciem
2341 3503 2577 3600 domini
2620 3504 2746 3569 mei
2791 3503 3099 3590 episcopi,

762 3623 895 3684 tam
937 3618 1172 3687 honore
1218 3641 1407 3706 quam
1451 3621 1702 3688 nomine
1746 3621 2051 3708 prepositi
2093 3622 2278 3708 cupio
2321 3640 2535 3687 carere
2578 3625 2643 3686 et
2678 3619 2843 3687 exui.
2905 3619 3099 3704 Nam,

763 3741 1066 3822 quantum
1114 3757 1227 3820 ego
1272 3738 1520 3825 inopiae
1564 3759 1913 3826 pauperum
1954 3738 2268 3826 parcendo
2314 3737 2623 3822 indulgeo,
2669 3742 2916 3803 tantum
2947 3756 3101 3824 pre-

761 3851 929 3917 fatus
975 3851 1240 3919 domnus
1282 3852 1676 3941 F(olquinus)
1724 3855 1987 3922 diversis
2034 3854 2462 3922 exactionibus
2506 3853 2702 3920 instat
2745 3854 3098 3921 atterendo.

761 3966 1060 4035 Unanimi
1101 3970 1296 4054 igitur
1340 3969 1564 4038 affectu
1608 3972 1831 4059 pietati
1873 3978 2150 4057 vestrae,
2198 3976 2414 4054 sancte
2459 3975 2667 4058 pater,
2712 3970 2919 4037 valido
2963 3969 3103 4037 cla-

762 4104 936 4152 more
989 4087 1443 4174 supplicamus,
1503 4089 1811 4173 quatinus*
1840 4089 2162 4156 dominum
2206 4094 2492 4155 nostrum
2538 4089 2899 4175 episcopum
2943 4105 3102 4153 con·

762 4203 1031 4270 veniatis
1077 4209 1158 4289 et,
1205 4206 1369 4272 sicut
1410 4206 1586 4273 scitis
1632 4210 1697 4273 et
1739 4206 1817 4273 de
1851 4206 2027 4272 vobis
2074 4204 2462 4290 confidimus,
2508 4205 2975 4289 commoneatis,
3026 4209 3107 4271 ut

764 4319 1099 4388 aecclesiae
1143 4342 1293 4390 suae
1337 4323 1406 4390 in
1452 4329 1731 4391 extremo
1775 4322 2088 4390 laboranti
2131 4322 2481 4408 subveniat,
2525 4342 2606 4391 ne
2641 4328 2705 4391 et
2735 4343 2849 4390 nos
2875 4340 3107 4390 neces-

916 4486 957 4520 n..
1005 4461 1115 4521 mal-t
1146 4493 1185 4522 c.

914 4569 963 4624 1.
1001 4568 1483 4627 Paderbornensis.
