3319 5242
997 443 1294 493 wmanm
1334 442 1667 493 111181οω
1710 442 1817 490 108.
2434 426 2561 494 185

237 594 445 656 tamen
500 586 699 655 nolite
751 587 1008 672 timere,
1066 585 1333 675 pusillus
1387 606 1573 670 grex,
1636 586 1932 671 quoniam
1978 584 2355 673 complacuit
2393 587 2564 674 patri
2601 592 2739 651 1148

236 710 443 772 vestro
496 704 648 771 dare
691 704 868 771 vobis
910 724 1209 788 regnum3
1269 702 1585 771 ascendite
1630 723 1711 769 ex
1756 703 2038 787 adverso,
2085 704 2382 790 opponite
2426 725 2565 771 mu-

233 842 374 888 rum
428 841 548 909 pro
605 820 788 888 domo
833 818 1045 886 Israel.
1114 820 1403 887 Eruditio
1462 824 1676 886 vestra
1727 819 1989 886 reducat
2042 819 2124 886 ad
2176 821 2564 906 memoriam,

235 942 474 1027 quanta
516 938 601 1003 sit
627 937 800 1004 Esau
841 936 1187 1021 ignominia
1229 937 1609 1004 cauteriatus
1656 955 1772 1023 pro
1819 955 1912 1021 eo,
1952 935 2119 1022 quod
2146 936 2566 1023 primogenita

234 1076 350 1121 sua
403 1053 690 1120 vendidit
741 1074 858 1140 pro
905 1053 1141 1119 ventris
1186 1053 1462 1137 ingluvie
1508 1059 1571 1120 et
1612 1051 1802 1119 lentis
1850 1051 2073 1118 edulio.
2142 1052 2452 1119 Dominus
2497 1054 2565 1119 in

232 1170 545 1259 propheta
581 1169 761 1235 dicit:
811 1170 950 1258 qu
992 1172 1294 1258 plor-iam·
1323 1194 1524 1236 meam
1569 1172 1750 1236 alteri
1776 1193 1900 1235 non
1938 1171 2207 1235 tribuam
2223 1164 2256 1234 ¹.
2330 1171 2421 1252 Si,
2467 1171 2564 1236 111-

233 1288 388 1373 quit,
436 1311 572 1352 sum
602 1287 928 1369 Dominus,
975 1289 1082 1353 ubi
1110 1289 1292 1353 timor
1319 1285 1528 1352 meus?
1597 1286 1674 1353 Si
1706 1298 1910 1374 pater,
1957 1288 2066 1352 ubi
2097 1286 2294 1351 honor
2322 1281 2565 1355 cneus?²

233 1403 340 1471 Set
412 1402 751 1490 opponitur
815 1401 991 1468 vobis
1061 1402 1524 1468 sanctissimum
1590 1407 1779 1486 atque
1843 1401 2284 1484 gravissimum
2337 1423 2565 1471 nomen

232 1519 579 1603 electionis,
625 1538 782 1604 quae
829 1519 1080 1605 quidem
1126 1538 1445 1585 sacrorum
1479 1538 1788 1583 canonum
1827 1518 2197 1585 auctoritate
2228 1521 2568 1587 constituta

231 1642 323 1703 est
385 1635 474 1701 ad
527 1654 747 1724 pacem
807 1633 1103 1702 ecclesiae
1165 1641 1228 1702 et
1278 1636 1758 1701 unanimitatem
1803 1634 2261 1702 continendam.
2330 1634 2566 1704 Verum

231 1753 305 1819 de
362 1752 490 1818 hoc
542 1752 704 1818 bono
761 1751 1070 1839 principio
1127 1771 1205 1818 ex
1257 1751 1581 1818 hominum
1627 1751 1924 1819 abusione
1967 1751 2169 1819 multa
2211 1752 2381 1820 mala
2422 1776 2567 1842 pro-

230 1889 453 1955 gressa
512 1872 686 1953 sunt,
742 1869 835 1934 ita
887 1872 962 1934 ut
1016 1867 1335 1935 electionis
1390 1867 1646 1934 licentia
1697 1888 1895 1954 usque
1948 1869 2030 1935 ad
2075 1868 2311 1936 cellarii
2357 1876 2422 1937 et
2465 1891 2567 1938 co-

231 1987 464 2078 quinae
523 1983 728 2051 claves
784 1989 848 2051 et
900 1984 1314 2051 villicationes
1361 1984 1739 2051 ordinandas
1787 1985 2176 2051 extendatur.
2247 1985 2567 2055 Pontificis

227 2101 533 2186 Romani,
590 2100 1226 2189 archiepiscoporum,
1273 2102 1710 2189 episcoporum
1756 2100 2087 2168 electiones
2133 2123 2313 2169 sacra
2357 2105 2567 2172 decre-

228 2224 440 2285 torum
503 2219 842 2284 auctoritas
888 2219 1308 2301 demonstrat?
1364 2217 1654 2284 monachi
1700 2223 1952 2286 sanctae
1995 2219 2210 2304 regule
2256 2221 2570 2309 scriptura

228 2336 539 2403 docentur
552 2385 571 2419 ,
632 2334 900 2421 qualiter
953 2339 1018 2401 et
1069 2333 1317 2421 qualem
1374 2335 1603 2419 eligere
1656 2335 1925 2401 debeant
1968 2336 2286 2419 abbatem3
2347 2358 2569 2406 econo-

226 2473 483 2520 morum
530 2455 595 2517 et
639 2472 874 2535 eorum,
922 2451 1030 2538 qui
1073 2450 1312 2518 nullam
1355 2452 1425 2517 in
1466 2453 1773 2536 regimine
1819 2473 1930 2519 suo
1977 2455 2325 2542 suscipiunt
2354 2475 2570 2523 curam

227 2570 611 2653 animarum,
659 2567 877 2636 electio
925 2589 1050 2656 qua
1084 2569 1167 2636 sit
1197 2568 1582 2637 auctenticae
1613 2569 1922 2657 scripture
1950 2570 2288 2639 informata
2315 2573 2567 2659 iudicio,

225 2688 502 2754 necdum
549 2686 871 2753 addiscere
926 2688 1264 2773 potuimus.
1345 2686 1577 2754 Beatus
1621 2685 2029 2774 Benedictus,
2091 2708 2233 2754 cum
2279 2689 2355 2755 de
2402 2691 2568 2757 ordi-

225 2802 498 2872 nandis*
546 2802 799 2869 decanis
845 2808 1031 2889 atque
1062 2803 1398 2891 prepositis
1426 2809 1794 2890 preceptum
1824 2804 2021 2889 daret,
2070 2805 2150 2870 ad
2178 2811 2568 2892 postremum

226 2924 465 3005 videat,
515 2919 764 3006 inquid,
813 2923 1019 3002 abbas,
1077 2923 1143 2986 in
1189 2946 1366 3010 quem
1411 2945 1659 2986 securus
1693 2924 2015 3009 partiatur
2060 2947 2251 2988 onera
2293 2919 2461 3007 sua',
2510 2925 2568 2992 ei

224 3035 529 3103 videlicet
594 3056 906 3102 summam
973 3035 1216 3102 consilii
1272 3037 1651 3121 attribuens,
1721 3037 1822 3102 cui
1875 3037 2161 3104 imminet
2213 3039 2568 3109 reddendae

224 3153 498 3220 rationis
556 3152 924 3239 periculum.
992 3152 1079 3219 Et
1131 3153 1286 3219 haec
1343 3153 1594 3239 quidem
1651 3158 1837 3239 atque
1884 3153 2008 3220 alia
2050 3154 2407 3221 huiusmodi
2450 3178 2566 3244 pro

224 3275 447 3337 nostro
505 3274 694 3357 captu
741 3273 805 3336 et
846 3268 1175 3354 facultate,
1234 3270 1288 3335 si
1333 3269 1676 3337 venerabili
1720 3275 1929 3336 vestro
1974 3273 2306 3337 conventui
2351 3273 2569 3340 adesse

223 3387 536 3471 licuisset,
595 3385 902 3473 prolixius
949 3390 1134 3471 atque
1180 3386 1516 3452 instantius
1564 3387 1931 3471 diceremus,
1986 3386 2395 3474 supplicando
2439 3390 2567 3457 fra-

224 3505 435 3571 tribus
490 3502 726 3569 nostris
739 3553 758 3587 ,
820 3502 1112 3588 quatinus
1169 3508 1385 3590 aperto
1440 3503 1669 3568 mentis
1723 3504 1954 3569 intuitu
1998 3504 2328 3588 diligenter
2369 3506 2567 3595 inspi-

225 3625 470 3705 cerent,
504 3620 670 3706 quod
699 3619 830 3686 fere
859 3640 987 3685 non
1016 3624 1112 3686 est
1143 3620 1384 3702 domus,
1418 3619 1483 3685 in
1515 3639 1639 3705 qua
1666 3640 1793 3686 non
1825 3621 1908 3685 sit
1934 3626 2218 3688 mortuus
2231 3617 2272 3707 ⁴,
2316 3623 2566 3691 darent-

227 3759 348 3825 que
409 3756 671 3824 operam
726 3735 870 3823 plus
931 3736 1011 3802 ad
1067 3735 1577 3802 reformationem
1633 3736 1956 3822 religionis
2014 3758 2200 3824 quam
2246 3740 2326 3806 ad
2371 3742 2566 3807 susci-

226 3854 497 3921 tandam
540 3852 872 3920 materiam
917 3852 1354 3946 contentionis,
1401 3856 1464 3920 61
1508 3874 1633 3921 non
1679 3855 2207 3939 transgredientes
2242 3856 2582 3945 terminos,⁸

227 3993 388 4059 quos
449 3973 798 4057 posuerunt
850 3969 940 4037 eis
984 3975 1199 4057 patres
1245 3971 1375 4055 8111,
1431 3970 1588 4037 tales
1633 3972 1703 4037 in
1745 3969 1952 4038 locum
1996 3972 2371 4060 provisionis
2419 3993 2567 4039 suae

228 4088 614 4177 adoptarent
655 4107 977 4173 personas,
1025 4107 1184 4173 quae
1230 4092 1294 4154 et
1332 4088 1556 4178 merito
1587 4087 1756 4155 vitae
1789 4110 1957 4173 suae,
2005 4094 2068 4158 et
2094 4088 2217 4155 loci
2247 4089 2344 4154 sui
2375 4088 2566 4156 subli-

373 4297 421 4330 ι.
467 4266 608 4342 egium
641 4282 744 4330 cod.
867 4282 913 4328 b.
954 4282 1232 4330 ordInandus
1265 4300 1304 4329 e.

373 4389 433 4445 1.
473 4386 598 4442 lsai.
620 4386 708 4456 48,
734 4388 821 4442 11.
963 4387 1013 4442 2.
1051 4386 1284 4443 Malach.
1312 4388 1361 4457 1,
1387 4389 1440 4443 6.
1570 4389 1621 4443 3.
1659 4388 1725 4443 111
1761 4387 1983 4457 regulae
2017 4386 2075 4445 S.
2100 4385 2387 4444 Benedicti
2423 4402 2473 4443 c.
2496 4389 2564 4444 21

230 4476 455 4544 (codex
490 4476 799 4547 regularum
835 4476 920 4534 ed.
959 4477 1280 4533 Holstenius
1315 4493 1371 4547 p.
1395 4478 1486 4545 22)
1522 4477 1783 4548 leguntur
1815 4475 1979 4532 haec:
2020 4476 2165 4548 „Qui
2200 4475 2394 4533 decani
2427 4477 2568 4534 tales

229 4567 532 4638 eligantur,
566 4566 624 4621 in
649 4565 852 4637 quibus
887 4581 1115 4624 securus
1143 4566 1314 4623 abbas
1335 4567 1604 4638 partiatur
1625 4581 1794 4622 onera
1816 4582 1917 4622 sua
1928 4565 1969 4622 “.
2075 4567 2127 4622 4.
2167 4566 2342 4623 Exod.
2369 4568 2452 4637 12,
2477 4567 2568 4624 30.
