3319 5242
910 465 1210 514 wmALm
1250 464 1627 514 nmsronm
1668 464 1761 513 415
1778 488 1828 499 -
1842 465 1950 513 41⁷.
2465 449 2597 518 553

246 608 607 692 didicimus,
660 608 819 676 bene
873 609 1290 693 morigeratus
1337 613 1433 676 est
1486 612 1551 675 et
1605 613 2043 677 sacrosanctae
2084 608 2403 677 Romanae
2459 628 2599 677 aec-
2706 614 2846 671 1153

247 726 480 794 clasiae
509 724 692 793 valde
736 726 1017 793 devotus
1083 724 1200 804 Qui
1247 725 1328 791 ad
1368 725 1589 792 limina
1619 726 2044 812 apostolorum
2076 746 2268 794 causa
2296 726 2597 795 orationis
2631 690 2741 751 ’ψ’
2765 713 2816 721 “
2835 688 2917 737 ¹⁰¹⁸

248 848 313 911 01
358 842 442 909 ad
487 842 680 929 pedes
727 841 1081 909 sanctitatis
1111 847 1358 909 vestrae
1388 842 1646 909 veniens
1689 842 2054 929 postulavit,
2100 849 2349 910 310313
2375 844 2598 930 pietati

248 963 500 1027 vestrae
563 959 796 1027 nostris
861 958 1093 1025 litteris
1160 959 1756 1027 commendaremus.
1859 958 2215 1047 Eapropter
2280 961 2600 1028 maiestati

249 1081 500 1144 vestrae
541 1074 723 1142 illum
768 1075 1305 1159 commendantes,
1358 1096 1653 1159 rogamus
1667 1125 1687 1159 ‚
1733 1081 2039 1160 quatenus
2084 1077 2271 1144 solita
2313 1077 2600 1162 benigni-

249 1198 382 1260 tate
425 1193 636 1279 ipsum
682 1192 1040 1278 suscipiatis
1087 1198 1152 1259 et
1195 1191 1511 1259 devotioni
1526 1203 1548 1228 ⁸
1593 1192 1761 1260 circa
1800 1192 2014 1260 sedem
2044 1193 2453 1281 apostolicam
2482 1213 2597 1281 pa-

249 1315 436 1377 terna
476 1313 692 1377 vestra
734 1308 1159 1376 admonitione
1201 1310 1446 1376 maiora
1488 1309 1898 1377 incitamenta
1939 1310 2252 1397 prestetis.

250 1520 433 1594 416.
480 1524 818 1612 Greyon'us
881 1525 1117 1611 leqatus
1182 1524 1549 1611 apostolicus
1603 1524 1887 1593 Wibaldo
1949 1527 2286 1618 siymficat,
2353 1536 2594 1592 mortuo

475 1632 766 1718 Euymio
796 1631 907 1697 III
928 1655 1129 1718 papa,
1176 1656 1258 1712 se,
1305 1633 1576 1697 Romam
1617 1657 2024 1715 rever-summ,
2072 1635 2388 1720 episcopos
2417 1656 2597 1722 quos-

479 1740 625 1804 dam
669 1742 736 1804 in
782 1739 945 1804 diem
976 1738 1065 1805 29
1092 1739 1260 1826 Sept.
1296 1740 1700 1806 Wormatiam
1733 1764 1996 1806 vocasse.
2057 1740 2285 1805 Postea
2328 1742 2394 1804 in
2424 1742 2600 1809 curia

475 1848 639 1933 πρῖε
683 1870 821 1911 eum
864 1848 982 1913 sibi
1013 1858 1269 1934 praesto
1317 1871 1442 1911 esse
1485 1844 1666 1912 vultb.
2279 1843 2388 1927 (M.
2423 1846 2600 1929 391.)

434 1968 775 2055 Gregorius
806 1968 928 2035 Dei
972 1970 1179 2055 gratia
1223 1976 1476 2037 sanctae
1504 1970 1825 2037 Romanae
1862 1969 2200 2049 aecclesiae
2229 1965 2600 2037 cardinalis¹
2703 1978 2840 2033 1153

252 2094 321 2155 et
372 2085 616 2171 legatus
672 2086 1015 2153 reverendo
1071 2086 1254 2153 fratri
1300 2086 1432 2154 vel⁶
1491 2107 1603 2153 suo
1655 2086 1939 2152 unanimi
1993 2086 2192 2153 amico
2239 2051 2895 2154 (301·110101181Α”Νψι

252 2203 470 2271 abbati
515 2202 800 2269 salutem.

434 2317 613 2386 Licet
640 2319 811 2384 fama
839 2318 1061 2385 mortis
1095 2319 1308 2385 domni
1338 2314 1539 2405 pape'
1570 2338 1686 2385 nos
1716 2317 2084 2402 turbaverit,
2120 2323 2353 2403 tamen,
2388 2318 2602 2385 audita

248 2456 527 2526 persona
597 2435 959 2502 substituti‘¹
1030 2435 1243 2500 domni
1296 2429 1572 2520 vicarii⁸,
1637 2456 1752 2501 nos
1821 2434 2048 2519 gaudio
2105 2435 2307 2519 gavisi
2363 2455 2600 2520 sumus,

252 2552 546 2637 80103108,
592 2552 769 2618 illum
820 2552 1177 2638 3111103331ο
1225 2552 1595 2637 magistrum
1644 2551 1981 2618 aecclesiae
2027 2556 2091 2617 et
2134 2572 2247 2618 nos
2276 2558 2601 2639 tamquam

252 2690 327 2736 se
370 2670 580 2755 ipsum
625 2668 886 2753 diligere
935 2674 998 2735 et
1040 2668 1245 2734 modis
1291 2669 1578 2737 omnibus
1623 2669 1949 2735 honorare.
2020 2668 2285 2735 Verum‘
2329 2670 2476 2753 quia
2521 2669 2600 2735 ab

254 2785 476 2851 amicis
522 2785 756 2853 nostris
800 2785 1112 2851 instanter
1156 2805 1556 2868 revocamur,
1602 2784 1671 2850 in
1715 2785 1875 2851 festo
1923 2784 2125 2850 sancti
2167 2781 2604 2850 Michahelis⁸‘

250 2897 718 2985 Bremensem⁶,
774 2900 1437 2985 lldeneshemensemb,
1486 2899 1879 2968 Mindensem
1924 2900 2299 2967 Wormacie¹
2352 2902 2601 2967 vocavi-

251 3037 419 3102 1338,
468 3017 732 3103 quedam
780 3016 907 3083 illis
953 3015 1277 3103 precipere
1305 3016 1606 3084 volentes..
1729 3016 1908 3082 Unde
1951 3017 2030 3082 ad
2062 3016 2358 3082 domnum
2387 3037 2599 3100 regem

251 3134 409 3201 ituri
422 3133 466 3219 ¹,
512 3154 625 3200 vos
668 3133 937 3201 libenter
981 3138 1335 3220 presentem
1385 3132 1686 3199 vellemus
1730 3132 1980 3217 habere,
2024 3138 2116 3216 ut,
2164 3152 2322 3218 quae
2352 3152 2495 3216 cum
2527 3153 2599 3200 eo

252 3270 444 3334 agere
501 3249 828 3334 debemus,
887 3254 950 3316 et
994 3248 1062 3315 in
1105 3248 1362 3316 licentia
1407 3248 1839 3335 suscipienda,
1896 3254 2008 3315 tua
2051 3247 2232 3314 nobis
2280 3249 2601 3316 assisteret

249 3365 591 3454 prudentia
636 3371 699 3433 et
741 3365 1026 3453 probitas
1072 3386 1187 3432 nos
1235 3365 1487 3432 (10111110Ι
1532 3365 1670 3450 regi
1717 3364 2200 3433 commendaret.

253 3576 437 3648 417.
478 3580 888 3646 Bernhardus
934 3594 992 3646 et
1027 3581 1365 3669 Greqorius
1409 3582 1595 3668 leyati
1637 3580 1956 3668 apostolici
1986 3579 2333 3646 Wibaldum
2366 3578 2599 3645 Wirze-

481 3690 741 3775 burgum
796 3700 1041 3772 vocant,
1101 3690 1246 3754 inde
1304 3689 1390 3755 ad
1441 3690 1879 3754 monasterium
1936 3687 2298 3755 Stabulerwe
2350 3689 2598 3753 iturum.

2277 3792 2385 3875 (M.
2422 3793 2599 3874 392.)

435 3909 888 3994 Ber(nhardus)
944 3910 1258 3997 presbiter
1273 3905 1296 3939 ⁶
1344 3916 1408 3977 et
1451 3908 1791 3995 Gregorius
1852 3906 2185 3978 diaconus⁷
2230 3907 2349 3977 Dei
2395 3910 2602 3994 gratia
2656 3922 2796 3978 1153

403 4085 444 4118 a.
476 4072 574 4118 eins
604 4073 829 4119 excidisse
859 4072 1051 4117 videtur.
1175 4071 1218 4117 b.
1251 4074 1378 4118 Haec
1409 4073 1603 4130 epistola
1636 4075 1681 4118 in
1712 4072 1870 4118 codice
1890 4072 1956 4117 bis
1975 4074 2130 4131 posita
2151 4080 2243 4116 est.-
2276 4073 2319 4117 1.
2347 4072 2434 4127 fol.
2453 4071 2542 4115 143
2555 4088 2599 4125 v,
2635 4009 2674 4042 ⁰·
2700 3998 2812 4055 Aug.

255 4155 303 4199 2.
340 4152 428 4209 sol.
453 4152 559 4198 145.
717 4165 757 4198 c.
800 4151 844 4197 .l.
878 4153 931 4207 1,
972 4150 1023 4196 L.
1057 4153 1101 4197 2.
1259 4152 1303 4198 d.
1347 4150 1531 4198 substiti
1575 4152 1618 4197 1.
1776 4165 1817 4196 e.
1857 4151 2059 4209 autiqum
2101 4152 2143 4195 1.
2299 4149 2331 4195 f.
2369 4147 2458 4195 Vffi
2491 4151 2533 4195 1.
2555 4151 2599 4196 2.

256 4246 302 4292 g.
335 4231 573 4279 Michaelis
614 4233 659 4278 2.
782 4231 828 4278 h.
860 4231 1112 4278 Edeneseffi
1152 4233 1195 4279 2.
1320 4231 1352 4279 i.
1384 4231 1656 4278 warmatiae
1689 4233 1733 4278 2.
1857 4229 1902 4276 k.
1944 4230 2105 4276 iterum
2141 4231 2181 4275 1.
2307 4229 2338 4275 l.
2369 4229 2522 4277 domni
2555 4232 2599 4277 2.

404 4318 452 4371 1.
500 4316 643 4374 diac.
682 4318 827 4374 card.
864 4316 918 4374 S.
946 4317 1169 4388 Angeli.
1322 4318 1374 4372 2.
1420 4316 1657 4388 Eugenii
1696 4315 1777 4371 111
1820 4315 2021 4371 mortui
2066 4315 2157 4370 die
2203 4317 2239 4370 8
2277 4315 2403 4372 Iulii
2442 4318 2596 4372 1153.

257 4407 315 4462 3.
358 4404 641 4462 Auastasii
687 4407 780 4476 IV,
827 4407 1134 4463 consecrati
1181 4406 1272 4462 die
1319 4407 1387 4462 12
1433 4405 1577 4461 Iulii.
1625 4405 1694 4462 V.
1729 4405 1866 4476 ch.
1894 4402 2092 4475 pontif.
2126 4404 2356 4459 Roman.
2392 4420 2450 4474 p.
2474 4405 2597 4461 653.

253 4495 310 4639 ξ.
358 4493 531 4640 gepAt1¹
532 4495 644 4655 {gh
808 4496 860 4551 5.
908 4496 1248 4552 Hartwicum
1290 4494 1782 4566 archiepiscopum.
1957 4494 2006 4549 6.
2056 4491 2142 4549 tit.
2187 4492 2245 4550 S.
2280 4494 2594 4552 Clementis.
