3319 5242
703 375 835 441 296
1358 390 1655 438 wmALm
1699 387 2073 437 nmsroms:
2114 386 2207 434 174
2224 410 2273 419 -
2289 386 2394 434 ιη.

529 540 669 597 1149
703 534 1045 602 renitentes
1098 531 1463 617 effecerunt,
1521 538 1596 600 ut
1638 552 1746 598 eos
1790 531 1859 598 in
1904 530 2175 616 gratiam
2219 530 2643 617 reciperemus
2690 535 2757 596 et
2796 534 2920 596 tam
2960 530 3031 596 de

706 670 922 720 eorum
967 655 1222 736 peccato
1268 669 1457 734 quam
1502 649 1581 715 de
1624 668 1790 735 pena
1833 652 1898 715 et
1941 647 2370 714 satisfactione
2412 667 2488 714 ex
2522 645 2783 713 consilio
2813 651 2878 713 et
2904 666 3032 712 sen·

706 766 906 833 tentia
932 770 1147 833 vestra
1190 770 1254 832 et
1293 763 1808 831 ministerialium
1837 763 2232 832 Corbeiensis
2279 762 2576 830 ecclesiae
2616 761 3032 829 diffiniremus.

705 881 1061 969 Eapropter
1117 880 1484 968 scripsimus
1543 880 1796 946 domino
1851 885 2069 946 nostro
2113 880 2647 947 patherburnensi
2701 880 2985 967 episcopo
3001 875 3034 961 ¹,

706 1003 779 1064 ut
833 1017 938 1064 eos
984 997 1063 1064 ab
1110 996 1772 1064 excommunicationis
1818 995 2069 1062 vinculo
2082 1046 2101 1080 ‚
2165 1016 2286 1082 quo
2331 996 2618 1063 innodati
2662 1001 2871 1080 erant,
2929 996 3036 1063 snb

705 1113 1026 1200 predictae
1070 1113 1447 1181 conditionis
1492 1111 1792 1179 firmitate
1837 1111 2141 1197 absolvat,
2188 1117 2252 1179 et
2278 1132 2477 1198 usque
2515 1113 2597 1178 ad
2630 1113 2904 1180 mditum
2931 1133 3037 1179 no-

708 1235 908 1297 strum
956 1230 1037 1297 ad
1083 1251 1194 1297 vos
1240 1249 1461 1318 pacem
1509 1248 1615 1295 eos
1661 1228 1729 1295 in
1773 1232 1947 1295 terra
1989 1228 2220 1296 habere
2262 1230 2608 1316 permittat.

715 1459 886 1532 175.
930 1462 1239 1530 Ger-aldus
1285 1464 1475 1529 abbas
1522 1461 1589 1528 S.
1621 1462 1797 1528 Petri
1843 1461 2354 1528 Solmniacensis
2395 1461 2679 1528 wibaldo
2723 1463 2931 1528 son-ibit
2970 1463 3039 1526 de

927 1580 1056 1644 suis
1101 1580 1397 1665 anqustiis
1432 1602 1554 1664 per
1595 1589 1872 1643 sanctum
1915 1577 2279 1643 Remaclum
2322 1578 2591 1643 sublatis.
2737 1575 2846 1658 (Μ.
2877 1576 3038 1657 159.)

531 1712 673 1770 1149
886 1709 1233 1777 Karissimo
1278 1715 1495 1776 nostro
1541 1716 1606 1778 et
1649 1730 1794 1777 cum
1840 1711 2011 1777 omni
2054 1710 2409 1777 reverentia
2448 1710 2833 1776 nominando
2872 1709 3038 1790 G(ui-

706 1825 917 1909 baldo)
986 1826 1214 1893 domno
1282 1826 1496 1894 abbati
1555 1826 1773 1894 Sancti
1827 1826 2106 1894 Remacli
2161 1827 2240 1892 de
2292 1825 2640 1894 Arduenna
2693 1824 3038 1908 G(eraldus)

709 1962 859 2009 suus
874 1992 894 2026 ,
950 1942 1144 2010 abbas
1201 1941 1418 2010 Sancti
1459 1942 1632 2010 Petri
1681 1938 2136 2028 Sollemniaci²,
2194 1941 2272 2009 de
2327 1943 2561 2010 virtute
2617 1944 2683 2010 in
2729 1944 3038 2026 virtutem,

709 2058 921 2125 videre
965 2057 1171 2140 Deum
1215 2058 1474 2125 deorum
1516 2059 1586 2126 in
1632 2054 1856 2146 Syon⁸.

885 2173 1056 2241 Ante
1123 2175 1336 2241 omnia
1388 2175 1568 2242 vobis
1634 2175 1959 2242 karissimi
2011 2174 2316 2262 petimu8‚
2386 2175 2680 2260 quatinus
2736 2175 3046 2242 communi

708 2290 878 2379 patri
920 2296 1137 2357 nostro
1184 2295 1399 2358 sancto
1427 2289 1723 2358 Remaclo
1767 2291 2005 2376 gratias
2050 2311 2236 2375 agere
2281 2295 2346 2358 et
2388 2311 2605 2378 preces
2640 2293 2885 2378 pariter
2912 2293 3046 2359 fun-

709 2408 887 2491 dere,
948 2411 1022 2473 ut
1074 2406 1190 2473 filii
1248 2407 1609 2491 domestici,
1666 2427 1780 2494 pro
1837 2407 2018 2476 nobis
2063 2407 2365 2474 fratribus
2409 2408 2638 2474 vestris
2683 2409 3044 2493 dignemini.

710 2521 962 2590 Gratias
1007 2522 1286 2609 inquam,
1333 2524 1482 2610 quia
1524 2544 1662 2608 nos,
1710 2523 2057 2611 opitulante
2085 2522 2243 2608 Deo,
2291 2524 2369 2591 de
2413 2525 2660 2608 magnis
2699 2525 3047 2592 tribulatio-

708 2640 894 2707 nibus
950 2640 1126 2727 pius·
1184 2645 1366 2728 pater
1422 2645 1632 2708 erutos
1677 2641 1746 2707 in
1789 2660 2021 2725 magna
2063 2660 2220 2727 pace
2267 2642 2348 2707 ad
2391 2661 2649 2727 presens
2695 2644 3048 2724 constituit3

709 2775 928 2843 preces
967 2755 1158 2822 etiam
1188 2756 1674 2824 nichilhominus
1702 2757 1965 2825 fundere
1997 2777 2210 2843 queso,
2259 2758 2573 2844 quatinu8‚
2604 2758 2769 2824 sicut
2799 2764 3050 2825 actenus

713 2873 872 2940 bene
901 2873 1245 2957 consuevit,
1276 2874 1662 2960 patrocinari
1689 2894 1805 2940 nos
1829 2894 2027 2959 usque
2058 2873 2125 2939 in
2149 2879 2473 2941 aeternum
2494 2894 2622 2940 non
2644 2873 2915 2956 desinat.
2961 2875 3053 2942 De

712 2989 938 3056 vestris
970 2995 1183 3056 autem
1210 2990 1692 3059 necessitatibus
1726 2991 1888 3058 scire
1916 2989 2226 3074 volumus,
2258 2990 2567 3075 quomodo
2595 3010 2748 3075 erga
2768 3011 2882 3057 vos
2915 2992 3053 3079 pius

710 3111 893 3194 pater
924 3110 990 3172 et
1016 3111 1320 3193 patronus
1352 3113 1646 3194 operetur
1678 3112 1743 3174 et
1771 3106 2132 3195 opituletur.
2169 3105 2412 3192 Valete,
2442 3106 2670 3175 fratres
2701 3112 2767 3174 et
2796 3107 3050 3175 domini.

723 3316 893 3388 176.
932 3320 1249 3407 Ψῷαἷάυε
1288 3318 1562 3386 Ges-aldo
1609 3321 1818 3386 abbati
1865 3318 2348 3387 Solmniaoerm·
2392 3320 2670 3414 officiose
2712 3324 3054 3409 respondet.

936 3436 1116 3516 Petit,
1163 3446 1233 3500 ut
1276 3447 1542 3524 quatuor
1585 3436 1896 3501 cuniculos
1938 3438 2056 3502 sibi
2098 3438 2314 3502 mittat.
2739 3435 2849 3517 (M.
2882 3437 3053 3517 160.)

539 3580 676 3635 1149
894 3567 1255 3635 Reverendo
1310 3568 1480 3655 patri
1538 3588 1650 3634 suo
1707 3573 1770 3635 et
1827 3569 2080 3635 domino
2125 3568 2446 3653 G(eraldo)
2493 3575 2746 3637 sanctae
2792 3568 3055 3638 Sollem-

714 3684 1026 3751 niacensis
1059 3683 1397 3751 aecclesiae
1426 3684 1772 3752 venerabili
1802 3685 2016 3753 abbati
2045 3691 2110 3752 et
2136 3686 2436 3753 fratribus
2465 3686 2699 3755 ibidem
2723 3686 2861 3752 Deo
2891 3683 3056 3754 mili·

715 3800 996 3867 tantibus
1026 3800 1225 3867 frater
1247 3798 1593 3868 Guibaldus
1617 3801 1741 3868 Dei
1762 3802 1969 3886 gratia
1990 3802 2288 3869 ecclesiae
2314 3802 2487 3869 beati
2507 3801 2787 3869 Remacli
2817 3824 3055 3887 servus,

716 3937 877 4003 quae
923 3922 1020 3983 est
1062 3916 1129 3983 in
1162 3916 1520 4001 Stabulaus,
1566 3917 1831 3985 salutem
1873 3919 1940 3984 in
1972 3938 2065 4002 eo,
2112 3919 2221 4004 qui
2249 3919 2511 3985 mandat
2551 3918 2786 3986 salutes
2817 3915 3052 3987 Iacob⁴.
3124 3900 3131 3907 ¹

892 4032 1145 4102 Literae
1188 4038 1435 4101 vestrae
1487 4033 1568 4100 ad
1609 4054 1725 4101 nos
1771 4055 1888 4121 per
1928 4054 2156 4121 pueros
2201 4041 2443 4102 vestros
2486 4035 2768 4123 perlatae
2811 4042 3058 4103 vestrae

712 4150 1151 4238 prosperitatis
1210 4156 1275 4218 et
1332 4150 1655 4237 sospitatis
1700 4151 1937 4218 indices
1984 4151 2266 4233 fuerunt3
2324 4171 2484 4238 quae
2527 4156 2703 4218 tanto
2750 4172 2869 4219 nos
2914 4173 3056 4240 pro·

713 4268 1005 4354 pensiore
1048 4267 1276 4351 gaudio
1321 4266 1744 4355 repleverunt,
1790 4273 2025 4354 quanto
2040 4266 2064 4305 ¹·
2108 4287 2223 4355 per
2266 4268 2438 4355 ipsas
2472 4268 2706 4335 fuimus
2737 4270 3054 4351 certiore&

857 4422 897 4455 a.
937 4394 1024 4468 pus
1057 4426 1097 4454 e.
1229 4408 1275 4455 b.
1306 4411 1444 4469 quate
1478 4427 1518 4455 e.

861 4496 911 4548 1.
947 4493 1287 4551 Bernhardo.
1393 4496 1446 4551 2.
1483 4492 1663 4552 dioec.
1688 4495 2119 4553 Lemovicensis.
2226 4498 2278 4553 3.
2309 4497 2402 4553 Ps.
2423 4496 2512 4567 83,
2534 4496 2588 4553 8.
2696 4497 2752 4554 4.
2781 4498 2873 4555 Ps.
2898 4496 3051 4567 43,5.
