3319 5242
768 436 896 503 174
1542 455 1842 504 wmanm
1881 455 2212 504 nns'rona
2255 455 2332 501 ss.

770 590 895 664 99.
941 598 1305 664 Adelbertus
1329 601 1727 685 praepositum
1759 600 2135 666 Cor-heims&
2172 599 2524 665 Wibaldmn
2549 597 2933 664 vehementer
2958 597 3094 663 hor-

839 752 842 759 ·
943 723 1127 795 tatur,
1173 726 1242 778 ut
1285 737 1473 802 quam
1508 717 1789 801 primum
1832 716 2063 781 redeat.
2134 716 2334 781 Addit
2377 716 2454 780 de
2482 714 2897 781 Fuldevwibm
2940 724 2996 778 et
3025 713 3093 777 de

945 831 1162 896 abbate
1191 830 1632 919 Herqfeldemt‘.
2678 867 2683 871 ·
2829 827 2941 911 (Μ.
2972 828 3094 908 82.)

590 972 729 1027 1148
943 961 1214 1028 Domino
1259 983 1372 1029 suo
1417 962 1763 1030 venerabili
1794 962 2159 1030 Gorbeiensi
2205 963 2419 1030 abbati
2447 963 2645 1029 frater
2674 961 3096 1044 A(delbertus)

762 1078 1121 1165 prepositus
1167 1077 1560 1146 Corbeiensis
1619 1085 1755 1146 tam
1811 1079 2105 1147 devotam
2162 1099 2349 1166 quam
2411 1080 2687 1147 debitam
2745 1081 2919 1167 patri
2960 1080 3098 1163 obe-

765 1194 1087 1262 dientiam.
1197 1188 1207 1197 “
2427 1228 2435 1235 ·

939 1310 1083 1378 Non
1134 1310 1424 1377 videatur
1468 1311 1646 1377 vobis
1693 1311 1951 1396 durum,
2011 1312 2068 1378 si
2113 1306 2298 1378 solito
2346 1313 2648 1379 attentius
2693 1333 2806 1379 vos
2852 1332 3102 1380 revoca-

762 1448 934 1510 mus;
984 1427 1152 1513 quia,
1202 1426 1369 1512 quod
1412 1426 1638 1494 honori
1684 1431 1893 1494 vestro
1940 1429 2256 1513 timemus,
2304 1429 2473 1515 quod
2516 1429 2817 1496 ecclesiae
2861 1435 3104 1496 vestrae

763 1544 1212 1610 detrimentum
1255 1544 1668 1610 formidamus
1681 1594 1700 1629 ,
1759 1565 1839 1611 ex
1884 1545 2216 1611 dilectione
2261 1550 2387 1629 est,
2435 1565 2562 1631 qua
2603 1565 2716 1612 vos
2761 1546 3104 1630 diligimus,

764 1680 844 1726 ex
887 1658 1011 1727 fide
1057 1665 1173 1744 est,
1221 1681 1410 1746 quam
1457 1659 1757 1729 ecclesiae
1801 1660 2118 1728 debemus.
2189 1659 2393 1727 Multa
2436 1661 2746 1748 siquidem
2792 1663 2969 1749 apud
2998 1681 3107 1728 nos

763 1780 1087 1860 geruntur,
1132 1796 1248 1862 pro
1296 1776 1521 1862 quibus
1567 1778 1764 1843 vestri
1808 1779 2192 1864 presentiam
2238 1777 2423 1843 valde
2467 1779 2889 1845 necessariam
2922 1780 3110 1846 habe-

763 1912 935 1975 mus,
997 1892 1073 1958 de
1129 1892 1355 1978 quibus
1408 1894 1546 1979 ipse
1599 1914 1859 1980 presens
1908 1894 2326 1960 abundantius
2373 1894 2668 1961 videbitis
2681 1946 2700 1981 ,
2758 1917 2957 1980 quam
3000 1916 3112 1962 nos

765 2008 1009 2075 absenti
1064 2009 1317 2094 scriptis
1361 2009 1685 2076 insinuare
1728 2009 2041 2096 possimus
2056 2060 2075 2093 ,
2122 2015 2336 2096 preter
2379 2010 2491 2076 illa
2506 2060 2525 2095 ,
2572 2031 2732 2096 quae
2778 2012 3013 2097 adhuc,
3059 2013 3111 2078 si

764 2145 1008 2192 moram
1060 2125 1367 2209 feceritiS,
1424 2131 1688 2213 propter
1735 2126 2083 2193 absentiam
2129 2132 2408 2193 vestram
2450 2128 2665 2193 futura
2709 2148 2847 2195 esse
2891 2129 3116 2195 formi-

763 2241 1004 2308 damus.
1074 2241 1217 2308 Una
1262 2243 1494 2309 etenim
1539 2263 1685 2326 voit,
1733 2242 1952 2309 eadem
1998 2244 2313 2309 sententia
2348 2244 2648 2328 omnium,
2699 2246 2808 2330 qui
2838 2244 3119 2329 diligunt

763 2377 908 2425 vos:
965 2357 1122 2425 utile
1179 2379 1348 2443 esse,
1408 2360 1574 2445 quod
1621 2359 1856 2445 absque
1903 2358 2203 2425 dilatione
2247 2360 2520 2426 redeatis
2579 2366 2671 2444 et,
2716 2381 2799 2428 ne
2843 2381 2983 2447 qua
3026 2362 3119 2428 in-

765 2474 1202 2541 convenientia
1247 2475 1416 2561 apud
1459 2495 1574 2541 nos
1622 2475 1937 2559 oriantur,
2000 2496 2161 2560 quae
2203 2476 2606 2562 postmodum
2651 2497 2799 2542 cum
2842 2476 3123 2545 difficul-

765 2594 898 2657 tate
951 2590 1214 2677 reprimi
1260 2595 1577 2678 oporteat,
1639 2591 2047 2679 precaveatiS.
2116 2590 2298 2659 Licet
2341 2593 2508 2659 enim
2553 2612 2682 2660 non
2726 2594 3121 2679 ignoremus,

766 2707 953 2793 quod,
999 2708 1057 2774 si
1088 2709 1157 2773 in
1185 2708 1649 2794 presentiarum
1682 2708 2020 2792 redieritis,
2068 2727 2383 2775 annonam
2414 2729 2664 2775 omnem
2695 2711 2913 2796 precio
2952 2732 3126 2778 com-

766 2844 994 2910 parare
1039 2824 1339 2908 debeatis,
1387 2844 1514 2890 non
1561 2829 1774 2890 tamen
1812 2825 2061 2891 videtur
2089 2825 2271 2891 nobis
2303 2831 2531 2909 tutum,
2580 2826 2747 2911 quod
2775 2834 3130 2913 propterea

767 2940 1003 3006 diutius
1046 2940 1447 3025 remaneatis,
1495 2945 1593 3006 set
1626 2941 1844 3007 statim
1873 2947 2020 3026 post
2063 2947 2351 3028 acceptas
2394 2941 2640 3007 litteras
2685 2940 2800 3007 has
2847 2942 2930 3009 de
2981 2944 3129 3010 red-

766 3057 862 3122 itu
916 3062 1127 3124 vestro
1187 3057 1569 3144 disponatis,
1629 3058 1779 3142 quia
1832 3059 2050 3143 utique
2106 3057 2485 3124 laudabilius
2532 3062 2632 3124 est
2675 3062 2739 3124 et
2780 3058 2976 3126 nobis
3023 3080 3129 3127 ca-

767 3173 930 3258 rius,
989 3173 1156 3259 quod
1208 3180 1537 3257 argentum
1581 3179 1864 3240 vestrum
1910 3194 2100 3259 quam
2142 3174 2445 3240 honorem
2491 3174 2792 3260 perdatis.
2867 3175 3130 3242 Scimus

769 3290 980 3372 etiam,
1029 3289 1216 3375 quod,
1264 3308 1407 3356 cum
1437 3290 1757 3373 veneritiS,
1803 3289 2006 3368 multa
2040 3309 2201 3375 quae
2245 3310 2447 3375 neque
2493 3291 2877 3357 camerarius
2910 3299 3135 3359 vester

767 3424 971 3490 neque
1015 3424 1132 3470 nos
1178 3425 1544 3491 possumus,
1606 3426 1723 3491 per
1766 3426 1878 3472 vos
1925 3407 2300 3492 acquiretis,
2358 3407 2507 3490 quia
2548 3427 2660 3472 vos
2706 3427 2821 3493 per
2865 3409 3137 3476 miseri-

767 3520 1044 3588 cordiam
1091 3520 1212 3587 Dei
1268 3521 1462 3587 talem
1520 3540 1659 3587 esse
1718 3522 1981 3606 scimus,
2044 3524 2151 3609 qui
2208 3529 2273 3590 et
2328 3523 2506 3590 vobis
2552 3527 2617 3588 et
2659 3523 2841 3589 nobis
2890 3524 3133 3591 solatio

769 3658 906 3704 esse
959 3638 1235 3724 possitis.
1314 3638 1456 3704 Non
1511 3642 1764 3704 moveat
1821 3659 1964 3724 vos,
2023 3640 2190 3725 quod
2246 3640 2501 3705 domum
2560 3639 2642 3705 ad
2696 3639 3133 3707 habitandum

767 3775 895 3821 non
949 3754 1195 3821 habetis
1253 3753 1421 3839 apud
1477 3773 1593 3820 nos
1607 3803 1626 3837 ‚
1689 3755 1838 3840 quia
1882 3756 2050 3842 apud
2098 3756 2400 3823 Sanctum
2444 3754 2820 3821 Martinum·
2864 3755 3135 3824 habita-

769 3871 978 3937 culum
1023 3852 1207 3937 {walde
1250 3870 1647 3935 commodum
1693 3876 1757 3938 et
1800 3877 2111 3938 secretum
2154 3893 2353 3959 usque
2395 3873 2477 3939 ad
2507 3873 3136 3941 consummationem

770 3987 990 4053 domus
1033 3990 1281 4052 vestrae
1326 3985 1503 4052 vobis
1548 3988 1960 4073 previdimuS,
2006 3989 2116 4055 ubi
2161 4009 2305 4055 cum
2351 3990 2523 4055 omni
2552 3990 2883 4056 devotione
2913 3989 3139 4058 liben-

769 4108 867 4199 ter
931 4102 1058 4189 ipsi
1125 4101 1305 4168 vobis
1373 4103 1749 4188 serviemus,
1824 4109 2072 4171 tantum
2139 4109 2499 4191 presentem
2566 4126 2676 4172 vos
2743 4103 3132 4173 habeamus,

769 4220 1108 4286 Annonam
1174 4219 1442 4285 fratrum
1511 4221 1550 4287 3
1603 4220 1832 4288 villicis
1900 4222 2136 4288 nostris
2200 4226 2310 4287 aut
2366 4222 2477 4288 vix
2535 4226 2644 4287 aut
2697 4219 2869 4286 nullo
2925 4224 3137 4289 modo

772 4341 1144 4422 extorquere
1187 4336 1318 4403 iam
1362 4356 1718 4421 possumus.
1854 4337 2198 4404 Fuldenses
2242 4337 2684 4404 nichilominus
2724 4338 3142 4423 presentiam

770 4457 1046 4520 vestram
1100 4452 1299 4520 multo
1359 4453 1671 4520 desiderio
1726 4457 2091 4540 expectant,
2152 4455 2303 4540 quia
2357 4453 2661 4521 aecclesia
2714 4472 2831 4519 sua
2840 4451 2888 4538 ⁵,
2951 4474 3141 4539 quae

894 4591 936 4625 a.
977 4576 1109 4624 Mart.
1139 4593 1187 4626 c:
1302 4577 1347 4625 b.
1386 4580 1472 4626 υἷα
1501 4596 1542 4626 e.
