3319 5242
664 463 798 529 486
1325 474 1622 521 wmanm
1669 469 2042 519 nms'ronan
2085 464 2369 514 ase-sss.

496 631 631 684 1152
667 620 977 688 sessiones
1032 619 1206 705 ipsas
1261 615 1604 682 restituant
1661 616 1727 679 et
1784 611 1862 678 ab
1909 609 2188 677 eiusdem
2237 606 2578 674 aecclesiae
2625 604 3017 673 infestatione

494 705 586 751 ω’
604 705 632 751 ⁹
667 739 991 805 desistant.
1090 733 1325 812 Quodsi
1389 732 1555 798 forte
1623 730 1751 796 tuis
1820 726 2080 793 monitis
2149 724 2444 791 oboedire
2508 717 3029 808 contempserint,

667 853 1032 922 canonicam
1079 850 1158 917 de
1201 848 1359 934 ipsis
1403 847 1717 913 iusticiam
1763 844 1980 910 facias.
2072 841 2373 908 Preterea
2414 838 2866 906 nichilominus
2911 837 3021 904 tibi

666 970 1039 1038 mandamus
1053 1017 1073 1052 ,
1128 972 1202 1031 ut
1251 964 1552 1030 fratribus
1598 960 1996 1028 Corbeiensis
2046 957 2386 1025 aecclesiae
2430 956 2509 1022 de
2553 954 2911 1042 piscatione
2954 954 3026 1020 de

667 1087 965 1169 Hokwar,
1014 1103 1174 1170 quae
1220 1081 1260 1148 a
1303 1077 1739 1165 parrochianis
1783 1077 1932 1159 tuiS,
1980 1075 2146 1142 sicut
2191 1074 2568 1160 accepimus,
2613 1071 2842 1137 illicite
2873 1069 3027 1136 deti-

667 1208 874 1286 netur,
921 1200 1088 1286 quod
1131 1198 1369 1264 iustum
1413 1195 1625 1279 fuerit,
1671 1192 1867 1259 facias
1915 1190 2218 1258 exhiberi.
2290 1189 2461 1257 Data
2505 1187 2765 1273 Signiae
2808 1188 2854 1255 ἴ)
2885 1186 3027 1253 Idus

669 1317 963 1385 Ianuarii.

676 1527 851 1603 353.
893 1529 1218 1615 Enyenius
1232 1526 1358 1592 III
1358 1549 1542 1613 papa
1558 1522 1855 1589 Heinrico
1879 1521 2340 1609 archiepiscopo
2359 1519 2725 1605 Moyuntt'no
2749 1519 3030 1597 mandat,

893 1657 961 1710 ut
982 1645 1351 1710 monasterio
1381 1642 1729 1707 Corbeiensi
1752 1640 1829 1704 de
1846 1639 2115 1726 praedio
2143 1638 2346 1716 ablato
2372 1638 2468 1699 ius
2491 1636 2673 1699 dicat.
2724 1631 2837 1713 (Μ.
2855 1632 3032 1712 331.)

498 1795 635 1848 1152
850 1778 1061 1846 Idem
1116 1774 1563 1856 H(einrico)
1622 1770 2084 1855 Maguntino
2145 1768 2766 1854 archiepiscopo.

502 1868 593 1914 ¹²¹¹·
610 1868 638 1914 ⁹
851 1893 1375 1978 Unumquemque
1442 1889 1720 1976 propriis
1778 1906 2037 1954 manere
2093 1889 2458 1952 contentum
2514 1902 2632 1950 nec
2685 1883 2769 1948 ad
2828 1881 3037 1949 aliena

673 2011 909 2078 nedum
952 2008 1033 2075 ad
1089 2007 1512 2074 ecclesiastica
1553 2004 1776 2070 illicite
1819 2023 2045 2069 manus
2091 2001 2426 2069 extendere
2439 2011 2484 2085 ⁴,
2528 1997 2854 2065 naturalia
2894 1999 3037 2066 iura

677 2134 742 2194 et
784 2131 1146 2193 sanctorum
1190 2129 1448 2210 patrum
1493 2122 1655 2188 scita
1692 2120 1933 2206 pariter
1962 2122 2414 2185 contestantur.
2476 2115 2611 2195 Quo
2643 2121 2868 2182 contra
2897 2116 3036 2201 qui·

677 2244 823 2310 dam
869 2241 1270 2328 parrochiani
1315 2241 1411 2306 tui
1455 2238 1749 2326 predium
1794 2236 2047 2319 Ostohf,
2103 2233 2300 2320 quod,
2346 2237 2537 2320 prout
2578 2232 2762 2299 nobis
2810 2253 3037 2316 sugge-

679 2366 849 2426 stum
895 2364 1010 2442 est,
1056 2356 1137 2423 ad
1169 2356 1611 2424 corbeiensem
1656 2352 2025 2440 aecclesiam
2062 2350 2318 2437 proprie
2348 2354 2633 2436 spectare
2664 2349 3037 2432 dinoscitur,

679 2475 801 2541 Dei
846 2476 1072 2539 timore
1117 2473 1490 2559 postposito,
1537 2476 1757 2536 contra
1800 2470 1895 2535 fas
1943 2472 2163 2534 contra
2201 2466 2519 2532 iusticiam
2546 2466 2920 2532 invaserunt
2952 2470 3036 2549 et,

681 2592 750 2658 in
794 2609 912 2657 sua
952 2590 1238 2675 nequitia
1281 2589 1718 2676 perdurantes,
1765 2585 2049 2673 prefatae
2093 2583 2430 2651 aecclesiae
2463 2583 2802 2650 restituere
2831 2581 3037 2649 modis

682 2707 971 2774 omnibus
1026 2706 1481 2773 contradicunt.
1576 2703 1737 2783 Quia
1780 2703 2006 2787 igitur,
2062 2705 2134 2767 ut
2178 2700 2746 2767 ecclesiasticarum
2791 2719 3039 2786 posses-

683 2824 930 2890 sionum
976 2829 1263 2909 raptores
1311 2823 1389 2889 ab
1436 2819 1824 2888 alienarumb
1853 2838 2068 2886 rerum
2113 2817 2359 2884 discant
2399 2817 2726 2883 invasione
2769 2836 3040 2900 cessare,

684 2939 1020 3026 pastoralis
1067 2939 1345 3004 maxime
1366 2946 1368 2948 ’
1391 2958 1543 3004 cura
1587 2937 1775 3003 debet
1821 2936 2113 3017 existere,
2158 2953 2274 3020 per
2303 2934 2625 3019 presentia
2653 2932 2772 2999 tibi
2802 2933 3043 3018 scripta

685 3056 1080 3152 mandamus,
1126 3056 1421 3140 quatinus
1469 3054 1548 3122 de
1593 3051 1990 3119 invasoribus
2027 3050 2254 3117 dilecto
2286 3048 2415 3116 filio
2445 3054 2662 3116 nostro
2693 3047 3037 3130 W(ibaldo)

686 3171 1052 3239 Corbeiensi
1110 3170 1323 3238 abbati
1384 3175 1447 3239 et
1500 3169 1804 3237 fratribus
1858 3167 2060 3255 ipsius
2116 3166 2393 3233 debitam
2448 3165 2766 3232 iusticiam
2820 3164 3039 3232 facias·

685 3288 855 3354 Data
897 3292 970 3354 ut
1013 3306 1226 3373 supra.
1690 3288 1693 3291 ’

513 3487 654 3608 {3}
694 3491 868 3562 354.
910 3491 1117 3557 Idem
1172 3490 1560 3577 scriptum
1623 3492 1744 3556 est
1804 3485 2217 3555 Cuonrado
2269 3485 2821 3554 wormaciensi
2874 3485 3040 3572 epi-

913 3628 1184 3695 scop0,
1231 3606 1434 3692 quod
1477 3603 1951 3690 Magantino.

697 3847 871 3919 355.
914 3849 1238 3936 Euqenius
1251 3849 1334 3913 II
1331 3849 1372 3912 I
1379 3870 1557 3934 papa
1585 3846 1917 3911 Ber-nardo
1944 3848 2227 3933 episcopo
2248 3845 2747 3912 Paderbomensi
2764 3844 3041 3924 mandat,

914 3977 1094 4052 coqat
1128 3965 1566 4045 Widilcindum‚
1614 3973 1685 4028 ut
1726 3964 2098 4028 monasterio
2149 3963 2498 4029 Corbeiensi
2541 3983 2702 4048 quae
2732 3961 3045 4026 abstulerit

914 4083 1154 4148 reddat.
2506 4156 2509 4159 Α
2715 4073 2827 4156 (Μ.
2863 4075 3038 4156 332.)

519 4224 660 4345 {inmo
872 4215 1210 4283 Domnus
1256 4233 1455 4300 papa
1493 4210 1896 4295 Eugenius
1940 4208 2334 4277 Bernardo
2364 4207 3041 4276 Patherburnensi

696 4350 1092 4419 episcopo.

873 4446 1146 4512 Veniens
1195 4444 1275 4510 ad
1310 4449 1589 4510 nostram
1623 4443 2010 4530 presentiam
2042 4443 2305 4510 dilectus
2335 4440 2500 4507 filius
2535 4445 2752 4508 noster
2780 4439 3039 4521 W(ibal-

840 4602 882 4638 a·
925 4587 1092 4636 debere
1122 4587 1348 4636 excidisse
1378 4588 1568 4635 videtur.
1693 4585 1737 4633 b.
1779 4585 1969 4632 aliarum
2000 4603 2039 4632 c.
