3319 5242
925 441 1221 489 wmALm
1262 440 1634 490 nrts‘rom
1678 439 1784 487 188.
1819 438 1924 488 184.
2460 422 2592 490 303

265 575 433 651 183.
469 580 788 649 Wibaldus
816 582 1110 651 Heinrioo
1158 586 1443 673 episcopo
1473 585 1790 651 Mandemi
1834 586 1912 650 de
1953 585 2167 651 litteris
2207 586 2407 651 missi-5
2440 607 2592 672 yra-

475 700 596 764 to'as
617 725 620 734 ·
639 701 787 786 ayit.
850 701 1079 787 Requi,
1099 767 1106 772 ,
1124 712 1196 766 ut
1238 701 1360 766 litis
1400 725 1551 768 suae
1595 702 2055 788 componendae
2099 703 2262 767 diem
2308 712 2367 765 et
2394 699 2595 765 Iocum

474 825 721 881 statuat.
2271 813 2380 896 (Μ.
2420 815 2593 897 149.)

431 946 795 1013 Reverendo
849 949 1018 1033 patri
1071 968 1184 1015 suo
1240 954 1304 1016 et
1358 949 1611 1015 domino
1668 948 2014 1032 H(einrico)
2060 948 2403 1016 venerabili
2461 949 2596 1035 epi-

251 1082 445 1150 scopo
488 1061 836 1130 Mindensis
890 1063 1188 1132 ecclesiae
1230 1065 1427 1133 frater
1458 1064 1835 1148 Wib(aldus)
1881 1064 2001 1131 Dei
2045 1065 2251 1149 gratia
2291 1065 2380 1149 id,
2427 1065 2595 1151 quod

250 1186 352 1246 est
393 1181 464 1246 in
507 1179 773 1247 ecclesia
805 1179 1131 1266 catholica,
1179 1182 1437 1266 exiguas
1469 1182 1783 1249 orationes
1824 1186 1887 1248 et
1919 1180 2215 1248 devotum
2245 1182 2591 1248 servitium.

431 1295 692 1363 Gratias·
752 1296 1079 1363 referimus
1136 1303 1383 1365 vestrae
1449 1297 1836 1382 celsitudini,
1903 1298 2071 1383 quod
2127 1318 2242 1385 per
2297 1297 2594 1364 dilectum

205 1413 210 1418 ’
246 1413 516 1480 fratrem
559 1418 847 1480 nostrum
890 1414 1263 1498 magistrum
1292 1414 1361 1481 G.
1409 1419 1474 1482 et
1514 1434 1630 1500 per
1674 1413 1918 1480 litteras
1948 1418 2195 1481 vestrae
2239 1413 2594 1481 dilectionis

248 1530 667 1614 exiguitatem
718 1535 1003 1596 nosti-am
1045 1531 1370 1597 visitastis.
1461 1529 1623 1609 Quia
1673 1531 1843 1597 enim
1888 1531 1966 1597 de
2010 1531 2231 1616 verbo,
2288 1530 2455 1616 quod
2500 1535 2596 1597 est

245 1648 420 1714 inter
465 1666 602 1731 nos,
648 1645 901 1713 solliciti
942 1646 1198 1731 fuimus,
1246 1651 1310 1713 et
1347 1646 1657 1713 sinceram
1688 1648 1854 1713 inter
1882 1667 1998 1714 nos
2029 1667 2167 1714 esse
2195 1646 2596 1714 dilectionem

246 1783 446 1850 quam
500 1762 762 1829 alicuius
814 1762 1165 1830 discordiae
1215 1783 1447 1829 nevum
1491 1767 1968 1850 preoptaremus
1981 1813 2000 1848 ,
2057 1764 2376 1850 proxime,
2433 1764 2597 1830 sicut

244 1879 602 1966 paternitas
658 1884 870 1946 vestra
934 1879 1328 1963 recordatur,
1397 1900 1511 1966 per
1566 1879 1822 1946 fratrem
1880 1885 2167 1947 nostrum
2222 1879 2292 1946 G.
2350 1879 2595 1946 litteras

243 2001 505 2064 vestrae
547 1995 894 2063 sinceritati
938 1995 1301 2080 direximus,
1354 1995 1423 2062 in
1468 1995 1694 2081 quibus
1738 1995 1857 2063 hoc
1899 2001 2146 2064 vestrae
2191 1996 2596 2064 excellentiae

245 2110 629 2201 opmlimus,
684 2116 786 2196 ut,
834 2112 1132 2197 quoniam
1175 2111 1415 2178 domini
1457 2113 1659 2178 nostri
1714 2113 1992 2199 episcopi
2035 2110 2596 2180 Patherburnensis

244 2234 313 2296 et
339 2225 883 2311 Monasteriensis,
927 2227 1270 2295 maioribus
1313 2228 1580 2295 forsitan
1624 2227 1831 2294 causis
1874 2228 2185 2315 impediti,
2232 2228 2314 2295 ad
2343 2234 2597 2296 nostrae

243 2363 484 2412 causae
534 2343 1050 2432 compositionem
1095 2343 1309 2411 venire
1366 2344 1775 2429 distulerunt,
1833 2364 1950 2410 nos
1995 2345 2171 2411 vobis
2226 2344 2461 2431 absque
2506 2346 2597 2412 eis

241 2460 389 2530 loco
436 2464 503 2529 et
542 2465 858 2548 tempore,
910 2481 1032 2547 quo
1075 2466 1322 2528 vestrae
1368 2460 1718 2546 dignationi
1760 2459 2196 2547 complaceret,
2243 2480 2597 2528 occurrere-

242 2597 414 2644 mus.
487 2574 560 2643 In
602 2575 721 2645 hac
764 2577 1075 2664 peticione
1116 2597 1611 2665 perseveramus,
1658 2582 1723 2645 et
1765 2582 1837 2644 ut
1881 2577 2049 2645 diem
2093 2582 2157 2645 et
2198 2577 2426 2665 locum,
2473 2599 2596 2665 quo

243 2694 432 2762 vobis
480 2699 785 2780 oportune
829 2699 893 2760 et
934 2698 1069 2761 tute
1114 2694 1427 2780 possimus
1473 2714 1820 2780 occurrere,
1865 2695 2045 2762 nobis
2091 2695 2452 2780 designetis,
2498 2696 2595 2762 in-

243 2816 498 2878 stanter
542 2809 952 2896 postulamus.
1014 2810 1232 2878 Parati
1267 2811 1436 2878 enim
1466 2832 1704 2896 sumus,
1750 2812 1913 2878 sicut
1943 2811 1981 2878 a
2009 2812 2320 2899 principio
2350 2817 2597 2879 vestrae

242 2926 760 2995 commonitionis
802 2925 974 3013 loqui
1018 2928 1472 3011 consuevimus,
1525 2928 1949 2995 innocentiam
1991 2933 2276 2995 nostram
2317 2929 2387 2994 in
2430 2927 2595 2995 facto

241 3049 472 3111 nostro
502 3042 679 3110 vobis
724 3042 1072 3128 ostendere,
1118 3065 1307 3129 quam
1352 3044 1553 3110 sicubi
1595 3045 1806 3111 minus
1836 3043 2114 3111 valemus
2143 3044 2594 3129 demonstrare,

243 3166 385 3228 tam
429 3159 610 3226 vobis
664 3180 853 3245 quam
898 3159 1196 3227 ecclesiae
1239 3165 1485 3228 vestrae
1530 3161 1613 3227 ad
1656 3180 1907 3226 omnem
1951 3160 2265 3226 iusticiam
2308 3159 2594 3227 volumus

244 3276 636 3344 satisfacere.
698 3275 886 3343 Diem
932 3281 996 3342 et
1035 3275 1263 3361 locum,
1311 3298 1433 3364 quo
1480 3282 1627 3364 apte
1673 3282 1737 3343 et
1770 3296 1987 3343 secure
2015 3277 2329 3364 possimus
2360 3277 2594 3361 venire,

244 3392 320 3459 in
363 3397 582 3459 vestra
633 3391 1027 3458 ordinatione
1076 3394 1388 3479 ponimus.
1480 3392 1645 3460 Nam
1689 3393 2128 3460 necessitatem
2175 3398 2239 3460 et
2281 3414 2437 3480 quas
2482 3414 2596 3480 pa-

245 3508 449 3575 timur
495 3508 815 3593 angustias
862 3513 927 3576 et
970 3514 1218 3595 partem
1260 3506 1684 3596 periculorum
1727 3515 2086 3577 nostrorum
2116 3509 2359 3594 legatus
2389 3516 2598 3578 vester

245 3623 542 3692 occulata
584 3623 707 3691 fide
751 3625 904 3692 satis
949 3624 1279 3692 intellexit.

258 3837 438 3910 184.
484 3839 692 3906 Guido
740 3842 1105 3923 cardinalis,
1154 3866 1187 3908 e
1230 3841 1498 3907 Polom‘a
1541 3864 1839 3922 reversus,
1885 3840 2234 3908 Wibaldum
2276 3844 2344 3907 in
2390 3843 2595 3909 Saxo-

481 3958 654 4021 niam
696 3968 889 4022 vocat.
2269 3955 2378 4038 (Μ.
2422 3958 2595 4039 165.)

435 4078 692 4161 G(uido)
723 4078 845 4147 Dei
887 4078 1094 4165 gratia
1135 4085 1386 4147 sanctae
1414 4079 1734 4147 Romanae
1765 4079 2102 4149 aecclesiae
2130 4081 2428 4147 diaconus
2459 4099 2595 4146 car-

250 4191 522 4263 dinalis¹
567 4200 633 4262 et
687 4195 1067 4282 apostolicae
1125 4196 1291 4263 sedis
1349 4195 1592 4280 legatus
1647 4196 1993 4264 venerabili
2036 4198 2220 4263 fratri
2251 4195 2592 4280 W(ibaldo)

252 4311 475 4379 abbati
521 4310 881 4379 Stabulensi
925 4311 1192 4379 salutem
1237 4317 1301 4379 et
1344 4311 1762 4379 dilectionem.

437 4427 847 4496 Fraternitati
915 4433 1162 4497 vestrae
1227 4429 1623 4514 presentibus
1692 4428 1944 4514 scriptis
2003 4426 2325 4496 notificare
2380 4429 2592 4497 decre-

402 4551 452 4605 1.
491 4549 548 4606 S.
574 4549 776 4607 Mariae
811 4552 868 4607 in
905 4550 1140 4622 porticu.
1188 4550 1257 4608 V.
1282 4565 1372 4621 ep.
1399 4553 1498 4607 121
1536 4566 1707 4621 supra
1741 4566 1798 4621 p.
1826 4551 1929 4606 195
1964 4567 2020 4607 n.
2043 4550 2096 4605 4.

2632 962 2770 1017 1149

2671 4085 2810 4140 1149

2629 4158 2734 4206 Mai.
2753 4158 2848 4206 lun.
