3319 5242
1063 466 1361 516 wmanm
1403 464 1734 514 nmsrona
1778 465 1885 511 410.
2512 448 2644 515 549

295 609 496 677 ratori
543 607 1258 696 Constantinopolitano,
1309 608 1652 676 fraternam
1700 607 2098 676 dilectionem
2143 613 2208 676 et
2252 608 2330 675 de
2371 607 2646 676 inimicis

295 727 646 795 victoriam.

473 842 929 927 Magnitudinis
974 847 1120 909 tuae
1164 841 1407 908 litteras
1452 862 1656 928 nuper
1691 841 1773 909 ad
1801 846 2086 908 nostram
2117 841 2502 927 presentiam
2529 862 2646 929 per

293 961 588 1028 nuntium
632 965 815 1026 tuum
855 960 1125 1027 directas
1156 978 1299 1025 cum
1328 957 1753 1026 benivolentia
1782 963 1846 1024 et
1877 956 2201 1024 alacritate
2231 957 2640 1045 suscepimus.

292 1077 534 1157 Quibus
588 1076 892 1163 inspectis
951 1080 1015 1143 et
1071 1075 1406 1160 diligenter
1458 1074 1828 1160 intellectis,
1887 1074 2117 1158 gaudio
2172 1076 2373 1160 gavisi
2427 1095 2643 1142 sumus

292 1200 426 1261 tam
483 1193 562 1260 de
621 1193 925 1280 sospitate
983 1192 1374 1259 celsitudinis
1428 1196 1577 1258 tuae
1635 1196 1699 1259 et
1750 1192 2005 1277 imperii
2060 1191 2158 1258 tui
2200 1192 2643 1278 prosperitate,

293 1330 484 1397 quam
530 1309 608 1376 de
653 1315 764 1375 tua
807 1329 958 1393 erga
1000 1309 1434 1393 germanitatis
1478 1313 1731 1375 nostrae
1761 1309 2263 1375 coniunctionem
2296 1306 2640 1375 affectione.

293 1426 618 1512 Siquidem
666 1426 885 1493 beatae
931 1445 1004 1492 ac
1048 1446 1297 1512 semper
1340 1424 1709 1492 recolendae
1751 1424 2093 1492 memoriae
2136 1425 2541 1511 predecessor
2571 1443 2646 1490 ac

291 1547 558 1630 patruus
602 1547 849 1627 noster,
904 1541 1160 1609 inclitus
1204 1542 1661 1628 triumphator,
1709 1541 2143 1608 sanctissimus
2188 1540 2481 1608 videlicet
2522 1541 2641 1606 im-

289 1664 552 1746 perator
581 1658 927 1744 Conradus,
972 1659 1269 1743 moriens,
1316 1678 1458 1725 cum
1502 1680 1616 1727 uos
1665 1658 2047 1726 declarasset
2086 1658 2340 1746 imperii
2371 1659 2469 1724 sui
2501 1677 2639 1724 suc·

290 1797 593 1860 cessores,
637 1776 805 1843 inter
832 1776 1138 1862 precipua
1165 1775 1269 1862 pie
1311 1795 1386 1842 ac
1423 1782 1685 1863 paterne
1717 1774 2224 1846 ammonitionis·
2270 1774 2643 1842 documenta

289 1886 603 1961 instanter
658 1913 774 1960 nos
829 1892 1118 1959 hortatus
1176 1898 1302 1959 est:
1365 1898 1437 1959 ut
1480 1893 1826 1960 amicitiam
1869 1897 2048 1974 tuam
2070 1887 2358 1962 ‘fideliter
2404 1892 2641 1979 ample-

290 2015 604 2077 cteremur
650 2015 713 2077 et
755 2009 1170 2077 fraternitatis
1201 2008 1521 2078 vinculum
1566 2011 1733 2077 inter
1776 2029 1893 2075 nos
1936 2007 2361 2075 indissolubili
2389 2008 2641 2076 vinculo

288 2132 704 2211 necteremus,
737 2132 1047 2212 quatenus
1074 2125 1345 2212 imperia
1372 2130 1591 2193 nostra
1617 2146 1734 2212 per
1765 2124 2163 2191 dilectionem
2194 2145 2389 2190 unum
2418 2124 2645 2193 fierent

290 2249 358 2312 et
401 2244 652 2328 utrique
696 2242 865 2310 idem
912 2244 1149 2309 amicus
1192 2242 1485 2328 idemque
1513 2241 1715 2309 hostis
1747 2242 2064 2308 existeret.
2127 2239 2279 2308 Inde
2310 2246 2427 2325 est,
2475 2241 2642 2326 quod

287 2381 429 2445 nos,
469 2359 984 2444 ammonitionem
1016 2360 1151 2425 eius
1181 2357 1406 2426 effectu
1435 2362 1855 2446 prosequente
1885 2355 2198 2448 cgmplere
2227 2362 2640 2443 maturantes,

290 2483 358 2546 et
403 2478 594 2544 etiam
637 2476 949 2543 voluntati
991 2481 1168 2560 tuae,
1217 2496 1407 2561 quam
1421 2474 1445 2512 ¹³
1492 2495 1571 2542 ex
1613 2474 1846 2542 litteris
1891 2453 2017 2541 tufs
2063 2473 2512 2560 persensimus,
2558 2474 2640 2541 ad

288 2592 782 2662 confirmandam
837 2593 1005 2659 inter
1056 2612 1171 2660 nos
1218 2592 1561 2659 amicitiam
1605 2592 1888 2658 fraterna
1932 2590 2321 2676 benignitate
2365 2591 2639 2658 occurri-

287 2715 518 2794 tantes,
552 2710 633 2776 ad
664 2715 1069 2794 augmentum
1098 2709 1396 2776 firmioris
1426 2709 1795 2776 concordiae
1826 2713 1899 2777 et,
1916 2708 2373 2776 incrementum
2403 2709 2637 2776 utrius-

289 2847 414 2914 que
458 2826 710 2913 imperii
755 2826 1102 2892 thalamum
1147 2825 1327 2892 nobis
1374 2825 1452 2893 de
1497 2825 1643 2892 aula
1685 2823 1938 2912 imperii
1980 2825 2078 2891 tui
2106 2824 2437 2911 preparari
2467 2830 2532 2891 et
2560 2824 2639 2891 de

288 2943 595 3027 sanguine
652 2947 762 3008 tuo
819 2962 1082 3009 uxorem
1137 2942 1363 3010 ducere
1410 2941 1546 3009 Deo
1601 2946 1915 3007 annuente
1971 2940 2420 3008 desideramus.
2512 2939 2637 3007 Ea-

284 3064 550 3149 propter
606 3058 978 3126 sublimitati
1022 3064 1168 3125 tuae
1213 3059 1444 3126 celeres
1491 3063 1555 3125 et
1601 3058 1927 3144 expeditos
1972 3058 2225 3123 nuntios
2270 3057 2637 3144 premittere

286 3176 679 3260 curavimus,
734 3196 848 3262 per
904 3195 1091 3262 quos,
1148 3175 1264 3242 sub
1321 3174 1493 3242 omni
1546 3174 1949 3242 festinatione
2008 3174 2089 3240 ad
2141 3194 2257 3240 nos
2315 3174 2635 3259 remissos,

287 3292 638 3379 sapientiae
703 3296 852 3359 tuae
919 3312 1109 3379 super
1172 3291 1293 3358 hoc
1358 3291 1749 3358 voluntatem
1807 3290 1876 3357 in
1933 3289 2110 3357 brevi
2164 3309 2632 3375 cognoscamus.

287 3402 619 3493 Quoniam,
664 3408 954 3476 omnibus
993 3428 1107 3495 per
1147 3408 1401 3495 imperii
1441 3410 1645 3475 nostri
1679 3407 2077 3475 latitudinem
2105 3407 2468 3493 provinciis,
2512 3406 2636 3474 Dei

286 3529 615 3614 prestante
659 3524 1137 3612 omnipotentia,
1183 3526 1396 3610 quieta
1423 3545 1578 3612 pace
1607 3524 1982 3608 fruentibuS,
2029 3524 2492 3610 expeditionem
2521 3545 2634 3591 no-

287 3645 492 3717 stram
517 3661 739 3709 versus
769 3640 1073 3729 Apuliam
1118 3645 1182 3706 et
1210 3641 1492 3708 Siciliam
1538 3661 1683 3709 cum
1727 3640 1969 3725 ingenti
2001 3641 2360 3728 principum
2387 3647 2633 3708 nostro-

286 3778 433 3827 rum
478 3777 553 3824 ac
596 3757 797 3825 tocius
842 3757 1115 3825 miliciae
1159 3758 1394 3842 favore,
1438 3758 1810 3824 iuramentis
1856 3757 2139 3825 omnium
2183 3778 2261 3825 ex
2307 3778 2482 3826 more
2525 3757 2634 3824 fir-

285 3879 549 3959 matam,
596 3875 1044 3958 ordinavimus,
1092 3878 1154 3940 et
1196 3874 1266 3940 in
1310 3874 1824 3961 supervenientee
1872 3878 2091 3959 estate,
2136 3880 2419 3961 tempore
2462 3873 2632 3940 vide-

285 3992 439 4061 licet
482 4011 604 4076 quo
649 4010 828 4076 reges
875 3989 954 4057 ad
1000 3989 1166 4057 bella
1209 3990 1413 4058 solent
1455 3990 1827 4077 procedere,
1883 3992 1949 4057 in
1993 3991 2363 4058 fortitudine
2401 4009 2632 4074 magna

283 4109 543 4197 imperii
580 4108 783 4174 nostri
812 4106 1008 4194 Alpes
1038 4108 1309 4173 transire
1340 4107 1782 4195 disposuimus.
1843 4106 1978 4190 Eis,
2023 4127 2182 4192 quae
2227 4106 2341 4172 de‘¹
2371 4107 2629 4190 negocio

284 4225 554 4294 instanti
597 4224 993 4312 presentibus
1038 4223 1262 4309 legatis
1291 4224 1438 4290 viva
1468 4244 1617 4291 voce
1663 4222 1928 4291 dicenda
1969 4222 2427 4307 mandavimus,
2472 4221 2627 4289 fides

282 4342 717 4413 indubitanter
763 4342 1149 4410 adhibeatur.

430 4498 473 4534 a.
513 4484 803 4534 monitionis
836 4503 876 4532 c.
998 4484 1043 4532 b.
1074 4480 1150 4547 ιῖιῗι
1182 4501 1221 4531 c.
1347 4496 1386 4529 c.
1417 4482 1605 4542 iusuper
1634 4481 1834 4529 venienti
1865 4500 1904 4528 c.
2029 4480 2074 4531 d.
2117 4480 2174 4533 de
2207 4480 2389 4531 addidi.

2744 615 2770 669 1
2782 615 2882 668 153

2679 701 2719 735 c.
2737 688 2868 735 Mart.
2886 702 2953 735 ex.
