3319 5242
886 427 1183 477 wnmmr
1223 426 1595 477 tuemur.
1634 425 1909 474 1oe—1os.
2431 411 2558 477 183

230 568 589 658 principum
631 567 912 654 consilio,
965 569 1035 635 in
1076 570 1406 653 nativitate
1449 575 1703 637 sanctae
1745 567 1983 637 Mariae
2000 565 2016 597 ¹
2054 569 2560 637 Franckenevort
2596 575 2735 630 1148

231 686 468 753 curiam
510 685 830 755 celebrare
864 688 1219 772 statuimuS,
1264 706 1557 771 rogamus
1588 684 1984 752 dilectionem
2011 690 2207 771 tuam,
2252 691 2324 752 ut
2353 685 2557 752 eidem
2604 649 2721 707 ΑΨ

228 803 438 869 euriae
467 802 777 871 interesse
806 823 934 871 non
987 823 1235 888 renuas,
1282 807 1345 869 et
1386 801 1467 868 ad
1494 800 1964 869 reformandum
2007 802 2187 885 reg-ni
2231 806 2464 883 statum
2494 806 2563 868 et

227 937 449 1005 paoem
490 917 867 986 firmandam
910 919 1171 986 consilio
1217 924 1281 986 et
1315 918 1550 985 auxilio
1584 918 1766 985 nobis
1796 918 2074 984 assistas.
2143 916 2230 983 Et
2262 919 2556 1004 quoniam

230 1034 442 1101 omnia
484 1036 739 1119 negotia
779 1042 998 1103 nostra
1038 1041 1173 1102 tam
1214 1035 1467 1122 privata
1510 1054 1699 1120 quam
1743 1033 1996 1120 publica
2032 1053 2147 1119 per
2175 1038 2240 1100 te
2270 1034 2558 1102 ordinare

227 1150 678 1236 desideramus,
724 1157 790 1219 et
830 1157 902 1218 ut
935 1151 1004 1218 in
1034 1152 1253 1218 eadem
1296 1151 1471 1217 curia
1508 1170 1626 1217 nos
1658 1155 1722 1217 et
1748 1149 2002 1234 negotia
2029 1154 2248 1215 nostra
2275 1157 2558 1219 manute-

227 1287 396 1351 neas,
429 1267 802 1353 expetimus.
849 1267 1148 1335 Kalendis
1181 1266 1568 1354 Septembris
1598 1271 1672 1332 ut
1699 1266 2103 1333 Nurenberch
2133 1265 2315 1331 nobis
2347 1285 2558 1333 occur·

227 1403 347 1468 ras,
394 1383 704 1450 volumus.
775 1382 1039 1451 Caetera
1066 1384 1351 1450 nuncius.
1420 1382 1518 1449 De
1563 1387 1733 1449 statu
1775 1402 1925 1449 vero
1971 1381 2210 1449 domini
2255 1386 2320 1448 et
2360 1383 2558 1468 patris

225 1500 452 1585 nostri,
482 1499 645 1566 sicut
665 1500 734 1566 in
760 1500 990 1568 litteris
1013 1502 1144 1567 suis
1164 1500 1347 1567 nobis
1370 1498 1715 1583 mandavit,
1745 1500 1863 1567 tibi
1887 1499 2160 1567 scribere
2181 1497 2556 1565 curavimus.

235 1710 406 1782 107.
453 1715 752 1780 canonici
804 1714 873 1780 S.
916 1715 1168 1781 Mariae
1214 1726 1272 1781 et
1317 1714 1384 1781 S.
1426 1714 1751 1780 Lamberti
1783 1713 2158 1780 Leodo'enses
2210 1713 2562 1779 Wibaldum

446 1830 759 1896 Leodt‘um
800 1843 1036 1897 vocam.
2283 1827 2391 1909 (M.
2425 1827 2561 1909 90.)

403 1962 653 2029 Domno
697 1961 986 2030 Wibaldo
1041 1963 1163 2031 Dei
1215 1963 1420 2048 gratia
1474 1960 1880 2029 dilectissimo
1939 1981 2012 2029 ac
2053 1961 2560 2029 reverentissimo
2598 1970 2737 2026 1148

229 2078 586 2147 stabulensi
615 2078 828 2146 abbati
850 2079 1138 2146 humilis·
1163 2079 1429 2147 Sanctae
1446 2077 1683 2145 Mariae
1708 2077 2044 2164 Sanctique
2066 2076 2391 2145 Lamberti
2413 2098 2561 2145 con-

227 2200 448 2264 ventus
477 2195 746 2263 salutem
779 2202 843 2263 et
870 2192 1268 2264 dulcissimae
1296 2195 1520 2262 matris
1554 2215 1706 2261 suae
1735 2195 2012 2262 debitam
2040 2194 2558 2280 compassionem.

399 2311 627 2379 Paucis
671 2313 1044 2399 prudentiae
1089 2318 1153 2379 et
1197 2312 1558 2391 discretioni
1602 2316 1851 2378 vestrae
1893 2311 2175 2397 presenti
2204 2311 2438 2397 scripto
2467 2309 2560 2376 lo-

229 2449 518 2515 quemur3
561 2429 782 2516 paucis
828 2429 1082 2514 quidem
1125 2449 1352 2496 vocum
1396 2429 1766 2515 quantitate,
1813 2432 1910 2493 set
1953 2426 2169 2493 multis
2218 2431 2280 2493 et
2313 2426 2560 2510 magnis

229 2543 697 2630 significatione.
767 2545 1014 2612 Novum
1071 2546 1265 2611 immo
1316 2545 1641 2634 vipereum
1688 2544 2019 2632 quiddam,
2077 2544 2187 2609 diu
2232 2542 2400 2629 apud
2445 2562 2559 2608 nos

230 2683 303 2729 ex
356 2663 544 2750 adipe
600 2662 955 2748 iniquitatis
1012 2667 1077 2729 et
1128 2663 1339 2730 radice
1395 2662 1683 2730 elationis
1736 2666 2105 2749 conceptum
2118 2711 2137 2746 ,
2197 2679 2365 2726 nunc
2410 2659 2565 2727 oriri

229 2779 474 2864 nititur,
531 2784 783 2866 tempus
841 2779 964 2846 sibi
1019 2784 1249 2865 putans
1307 2779 1650 2846 occurrisse
1699 2783 2094 2865 oportunum.
2165 2776 2560 2863 Oportunum

232 2896 473 2980 quidem
533 2895 684 2979 erit,
742 2895 797 2960 si
849 2914 978 2961 non
1035 2895 1121 2960 sit
1175 2896 1284 2981 qui
1327 2895 1610 2978 resistat,
1671 2894 1781 2980 qui
1825 2894 2107 2978 adiuvet,
2164 2893 2330 2979 quod
2376 2892 2558 2959 absit.

234 3009 425 3098 Super
470 3031 595 3097 quo
639 3011 749 3097 pia
792 3016 856 3077 et
899 3031 1149 3098 semper
1191 3012 1260 3078 in
1304 3012 1539 3078 bonum
1584 3010 1872 3077 omnibus
1918 3010 2131 3077 omnia
2159 3010 2328 3076 facta
2356 3013 2562 3075 mater

232 3123 585 3195 Leodiensis
602 3127 628 3164 '³
673 3126 937 3195 ecclesia
988 3127 1260 3214 speciale
1305 3127 1638 3194 consilium
1681 3132 1961 3195 vestrum
2005 3146 2132 3193 non
2175 3125 2378 3192 solum
2423 3126 2561 3192 iure
2621 3097 2631 3116 ⁸

235 3244 536 3311 communi
590 3244 891 3330 requirit,
951 3249 1049 3311 set
1104 3243 1303 3327 exigit
1356 3243 1627 3330 quodam
1682 3242 1861 3328 quasi
1904 3242 2165 3329 speciali
2209 3242 2418 3309 debito
2464 3242 2559 3308 di-

235 3357 535 3445 lectionis,
591 3359 858 3427 fiduciae
915 3366 980 3427 et
1033 3359 1502 3427 familiaritatis
1571 3358 1972 3427 Unanimiter
2022 3359 2218 3443 igitur
2260 3378 2556 3442 rogamus

237 3496 355 3561 vos,
398 3478 693 3564 quatinus
738 3476 937 3543 tercia
968 3476 1128 3543 feria
1156 3476 1444 3563 proxime
1471 3475 1860 3542 imminentis
1890 3475 2273 3543 ebdomadae
2301 3472 2558 3542 Leodii⁶

239 3592 491 3680 capitulo
537 3598 753 3661 nostro
798 3594 1104 3660 interesse
1150 3592 1512 3676 dignemini.
1583 3591 1822 3659 Valete.

251 3805 401 3879 108.
444 3808 763 3875 W‘tbaldus
808 3809 1117 3873 canonicis
1151 3803 1596 3873 Leodiensibus
1627 3806 1973 3893 respondet,
2022 3828 2216 3893 quare
2245 3787 2558 3871 Leodiuitt

444 3948 570 3990 non
612 3924 864 4006 venerit,
914 3946 1135 4012 eosque
1180 3922 1546 3987 consolatur.
2275 3919 2383 4002 (M.
2418 3920 2554 4002 91.)

399 4047 978 4117 Reverentissimis‘¹
1006 4047 1074 4113 in
1106 4045 1356 4113 Christo
1401 4045 1688 4132 patribus
1734 4050 1798 4113 et
1842 4045 2110 4113 dominis
2140 4045 2553 4127 Assexandro)
2591 4056 2732 4112 1148

248 4165 561 4233 venerabili
612 4163 871 4231 maioris
917 4163 1217 4232 ecclesiae
1262 4163 1581 4252 preposito
1626 4182 1746 4229 nec
1786 4182 1914 4228 non
1960 4162 2410 4229 archidiaconis
2457 4167 2552 4229 at-

370 4302 407 4334 ι.
450 4289 635 4340 humilis
684 4312 735 4322 -·
781 4290 1140 4349 compassionem
1180 4299 1285 4337 eume
1322 4307 1473 4336 caea.
1613 4287 1658 4334 b.
1706 4287 1973 4334 Leodiensis
2019 4302 2195 4334 auem
2241 4297 2311 4334 eet
2357 4291 2402 4334 in
2449 4286 2551 4333 cod.

252 4377 282 4410 e·
313 4365 458 4416 Leodii
493 4392 542 4401 -
577 4369 738 4416 Valete
768 4386 904 4416 aas·
935 4379 1038 4416 sunt
1068 4372 1113 4416 in
1146 4369 1249 4416 cod.
1374 4368 1419 4416 d.
1460 4367 1858 4416 Reverentissimis
1899 4390 1943 4398 —
1979 4367 2179 4413 vestrum
2218 4380 2307 4414 non
2346 4366 2550 4414 venimus

252 4460 366 4494 ctu
391 4458 487 4495 anu
514 4452 561 4496 ia
591 4449 696 4497 cod.

369 4534 416 4590 1.
449 4533 596 4607 sept.
622 4535 678 4593 s.
