3319 5242
755 415 887 483 506
1516 430 1815 476 wmanm
1860 426 2188 476 amsa-ona
2234 426 2342 474 m.

579 581 721 637 1152
754 575 898 659 lica,
946 574 1175 641 dilecto
1218 572 1288 639 in
1332 572 1585 639 Christo
1630 570 1832 637 sodali
1887 576 1952 637 et
1994 569 2195 635 amico
2243 588 2355 635 suo
2401 565 2755 650 H(einrico)
2798 567 3079 652 magistro

595 656 707 716 ⁸⁹⁵
756 692 969 777 regiae
1014 691 1225 757 curiae
1269 689 1537 772 notario,
1582 693 1755 753 recte
1797 685 2079 753 iudicare
2123 686 2291 751 inter
2330 683 2497 752 filios
2541 685 2872 751 hominum
2888 680 2922 749 ¹.

934 806 1181 874 Placuit
1236 804 1575 872 eruditioni
1627 807 1806 887 tuae,
1874 800 2254 869 temeritatis
2310 819 2427 867 nos
2498 805 2562 867 et
2616 799 3086 883 inconstantiae,

754 924 1080 1013 proposita
1108 921 1580 1010 philosophica·
1619 918 1954 1002 sententia,
2001 923 2324 1003 tamquam
2354 922 2508 983 nota
2535 917 2860 983 censoria*
2891 916 3090 982 redar-

754 1061 975 1125 guere,
1031 1059 1147 1127 pro
1195 1058 1267 1106 eo
1315 1035 1584 1121 scilicet,
1631 1035 1802 1121 quod
1845 1034 1992 1118 tibi,
2038 1038 2112 1101 ut
2155 1034 2418 1117 asseris,
2474 1033 2725 1100 nudas
2780 1031 3089 1099 litteras

950 1156 1068 1223 nisi

950 1293 1008 1338 m
1055 1293 1068 1337 ι

950 1390 1063 1455 lam

950 1506 1068 1571 licit

755 1622 993 1689 bimus:
1053 1621 1229 1687 Male
1286 1620 1511 1683 audire
1548 1617 1728 1703 facit
1781 1617 1948 1682 male
1996 1616 2340 1703 intelliqere
2350 1664 2371 1697 ‚
2431 1629 2514 1694 et,
2540 1615 2708 1681 mle
2762 1615 3098 1701 intelliqere

735 1740 913 1823 facit
959 1759 1188 1802 errare.

938 1850 1263 1938 Siquidem
1307 1850 1597 1916 dominus
1641 1852 1859 1914 noster
1902 1866 2038 1931 rex,
2085 1851 2379 1934 presente
2424 1852 2489 1913 et
2530 1852 2846 1913 annuente
2877 1846 3098 1912 domno

756 1966 1304 2052 Bavembergensi,
1338 1966 1432 2032 ita
1458 1966 1882 2054 instrumenta
1910 1963 2211 2047 legationi
2241 1962 2600 2029 necessaria
2628 1961 2970 2046 ordinavit,
3014 1969 3096 2046 ut,

756 2091 1091 2175 postquam
1140 2103 1179 2149 a
1219 2082 1401 2149 nobis
1454 2081 1788 2165 diligenter
1843 2080 2124 2166 perfecta
2176 2080 2478 2163 fuissent,
2533 2077 2840 2145 Anselmo
2898 2078 3096 2144 villico

757 2202 1044 2288 Aquensi
1073 2198 1674 2280 transmitterentur,
1718 2194 2094 2283 perferenda
2131 2215 2247 2282 per
2276 2195 2488 2282 ipsum
2516 2215 2716 2280 usque
2749 2194 2832 2261 ad
2863 2194 3096 2262 Baven-

758 2319 1147 2403 bergensem.
1219 2314 1398 2394 Quod
1442 2335 1557 2381 nos
1602 2332 1748 2379 cum
1790 2312 2074 2378 maxima
2103 2318 2168 2377 et
2194 2311 2461 2377 instanti
2491 2308 2921 2379 sollicitudine
2964 2332 3098 2398 per-

516 2458 648 2506 Mart.
666 2459 725 2505 ιε
757 2433 943 2503 ficere
989 2432 1363 2501 studuimus.
1432 2428 1598 2496 Nam
1643 2427 1747 2495 die
1794 2428 2015 2513 quinta
2056 2431 2205 2515 post
2248 2427 2490 2494 exitum
2521 2432 2803 2493 vestrum
2836 2428 2879 2494 a
2906 2428 3097 2511 nobis,

757 2550 1145 2639 Aquisgrani
1189 2547 1476 2614 dedimus
1534 2565 1731 2633 puero
1777 2547 1992 2610 nostro
2041 2541 2286 2610 Godino
2338 2542 2784 2631 perferendum
2831 2543 3099 2630 sigillum

760 2672 1128 2753 argenteum
1172 2665 1519 2753 perfectum
1533 2712 1552 2746 ,
1608 2682 1690 2729 ne
1738 2659 2027 2728 videlicet
2080 2659 2189 2726 illo
2234 2660 2475 2727 novitio
2533 2666 2598 2726 et
2637 2680 2768 2726 non
2813 2681 3100 2748 perman-

761 2805 909 2852 suro
965 2803 1068 2850 res
1114 2781 1293 2866 regni
1351 2780 1587 2846 diutius
1633 2778 2171 2861 consignarentur.
2353 2775 2452 2842 De
2495 2776 2725 2842 nudis
2770 2798 2927 2843 vero
2970 2777 3101 2844 lit·

759 2900 990 2985 teris,
1046 2920 1201 2986 quas
1257 2916 1401 2964 cum
1457 2895 1678 2962 eodem
1733 2891 1939 2977 sigillo
1990 2893 2310 2977 misimuS,
2366 2892 2634 2959 lectores
2680 2897 2744 2959 et
2789 2893 3100 2960 auditores

760 3016 1147 3100 iudicabunt,
1201 3019 1415 3081 utrum
1460 3010 1795 3099 splendore
1842 3009 2294 3076 sententiarum
2343 3014 2407 3076 et
2451 3009 2841 3075 ornamentis
2888 3010 3100 3076 verbo-

761 3154 905 3201 rum
946 3152 1205 3223 prorsus
1250 3129 1456 3196 nudas
1503 3128 1650 3194 sint.
1721 3125 1888 3204 Quas
1933 3146 2051 3192 nos
2094 3130 2308 3193 tamen
2355 3146 2434 3191 ex
2477 3126 2652 3210 regio
2699 3125 3004 3193 mandato
3047 3130 3103 3191 et

761 3272 878 3340 pro
924 3249 1363 3336 episcoporum
1407 3243 1722 3333 precibus,
1767 3262 1896 3309 non
1942 3241 2023 3308 ad
2068 3242 2420 3308 doctrinam
2464 3246 2773 3326 vestram,
2830 3247 2932 3309 set
2974 3249 3101 3308 tan-

764 3385 955 3454 quam
1000 3365 1285 3452 picturae
1330 3366 1578 3429 vestrae
1624 3359 1892 3445 quedam
1930 3357 2305 3425 liniamenta
2334 3361 2597 3445 propter
2638 3358 2953 3425 materiae
2994 3377 3098 3424 no·

763 3484 1028 3550 vitatem
1069 3480 1270 3549 coacti
1300 3477 1781 3560 substravimus,
1829 3481 1894 3542 et
1935 3474 2115 3542 vobis
2162 3475 2244 3542 ad
2269 3474 2572 3542 noticiam
2600 3493 2818 3542 rerum
2861 3494 3101 3542 conser-

765 3599 1038 3667 vandam
1082 3595 1521 3664 custodiendas
1566 3591 2052 3660 transmisimus.

521 3746 653 3793 um,
671 3745 731 3793 27
942 3714 1208 3782 Decima
1249 3711 1652 3800 postmodum
1699 3709 1822 3795 die,
1865 3709 1986 3776 hoc
2030 3712 2127 3776 est
2168 3708 2237 3774 in
2282 3727 2439 3776 cena
2480 3705 2770 3791 Domini,
2832 3707 3099 3795 perfecta

768 3836 915 3900 sunt
957 3832 1341 3898 ferramenta
1385 3829 1465 3895 ad
1510 3827 1881 3896 bullandum
1926 3826 2003 3892 de
2049 3845 2235 3907 auro;
2292 3844 2453 3910 quae
2496 3822 2674 3890 vobis
2721 3844 2839 3911 per
2885 3841 3097 3912 prepo-

768 3950 961 4018 situm
1017 3948 1097 4014 de
1139 3946 1364 4013 Marna
1418 3945 1534 4013 sub
1593 3944 1913 4012 celeritate
1968 3939 2454 4009 transmisimus.
2524 3938 2766 4006 Eadem
2812 3961 2966 4007 vero
3009 3938 3096 4004 die

768 4067 1057 4134 misimus
1085 4062 1370 4149 Aquensi
1411 4061 1622 4128 villico
1654 4059 1934 4145 sigillum
1963 4063 2314 4143 stagneum,
2362 4056 2694 4142 diligenter
2740 4073 3094 4143 expressum

772 4182 853 4249 ad
894 4182 1162 4248 formam
1209 4179 1510 4263 argentei,
1557 4183 1621 4244 et
1651 4177 1808 4243 duas
1840 4175 2041 4242 bullas
2073 4194 2296 4240 aureas
2340 4172 2670 4261 perfectas,
2719 4193 2866 4237 cum
2914 4171 3094 4237 omni-

772 4298 887 4366 bus
931 4297 1162 4364 litteris
1209 4300 1273 4362 et
1316 4291 1818 4376 salutationibus,
1875 4311 2034 4377 quae
2078 4290 2308 4357 domno
2350 4288 2884 4374 Bavembergensi
2927 4307 3091 4375 opor-

918 4471 959 4503 a.
998 4455 1296 4516 philosopyca
1327 4472 1366 4500 c.
1488 4453 1536 4501 b.
1577 4453 1783 4501 sensofia
1812 4437 1867 4500 o.

916 4545 968 4598 1.
1004 4540 1088 4600 Cf.
1112 4542 1206 4597 Ps.
1229 4541 1316 4611 57,
1339 4541 1393 4595 2.
