3319 5242
744 418 875 485 338
1414 437 1713 486 wminm
1755 436 2131 488 maronis
2169 436 2276 484 219.
2312 436 2419 483 πο.

411 582 727 639 1149-1150
744 583 1074 664 conventu,
1119 580 1425 648 intererat
1468 581 1663 648 abbas
1693 578 2041 648 Mindensis
2088 585 2152 647 et
2183 579 2546 647 Scinnensis
2564 575 2582 607 ¹
2626 598 2771 646 cum
2804 577 3069 667 pluribus

745 695 885 762 aliis
941 696 1271 768 abbatibus
1329 702 1395 764 et
1447 698 1821 785 prepositis,
1878 698 1946 764 in
2004 715 2300 784 quorum*
2323 696 2647 784 presentia
2692 696 3068 784 apertissime

743 812 1217 900 comprobatum
1283 817 1381 880 est
1444 814 1788 881 multorum
1856 815 2257 881 attestatione
2314 812 2787 898 religiosorum,
2854 812 3071 879 dictum

741 929 870 995 iam
914 928 1206 996 abbatem
1249 929 1491 997 nullam
1534 931 1925 1018 expulsionis
1969 951 2230 1019 passum
2274 928 2660 997 violentiam.
2726 928 2871 996 Nou
2900 929 3073 1013 igitur

739 1043 876 1111 loco
933 1065 1046 1112 suo
1101 1046 1361 1113 inducta
1415 1052 1514 1115 est
1555 1046 1662 1115 lex
1709 1068 1832 1133 que
1874 1049 1998 1115 ait:
2055 1048 2338 1135 Eapulei
2377 1061 2490 1114 aut
2532 1048 2873 1135 exspoliati
2910 1047 3075 1112 rebus

739 1165 871 1228 suis
925 1167 1146 1228 vocari
1197 1167 1286 1229 ad
1343 1186 1602 1229 causam
1653 1187 1767 1230 nec
1810 1166 2092 1231 iudicari
2122 1177 2425 1251 possunt,
2485 1168 2790 1250 quoniam
2832 1187 2964 1230 non
3002 1174 3078 1228 est

730 1280 1140 1366 privile-qiam
1185 1303 1309 1367 quo
1357 1282 1677 1368 expoliavi
1707 1284 1961 1368 possint
2002 1284 2135 1346 iam
2178 1281 2435 1361 nudati,
2486 1283 2551 1346 et
2593 1284 2867 1363 caetera,
2913 1297 3077 1366 quae,

740 1393 941 1461 altera
993 1400 1244 1461 tantum
1296 1401 1481 1483 parte
1537 1395 1784 1480 audita,
1839 1395 2223 1463 intendistis.
2317 1394 2428 1462 Set
2472 1415 2577 1462 ars
2620 1394 3079 1482 eloquutionum

736 1510 1051 1578 rethorica
1093 1512 1401 1579 viciosum
1445 1512 1515 1579 in
1559 1513 1765 1579 causis
1813 1513 2042 1580 asserit
2085 1511 2477 1596 exhordium,
2532 1512 2699 1598 quod
2744 1532 2900 1599 pars
2943 1531 3079 1579 ven-

737 1627 949 1695 dicare
1004 1628 1128 1696 sibi
1180 1633 1393 1715 potest
1451 1629 1747 1713 adversa,
1807 1634 1881 1696 ut
1935 1649 2081 1696 cum
2136 1628 2384 1696 dicunt:
2445 1630 2554 1695 Me
2567 1677 2587 1709 ,
2650 1633 2808 1715 qm’a
2862 1633 3081 1695 imm

737 1768 993 1810 causam
1037 1745 1251 1825 habeo,
1301 1749 1560 1823 iuverat,-
1605 1745 1777 1812 idem
1806 1766 1958 1834 pars
1989 1746 2146 1812 dicit
2188 1745 2472 1811 adversa.
2541 1744 2837 1832 Denique
2882 1750 3079 1812 vestro

734 1861 1094 1927 interventu
1140 1880 1358 1927 eorum
1403 1860 1842 1929 deliberationi
1886 1883 2001 1928 uos
2047 1862 2511 1946 commisimus,
2566 1861 2676 1947 qui
2722 1881 2761 1928 a
2803 1861 2985 1929 vobis
3025 1864 3083 1927 et

736 1976 776 2042 a
819 1975 1092 2042 dominis
1139 1983 1203 2044 et
1243 1977 1546 2045 fratribus
1591 1978 1826 2045 nostris
1865 1979 1946 2045 ad
1974 1997 2090 2045 nos
2120 1976 2240 2045 hac
2268 1978 2348 2045 de
2378 1997 2570 2045 causa
2595 1977 2779 2044 missi
2807 1978 3081 2058 fuerant;

736 2098 800 2159 et
844 2093 934 2159 sic
979 2094 1277 2180 peticioni
1312 2100 1559 2162 vestrae
1605 2101 1671 2161 et
1714 2093 1971 2162 illorum
2015 2095 2494 2179 satisfacientes,
2540 2093 2709 2161 diem
2757 2094 2818 2162 ei
2864 2094 3080 2162 statui-

735 2229 907 2294 mus,
955 2230 1078 2296 quo
1123 2210 1192 2276 in
1233 2213 1557 2298 presentia
1607 2212 1879 2278 fratrum
1921 2210 2044 2278 loci
2087 2210 2260 2278 illius
2304 2232 2407 2278 res
2450 2211 2606 2296 ista,
2652 2209 2755 2278 vel
2799 2210 3082 2279 iusticias

732 2326 940 2411 rigore
985 2327 1086 2393 vel
1129 2327 1599 2395 misericordiae
1641 2327 2124 2415 tranquillitate,
2166 2325 2294 2395 fine
2336 2326 2594 2394 tandem
2635 2327 2816 2414 pacis
2860 2329 2933 2395 in
2961 2328 3081 2396 Do-

731 2443 904 2510 mino
949 2444 1342 2512 terminetur.

736 2674 913 2747 220.
952 2680 1259 2746 Robertus
1304 2679 1573 2744 decanus
1605 2677 1989 2745 ,stabulensis
2024 2675 2305 2743 wibaldo
2335 2676 2417 2741 L.
2454 2679 2870 2764 poenitentem
2908 2701 3081 2744 mon·

955 2795 1178 2861 acham
1224 2795 1645 2861 Corbeimem
1691 2795 2093 2860 commendat.
2759 2790 2867 2873 (Μ.
2903 2792 3079 2873 234.)

550 2942 691 2998 1150
907 2927 1272 2995 Reverendo
1325 2928 1395 2994 in
1442 2926 1694 2995 Christo
1747 2927 1920 3015 patri
1974 2946 2088 2993 suo
2141 2930 2206 2993 et
2247 2924 2501 2992 domino
2549 2922 2892 3008 W(ibaldo)
2946 2925 3080 2993 Sta-

576 3017 666 3064 ¹⁸¹¹'
730 3043 1008 3112 bulensis
1074 3048 1263 3129 atque
1331 3042 1730 3112 Corbeiensis
1802 3042 2142 3111 aecclesiae
2196 3041 2543 3110 venerabili
2609 3041 2824 3109 abbati
2886 3042 3084 3109 frater

728 3160 1087 3244 R(obertus)
1121 3159 1514 3227 Stabulensis
1561 3159 1904 3228 aecclesiae
1949 3159 2220 3226 decanus
2267 3164 2331 3226 et
2352 3157 2609 3225 humilis
2649 3158 2939 3226 eiusdem
2966 3158 3085 3226 loci

728 3279 1128 3362 congregatio
1174 3276 1434 3344 filialem
1479 3277 1883 3344 dilectionem
1929 3281 1993 3342 et
2037 3275 2315 3343 debitam
2361 3275 2831 3343 subiectionem.

905 3394 1066 3460 Cum
1125 3395 1203 3461 de
1255 3394 1477 3462 salutis
1523 3400 1771 3461 vestrae
1815 3392 2163 3461 valitudine
2207 3393 2480 3460 incertos
2525 3413 2641 3458 uos
2684 3392 2877 3459 faciat
2924 3412 3084 3460 nun-

726 3511 961 3576 tiorum
1006 3515 1359 3578 vestrorum
1417 3511 1498 3578 ad
1557 3532 1673 3578 nos
1727 3511 1992 3595 raritas,
2050 3509 2247 3577 nichil
2301 3515 2430 3594 est,
2486 3513 2670 3596 pater
2722 3509 3082 3592 karissime,

727 3626 895 3711 quod
938 3628 1007 3693 in
1051 3629 1286 3695 nostris
1331 3628 1538 3696 causis
1586 3633 1697 3695 aut
1743 3627 2039 3694 solatium
2085 3631 2195 3693 aut
2237 3626 2691 3693 iocunditatem
2722 3626 2904 3692 nobis
2938 3646 3085 3692 con-

726 3742 891 3809 ferre
923 3742 1148 3810 valeat.
1220 3744 1373 3812 Inde
1417 3750 1516 3812 est
1559 3744 1747 3830 quod,
1796 3743 2132 3828 aliquando
2178 3742 2382 3809 nostri
2427 3761 2736 3809 memores
2781 3740 2920 3808 Deo
2967 3761 3083 3829 pro

725 3857 959 3925 nostris
992 3861 1506 3946 oppressionibus
1530 3860 1905 3948 placationis
1929 3859 2204 3926 hostiam
2235 3865 2298 3927 et
2317 3878 2579 3946 precum
2601 3856 2912 3925 sacrificia
2932 3856 3083 3925 offe—

725 3981 935 4042 rentes
949 3985 990 4058 ”,
1037 3974 1126 4042 ibi
1157 3996 1406 4064 semper
1452 3978 1646 4047 vestri
1692 3976 2065 4044 memoriam
2104 3976 2469 4060 habeamuS,
2515 3974 2625 4042 ubi
2672 3975 3083 4043 ascendentes

724 4098 789 4159 et
833 4092 1279 4160 descendentes
1327 4093 1536 4178 angeli
1580 4094 1999 4180 omnipotenti
2034 4090 2212 4159 Patri
2256 4098 2403 4163 vota
2447 4091 2938 4177 uniuscuiusque
2984 4110 3082 4157 re-

722 4213 1091 4295 presentant
1114 4214 1177 4275 et
1199 4229 1480 4277 munera.
1514 4209 1637 4277 Per
1657 4210 1777 4276 hoc
1801 4211 1969 4277 enim
2002 4214 2068 4276 et
2097 4228 2324 4296 aspera
2351 4207 2544 4296 plana
2570 4206 2710 4274 fieri
2742 4213 2807 4275 et
2834 4213 3082 4275 montes

722 4331 788 4392 et
829 4326 1020 4394 colles
1066 4326 1380 4393 credimus
1424 4325 1767 4393 humiliari.
1951 4326 2279 4410 Ceterum,
2333 4330 2545 4413 pater,
2592 4323 2672 4392 de
2715 4329 3080 4392 nostrarum

867 4482 908 4515 a.
951 4467 1194 4514 offerentes
1230 4469 1413 4515 addidi.

867 4555 915 4609 1.
955 4554 1273 4610 monasterii
1309 4553 1568 4624 Sebinno„
1604 4553 1783 4611 dioec.
1808 4553 2127 4612 mindensis.
