3319 5242
704 441 793 507 60
1326 456 1931 506 onnonocmpnns
1975 456 2413 505 consumam

531 605 668 661 1147
703 600 913 686 ipsum
954 600 1223 666 flatrum
1265 605 1623 665 nostrorum
1671 598 1752 665 ad
1794 598 2098 665 decanam
2142 604 2205 665 et
2249 599 2330 665 ad
2363 598 2837 685 prepositissam
2864 597 3033 683 lega-

702 716 874 782 tione
887 765 906 800 ,
966 736 1087 801 quo
1133 714 1431 782 deberent
1474 715 1637 781 suis·
1683 715 2001 782 sororibus
2047 716 2454 799 concordare,
2510 715 2675 802 quod
2715 720 2930 781 tamen
2972 720 3036 782 et

703 832 791 898 ad
840 852 1101 920 presens
1158 830 1527 916 flagitabant
1582 829 1834 899 differre
1892 852 1960 898 se
2016 832 2085 898 in
2142 833 2349 916 gratia
2391 832 2669 898 omnium
2713 831 2904 898 licere
2950 867 3032 878 —

700 947 833 1013 litis
873 948 1118 1015 ,cunctis
1162 947 1332 1014 illius
1378 947 1678 1014 ecclesiae
1723 948 1839 1014 sub
1884 948 2393 1015 interminatione
2436 948 2658 1015 salutis
2703 969 2853 1015 suae
2892 968 3036 1035 pre-

702 1064 889 1151 cepit,
934 1064 1002 1129 in
1030 1064 1201 1130 nullo
1231 1085 1490 1150 prorsus
1518 1062 1947 1150 prepositum*
1978 1064 2293 1131 obaudire.
2363 1063 2543 1143 Quod
2569 1069 2643 1130 ut
2671 1065 3038 1150 quantocius

700 1180 983 1246 noscioni
1026 1200 1204 1246 meae
1249 1179 1493 1264 claruit,
1538 1179 1842 1246 instinctu
1884 1200 2026 1247 meo
2072 1182 2528 1247 communicato
2558 1200 2702 1247 cum
2730 1181 2862 1246 suis
2892 1199 3038 1267 pre-

699 1296 941 1383 positus
986 1295 1247 1363 consilio
1294 1332 1377 1342 ——
1426 1297 1722 1382 quoniam
1763 1315 1982 1363 recens
2028 1297 2331 1383 scriptum
2381 1296 2726 1363 detuleram
2766 1297 3039 1363 flatrum

701 1448 784 1459 -
834 1433 910 1479 ex
968 1431 1241 1498 persona
1291 1413 1576 1500 ipsorum
1620 1412 2038 1479 Tbeodericus
2088 1412 2316 1480 blande
2359 1414 2822 1497 conveniretur,
2883 1433 3040 1499 qua-

697 1534 880 1596 tenus
937 1533 1001 1595 et
1045 1528 1179 1596 eius
1222 1528 1417 1594 iussio
1461 1528 1532 1593 in
1577 1528 1916 1594 adventum
1963 1527 2207 1595 abbatis
2250 1549 2448 1614 usque
2491 1527 2915 1615 relaxaretur,
2969 1530 3039 1596 in

696 1645 843 1712 talis
898 1645 1074 1711 verbi
1133 1645 1593 1732 compactione,
1649 1649 1725 1711 ut
1778 1645 1934 1732 ipsis
1981 1644 2245 1711 domnus
2292 1644 2485 1711 abbas
2530 1651 2892 1712 moneretur
2907 1697 2928 1731 ,
2986 1647 3041 1713 si

698 1760 851 1847 quid
894 1761 1266 1827 correctioni
1310 1761 1689 1845 condignum
1734 1761 1802 1826 in
1843 1761 2128 1846 utrisque
2141 1772 2162 1796 ⁶
2196 1761 2377 1845 foret,
2423 1760 2670 1848 placide
2701 1782 3041 1849 compone-

695 1882 901 1958 retur3
958 1877 1027 1942 in
1081 1876 1178 1943 his
1238 1898 1387 1962 ergo
1443 1878 1832 1963 conquievit,
1892 1897 2212 1963 quousque
2261 1882 2336 1943 ut
2378 1876 2616 1944 dictum
2662 1883 2760 1945 est
2803 1899 2914 1946 eos
2962 1880 3042 1948 de

648 1978 659 1987 ¹
695 1992 831 2059 loco
876 1991 1202 2059 mandavit
1243 1991 1552 2079 superflue
1597 1994 1870 2060 transire
1880 1993 1922 2059 ⁶.

876 2107 987 2175 Set
1042 2114 1106 2176 et
1148 2109 1269 2176 hoc
1310 2114 1594 2195 tempore
1640 2110 1961 2176 abbatissa
2004 2146 2088 2156 -—
2135 2109 2264 2176 iam
2308 2108 2573 2196 depulsa
2616 2116 2689 2176 ut
2728 2112 2897 2178 infra
2944 2113 3042 2180 di-

696 2230 866 2291 ctum
924 2230 1022 2291 est
1072 2225 1570 2311 miserabillime,
1631 2226 1901 2311 qualiter
1957 2231 2132 2293 tante
2188 2226 2328 2311 quis
2371 2226 2720 2294 nobilitatis
2765 2248 2892 2294 non
2945 2236 3046 2297 est

696 2341 1013 2408 auditum·
1070 2342 1163 2408 sic
1220 2342 1356 2409 sine
1412 2362 1580 2408 noxa
1634 2342 1712 2409 de
1771 2342 2026 2429 proprio
2081 2341 2219 2408 loco
2276 2342 2450 2409 exire
2495 2380 2580 2390 —
2628 2364 2772 2411 cum
2822 2348 3043 2415 curiae

694 2456 1183 2525 Frankenvorde
1239 2457 1433 2524 etiam
1473 2459 1713 2524 frustra
1757 2463 2046 2525 conserta
2087 2458 2340 2543 fuisset,
2400 2459 2614 2544 sicque
2657 2460 2773 2527 has
2818 2469 3042 2547 partes

695 2574 1019 2662 provincie
1061 2573 1286 2660 revisit
1328 2577 1411 2658 et,
1455 2578 1529 2640 ut
1570 2574 1757 2658 vulgo
1801 2578 2046 2642 rotatur
2090 2575 2349 2642 consilio
2397 2579 2462 2642 et
2515 2575 2825 2643 adiutorio
2870 2578 3044 2646 eius-

696 2692 841 2758 dem
865 2689 1252 2774 Theoderici,
1283 2709 1704 2775 quoscumque
1732 2696 1984 2777 poterat
2010 2691 2242 2759 milites
2273 2690 2524 2775 collegit
2552 2697 2617 2758 et
2644 2691 3043 2762 Kimenaden

697 2807 778 2873 ad
829 2805 1345 2893 repossidendam
1385 2807 1481 2872 ire
1526 2805 1819 2873 decrevit.
1901 2807 2078 2886 Quod
2122 2812 2196 2873 ut
2236 2808 2471 2874 nostris
2513 2808 3041 2878 ministerialibus

697 2928 1027 3010 expertum
1070 2923 1210 3007 fuit,
1258 2922 1485 2989 armati
1530 2923 1851 3009 preposito
1896 2923 2302 3006 advenerunt,
2350 2929 2414 2990 et
2441 2924 2579 3010 ipse
2607 2926 2847 3011 pariter
2878 2947 3041 3012 quos

695 3045 944 3128 poterat
999 3041 1081 3107 ad
1133 3039 1552 3108 resistendum
1596 3038 1699 3106 vel
1753 3040 1971 3126 pocius
2025 3040 2107 3106 ad
2150 3039 2626 3126 despoliandum
2668 3040 2845 3108 illam
2889 3061 3042 3111 cum

696 3157 826 3223 suis
871 3157 1263 3224 coadunavit.
1331 3156 1420 3223 Et
1461 3161 1535 3222 ut
1577 3155 1693 3223 hec
1720 3153 1857 3223 fieri
1887 3160 2165 3242 possent,
2212 3157 2445 3223 nostris
2473 3156 2650 3223 nulla
2678 3156 3045 3228 diffidencia

693 3274 846 3356 fuit,
905 3274 1055 3358 quia
1108 3278 1173 3339 et
1224 3272 1369 3338 illos
1428 3271 1781 3358 quantitate
1838 3291 1912 3338 ac
1952 3273 2322 3340 fortitudine
2365 3279 2546 3340 tanta
2587 3274 3039 3362 precellebant,

693 3393 768 3454 ut
808 3408 937 3454 non
981 3387 1154 3455 aliud
1199 3388 1447 3455 evenire
1494 3388 1933 3473 opinarentur3
1980 3388 2213 3455 idcirco
2260 3395 2324 3456 et
2352 3396 2611 3458 conatus
2643 3392 3041 3461 adversario-

692 3524 836 3570 rum
878 3524 1025 3571 cum
1067 3504 1547 3588 congregatione
1592 3524 1711 3570 sua
1753 3504 2128 3591 dispersioni
2173 3507 2396 3594 patuit.
2603 3573 2612 3580 .

868 3619 1245 3688 Prelatrices
1299 3620 1490 3687 etiam
1537 3621 1698 3687 duae
1716 3616 1733 3648 ¹
1775 3621 1908 3688 iam
1950 3621 2298 3708 prelibatae
2343 3622 2421 3690 ob
2467 3623 2671 3690 victus
2718 3622 3038 3691 defectum

692 3735 1082 3805 transierunt
1124 3737 1205 3804 ad
1249 3737 1512 3804 electam
1557 3732 1770 3804 suam'
1815 3738 1884 3804 in
1913 3737 2253 3805 Larensse‘
2289 3738 2635 3824 castellum,
2679 3739 2893 3824 ibique
2923 3739 3038 3808 de-

694 3858 931 3939 gentes,
978 3873 1099 3938 que
1142 3853 1211 3919 in
1251 3853 1389 3920 loco
1435 3874 1548 3920 suo
1596 3854 1944 3938 agebantur
1989 3854 2373 3940 aliquamdiu
2414 3873 2542 3921 non
2574 3859 2913 3938 noverunt3
2963 3862 3039 3924 ut

694 3975 905 4038 autem
965 3970 1248 4055 indagini
1311 3990 1423 4037 sue
1474 3970 1786 4057 obrepsit,
1853 3971 2220 4057 quantocius
2272 3971 2652 4039 Kiminaden
2703 3979 3035 4058 venerunt,

691 4087 1192 4174 inportuniores⁸
1247 4107 1437 4172 quam
1494 4086 1874 4172 condignum
1943 4086 2150 4153 fuerat
2205 4087 2439 4153 nostris
2497 4107 2565 4154 se
2613 4087 3036 4173 ingesserunt,

836 4243 878 4276 a.
920 4228 1084 4276 fratres
1127 4247 1204 4291 ap.
1229 4232 1453 4276 perezium
1488 4246 1575 4290 pro
1617 4230 1729 4277 suis.
1850 4228 1897 4275 b.
1937 4231 2136 4291 sequitur
2174 4230 2314 4276 litua-a
2355 4231 2538 4290 exigua.
2662 4241 2703 4274 ο.
2743 4228 2922 4289 inutsq3
2969 4248 3035 4288 e.;

693 4311 858 4359 &nita
889 4319 956 4357 eu
986 4310 1136 4356 littam
1168 4310 1185 4356 i
1214 4326 1346 4368 cuper
1376 4312 1411 4355 t.
1475 4305 1682 4356 Paniai
1713 4312 1896 4369 scripsit
1924 4309 2147 4368 iniusque.
2241 4309 2287 4355 d.
2317 4308 2528 4355 transflre
2555 4326 2596 4357 c.
2639 4311 2714 4366 Cr.
2733 4325 2875 4369 cupra
2896 4311 3036 4356 verba

691 4392 831 4437 λειω
871 4403 955 4450 per
992 4390 1183 4436 nuncios
1224 4402 1330 4436 suos
1363 4389 1420 4437 de
1450 4389 1559 4436 inde
1589 4389 1909 4448 transmigrato
1939 4389 2161 4450 precepit.
2272 4403 2312 4435 e.
2343 4389 2377 4436 i
2407 4389 2435 4435 ὃ
2472 4388 2676 4436 auditum
2706 4406 2746 4436 ο.
2856 4388 2890 4436 f.
2923 4388 3034 4438 Lar-

690 4484 817 4518 rosse
849 4487 927 4530 ορ.
950 4472 1189 4518 Pausian.
1311 4482 1353 4527 g.
1383 4469 1702 4530 inportunior&
1731 4487 1771 4516 c.

834 4566 881 4620 1.
920 4564 1147 4622 neem
1178 4568 1237 4621 et
1268 4563 1681 4635 praepositissa.
1821 4525 1877 4620 2.
1912 4563 2312 4635 Helmburgim.
