3319 5242
919 485 1214 532 wmanm
1257 485 1630 534 nrrsronffl
1678 485 1784 532 sio.
1816 486 1923 530 811.
2449 469 2581 536 439

246 630 551 691 curatum.
619 625 809 692 Absit
852 629 1062 693 autem
1110 627 1148 692 a
1192 626 1425 712 pietate
1454 626 1737 694 cordium
1766 631 2140 712 vestrorum,
2186 633 2260 694 ut
2286 627 2578 711 credatis,
2600 632 2741 759 fig?
2758 650 2831 752 iel:
2864 657 2912 667 ·-

244 760 358 806 nos
400 741 469 806 in
513 740 628 808 has
672 741 1080 825 cogitationes
1128 748 1238 809 aut
1279 743 1377 809 ira
1418 742 1780 829 impellente
1810 742 1912 810 vel
1955 750 2133 811 motu
2176 750 2435 829 cogente
2473 751 2584 812 aut

244 854 506 921 alicuius
549 855 783 924 laboris
828 855 1095 941 suffugio
1140 859 1442 925 suadente
1487 864 1748 945 repente
1790 860 2088 927 incidisse
2103 910 2123 944 ‚
2177 880 2323 927 cum
2366 861 2584 928 divina

225 2927 319 2999 31
342 2928 407 2998 1.
447 2930 764 2996 Wibaldus
792 2929 1064 2995 Henrico
1103 2931 1403 2997 monacho
1439 2931 1791 2998 Stabulensi
1821 2933 2104 3020 explicat,
2155 2957 2315 3023 quae
2346 2957 2571 3000 causae

446 3070 511 3111 se
557 3070 598 3110 a
639 3047 908 3133 reqmdo
953 3049 1323 3112 monasterio
1373 3046 1726 3113 Stabulensi
1770 3048 2130 3113 deterreant.
2251 3047 2359 3129 (M.
2388 3048 2566 3130 294.)

401 3177 627 3244 Frater
669 3176 1048 3261 W(ibaldus)
1098 3177 1302 3246 dictus
1362 3180 1553 3247 abbas
1608 3180 1836 3247 dilecto
1891 3178 2021 3247 filio
2081 3201 2194 3247 suo
2242 3181 2564 3264 H(enrico)
2587 3184 2727 3310 3211)
2748 3202 2815 3305 Ξ·
2850 3212 2897 3220 -

214 3293 741 3365 benedictionem.
2797 3294 2808 3305 ’

400 3409 500 3478 De
546 3416 735 3495 statu,
780 3410 974 3477 immo
1021 3411 1100 3477 de
1144 3412 1469 3479 nutatione
1500 3412 1696 3478 animi
1726 3412 1929 3478 nostri
1959 3412 2190 3480 certius
2227 3434 2304 3480 ex
2334 3414 2563 3481 litteris

212 3522 691 3596 communibus¹
750 3525 986 3593 valebis
1045 3527 1385 3595 addiscere.
1489 3528 1662 3607 Quae
1731 3534 1937 3595 autem
1994 3550 2110 3595 nos
2166 3530 2207 3595 a
2259 3530 2566 3614 regimine

212 3643 616 3712 stabulensis
651 3643 1029 3714 *monasterii
1073 3643 1451 3729 deterreant,
1496 3643 1645 3712 licet
1672 3645 1963 3729 ignorare
1994 3666 2120 3711 non
2148 3647 2376 3733 possiS,
2423 3647 2564 3715 bre·

211 3761 386 3828 viter
429 3763 642 3826 tamen
687 3764 833 3827 tuae
879 3760 1242 3844 vigilantiae
1287 3760 1747 3827 annotabimus.
1818 3761 1890 3827 In
1923 3761 2148 3848 primis
2193 3783 2424 3848 magna
2469 3770 2566 3830 est

207 3878 407 3944 ruina
451 3876 689 3942 ordinis
733 3877 970 3960 nostri,
1018 3897 1207 3962 quam
1251 3876 1320 3942 in
1365 3882 1498 3943 tam
1542 3877 1879 3964 multiplici
1922 3899 2133 3945 rerum
2179 3881 2561 3947 necessaria-

206 4013 361 4060 rum
408 3991 653 4058 defectu
709 4013 825 4059 nos
883 3991 1210 4059 sublevare
1253 4013 1441 4080 posse
1484 4014 1612 4059 non
1659 3992 2047 4062 confidimus.
2141 3994 2337 4061 Porro
2382 4000 2562 4061 tanta

206 4116 309 4177 est
360 4108 529 4195 apud
574 4129 687 4175 vos
741 4127 952 4175 rerum
1008 4109 1284 4176 tenuitas
1341 4115 1405 4177 et
1456 4110 1812 4197 prebendae
1864 4112 2215 4178 cotidianae
2260 4111 2558 4195 defectus,

203 4233 279 4294 ut
328 4224 584 4292 etiamsi
626 4229 830 4291 totum
876 4245 1139 4309 regnum
1195 4225 1559 4293 firmissima
1601 4246 1759 4314 pace
1803 4227 2147 4312 frueretur,
2192 4227 2299 4293 vix
2345 4233 2554 4294 tamen

204 4341 457 4409 valeret
501 4361 569 4407 se
616 4339 1009 4409 Stabulensis
1056 4341 1318 4409 ecclesia
1362 4348 1734 4410 sustentare.
1816 4342 2126 4410 Advocati
2173 4344 2367 4409 vestri
2412 4364 2556 4430 pec-

202 4460 374 4526 catis
420 4456 791 4524 facientibus
838 4477 961 4524 non
1008 4464 1156 4525 sunt
1200 4479 1550 4545 pauperum
1584 4460 1964 4544 defensoreS‚
2010 4465 2109 4532 set
2138 4459 2553 4528 crudelissimi

356 4590 407 4644 1.
446 4603 536 4658 ep.
560 4589 667 4644 310
700 4603 886 4658 supra.
