3319 5242
923 452 1223 501 wmAnm
1266 451 1640 501 sms'ronxs.
1684 451 1792 498 843.
1828 448 1934 498 844.
2470 432 2602 499 4⁷7

254 593 437 660 multi
482 593 764 678 comites,
808 594 1099 661 honorati
1131 601 1196 662 et
1222 594 1484 662 nobiles.
1548 594 1671 672 Qui
1701 613 1919 660 omnes
1952 613 2095 659 cum
2125 613 2358 676 magna
2383 592 2606 660 volun·
2680 597 2814 651 1151

254 711 403 777 tatis
433 709 775 794 hilaritate,
821 709 944 777 fide
975 711 1123 777 data
1152 716 1217 778 et
1243 711 1596 776 iuramento
1626 710 1915 796 prestito,
1963 709 2408 795 promiserunt,
2441 708 2609 794 quod
2643 671 2769 730 ⁸⁰⁹³*
2791 671 2850 717 ¹⁵

253 827 336 892 ad
393 827 661 893 eandem
706 827 1173 913 expeditionem
1219 846 1362 894 cum
1408 826 1580 893 omni
1628 827 1859 892 virtute
1907 830 1971 891 et
2012 821 2299 912 potentia
2340 825 2608 891 militiae

252 962 405 1009 suae
449 943 707 1010 venient
750 947 815 1010 et
858 948 1336 1030 prosequentur.
1502 942 1631 1009 Nos
1680 961 1926 1027 quoque
1970 942 2039 1006 in
2087 941 2307 1007 eadem
2352 941 2610 1027 expedi-⁴

251 1058 427 1125 tione
472 1077 618 1125 cum
660 1065 878 1126 nostra
904 1059 1136 1126 militia
1164 1059 1418 1125 domino
1448 1063 1665 1125 nostro
1694 1057 2096 1140 famulantes,
2141 1058 2608 1123 sanctissimam

251 1173 484 1242 faeiem
509 1180 790 1242 vestram
835 1180 899 1241 et
942 1175 1323 1262 permaximi
1366 1174 1622 1262 imperii
1665 1173 1861 1240 vestri
1905 1173 2196 1239 decorem
2227 1173 2440 1239 videre
2471 1172 2608 1238 Deo

251 1295 581 1377 prestante
621 1291 1022 1359 merebimur.
1143 1288 1610 1358 Munificentiae
1639 1287 1953 1375 imperiali
1984 1289 2222 1372 gratias
2252 1288 2606 1371 referimus,

252 1406 426 1492 quod
467 1406 968 1475 benedictionem
1012 1412 1288 1474 vestram
1332 1406 1514 1473 nobis
1562 1405 1767 1472 adhuc
1811 1405 2042 1490 ignotis
2088 1404 2552 1472 transmisistis.

259 1618 442 1691 344.
483 1622 809 1689 θοῦν-σάω
828 1622 940 1689 ΠΙ
958 1647 1073 1689 rex
1092 1625 1345 1691 Pisanis
1376 1624 1589 1689 scribit
1620 1623 1699 1687 de
1728 1622 1884 1687 bello
1915 1631 2129 1687 contra
2152 1622 2492 1707 Roqerium
2512 1644 2612 1685 re-

476 1761 619 1826 gem
641 1740 900 1805 decreto.
916 1739 1190 1826 Leqatos
1204 1761 1366 1821 suos,
1381 1739 1732 1805 Amoldum
1750 1737 2277 1825 archiepiscopum
2291 1737 2614 1801 Colonien-

484 1878 628 1936 sem,
675 1854 1043 1939 wibaldum,
1081 1854 1441 1921 Heinricum
1470 1856 1802 1950 notarium,
1835 1855 2236 1919 commendat.
2296 1848 2406 1932 (M.
2434 1851 2613 1931 324.)

440 1986 816 2069 C(onradus)
862 1987 986 2053 Dei
1029 1989 1238 2072 gratia
1274 1963 1702 2054 Romanorum
1745 2007 1859 2052 rex
1908 1990 1971 2051 et
2015 2004 2264 2071 semper
2310 1989 2612 2068 augustus
2687 1997 2823 2052 1151

255 2103 642 2187 consulibus,
690 2103 1036 2190 capitaneis
1084 2109 1148 2170 et
1191 2104 1486 2170 universo
1531 2102 1764 2190 populo
1796 2102 2046 2188 Pisano,
2094 2106 2226 2167 tam
2265 2100 2614 2167 minoribus
2647 2073 2852 2193 εθξῖῗῖδ

257 2241 455 2306 quam
498 2219 864 2303 maioribus,
910 2220 1182 2304 gratiam
1227 2240 1409 2285 suam
1454 2225 1518 2286 et
1561 2219 1793 2286 bonam
1836 2217 2246 2283 voluntatem.

440 2335 594 2402 Post
633 2336 911 2402 reditum
953 2341 1242 2402 nostrum
1289 2336 1327 2401 a
1356 2334 1902 2401 lherosolimitana
1934 2333 2332 2420 expeditione
2363 2351 2613 2398 omnem

257 2452 461 2520 animi
509 2452 713 2518 nostri
755 2452 1170 2519 intentionem
1213 2456 1753 2535 converteramus,
1812 2456 1885 2518 ut
1929 2450 2164 2535 absque
2208 2468 2422 2514 morae
2466 2467 2615 2534 pro-

252 2568 510 2636 lixioris
561 2568 923 2636 interventu
970 2569 1052 2636 ad
1094 2590 1195 2636 res
1242 2567 1461 2635 Italiae
1508 2567 1890 2635 ordinandas
1936 2571 2001 2634 et
2042 2565 2360 2653 pacandas
2406 2565 2615 2649 ingre-

255 2686 576 2753 deremur.
667 2685 820 2753 Inde
875 2686 1028 2770 fuit,
1089 2685 1256 2772 quod
1309 2686 1550 2769 legatos
1597 2684 2110 2752 excellentissimi
2153 2683 2369 2749 fratris
2413 2681 2616 2747 nostri

255 2802 613 2869 Grecorum
664 2802 1066 2887 imperatoris
1123 2801 1205 2867 ad
1255 2802 1733 2868 universitatem
1776 2807 2055 2867 vestram
2099 2799 2478 2880 direximus;
2537 2798 2618 2864 de

253 2918 390 2985 fide
434 2924 498 2984 et
542 2917 898 2984 constantia
927 2922 1139 2984 vestra
1181 2918 1526 3003 plurimum
1559 2916 1963 3000 confidenteS,
2010 2916 2304 3002 quatinus
2335 2915 2617 3002 ipsorum

254 3034 583 3102 industria
626 3039 690 3100 et
719 3039 931 3100 vestra
971 3034 1217 3120 potenti
1245 3033 1481 3099 virtute
1524 3033 1724 3099 hostis
1772 3034 2099 3118 utriusque
2135 3031 2389 3118 imperii
2420 3049 2620 3115 usque

258 3151 350 3219 ad
397 3151 737 3217 adventum
781 3155 1069 3216 nostrum
1114 3150 1250 3216 sine
1279 3149 1744 3215 intermissione
1775 3147 2015 3215 bellicis
2043 3147 2400 3213 incursibus
2432 3167 2618 3231 quas-

256 3280 535 3334 saretur.
596 3265 797 3333 Decet
836 3267 1049 3352 itaque
1087 3265 1332 3353 patriae
1361 3265 1738 3352 principem,
1784 3270 1996 3349 grates
2029 3283 2102 3329 ac
2131 3261 2619 3330 benivolentiam

255 3382 614 3470 rependere
658 3381 780 3466 his,
827 3382 935 3467 qui
981 3382 1063 3448 ad
1107 3387 1238 3449 tam
1286 3382 1606 3466 egregium
1651 3402 1810 3469 opus
1856 3380 2283 3466 peragendum
2314 3378 2524 3444 animo
2557 3383 2621 3444 et

258 3519 460 3586 opere
501 3497 782 3585 inparati
825 3518 955 3565 non
997 3498 1272 3583 fuerunt,
1319 3499 1483 3565 sicut
1525 3498 1652 3564 illis
1699 3518 1825 3563 non
1870 3496 2186 3563 immerito
2231 3515 2400 3582 pena
2431 3494 2621 3561 debe-

258 3622 376 3684 tur
423 3614 728 3698 acerbior,
776 3615 883 3700 qui
928 3619 1137 3681 tantos
1183 3615 1278 3681 rei
1321 3614 1611 3701 publicae
1657 3619 1991 3700 provectus
2033 3612 2323 3680 demoliri
2349 3616 2619 3699 tempta-

258 3735 518 3800 verunt.
673 3730 785 3797 Set
830 3730 1343 3798 ardentissimum
1386 3736 1641 3798 nostrae
1686 3730 2027 3797 voluntatis
2071 3729 2351 3796 studium
2394 3748 2620 3795 manus

261 3847 519 3931 divina,
579 3866 769 3931 quam
813 3866 1002 3913 nemo
1042 3846 1405 3913 mortalium
1448 3848 1658 3934 potuit
1702 3847 1995 3929 evadere,
2050 3846 2317 3913 inmissa
2360 3845 2619 3912 coelitus

261 3961 639 4030 infirmitate
708 3961 1095 4049 aliquamdiu
1161 3963 1482 4049 repressit.
1590 3962 1703 4030 Set
1756 3967 2129 4049 recuperata
2182 3982 2298 4049 per
2353 3961 2619 4027 eundem

261 4078 931 4147 misericordissimum
963 4078 1168 4145 Deum
1213 4080 1537 4165 sospitate,
1583 4083 1902 4146 transacto
1947 4088 2197 4144 sacrae·
2227 4081 2619 4163 pentecostes
2652 4096 2837 4144 11.ὶαί

261 4197 456 4278 festo,
503 4194 860 4278 generalem
905 4194 1147 4261 curiam
1177 4195 1346 4281 apud
1373 4194 1789 4283 Ratisponam
1818 4194 2226 4276 celebrantes,
2272 4191 2621 4278 expeditio-
2653 4211 2767 4259 mni.

263 4332 421 4380 nem
473 4316 754 4377 nostram
807 4311 980 4396 regio
1026 4331 1200 4377 more
1245 4331 1463 4378 versus
1506 4310 1756 4378 Italiam
1802 4331 1946 4377 cum
1989 4329 2218 4392 magno
2264 4308 2623 4395 principum

263 4428 489 4496 favore
534 4432 599 4494 et
641 4428 834 4494 totius
879 4428 1144 4494 militiae
1189 4426 1515 4495 alacritate
1557 4426 1922 4493 indiximus.
2000 4423 2305 4493 Similiter
2351 4429 2417 4492 et
2453 4425 2623 4511 apud

419 4583 462 4619 ⁸-
503 4570 623 4617 mri
654 4588 693 4616 c.
