3319 5242
938 461 1238 509 wmALm
1278 460 1653 510 nmsrom
1695 461 1801 508 222.
1841 461 1948 507 222.
2480 443 2606 510 451

265 600 540 685 quietius
596 607 661 668 et
713 601 1117 688 tranquillius
1171 602 1503 690 providere
1556 602 1848 690 possetis.
1940 601 2352 670 Considerata
2405 606 2686 726 autemF
2726 606 2861 660 1151

263 716 600 801 iniquitate
660 719 1055 805 presentium
1113 724 1502 806 temporum,
1573 719 1790 786 audita
1844 719 2038 785 etiam
2092 717 2500 785 tribulatione
2555 722 2618 784 et
2650 679 2857 788 Fnarff·
2844 713 2908 787 in.

262 832 779 901 incommoditate
821 834 1092 901 fratrum
1134 840 1496 902 nostrorum
1529 834 2019 919 Stabulensium‚
2064 834 2303 921 liquido
2335 833 2618 900 animad-

263 949 593 1034 vertimus,
641 950 808 1035 quod
851 956 1069 1019 nostra
1111 952 1343 1039 peticio
1389 972 1515 1018 non
1561 956 1729 1019 esset
1772 970 2051 1034 congrua
2094 950 2175 1017 ad
2209 954 2446 1017 statum
2476 970 2619 1036 pre-

263 1065 464 1132 sentis
517 1067 821 1153 temporis
834 1117 853 1151 ‚
909 1088 1027 1135 222
1071 1068 1208 1135 2122
1251 1068 1529 1135 maximo
1576 1068 1955 1135 detrimento
2001 1085 2115 1133 suo
2161 1065 2274 1133 illa
2319 1065 2623 1137 aecclesia

261 1187 483 1269 posset
539 1182 581 1249 a
622 1182 799 1277 vobis
851 1183 970 1250 hoc
1014 1190 1298 1271 tempore
1342 1183 1636 1269 relinqui.
1727 1184 2085 1271 Eapropter
2128 1187 2414 1250 nostram
2457 1182 2621 1269 peti-

262 1298 512 1367 cionem
557 1298 637 1366 de
678 1298 1095 1385 relinquenda
1136 1300 1250 1368 illa
1295 1300 1599 1368 aecclesia
1641 1300 1712 1367 12
1739 1305 1950 1367 vestro
1996 1299 2258 1367 arbitrio
2302 1299 2619 1387 ponimus,

259 1418 644 1502 tempusque
709 1415 1107 1502 relinquendi
1174 1437 1315 1484 eam
1386 1422 1451 1484 et
1516 1418 2012 1504 oportunitatem
2063 1417 2309 1500 integre
2368 1416 2451 1483 ad
2503 1435 2620 1482 nos

262 1531 762 1616 transmigrandi
805 1533 875 1600 in
917 1539 1132 1602 vestra
1175 1534 1553 1601 discretione
1600 1538 1664 1600 et
1708 1532 2031 1600 voluntate
2074 1532 2471 1599 dimittimus.
2552 1530 2622 1597 Si

265 1667 396 1734 qua
439 1646 570 1715 alia
610 1649 889 1736 capitula
931 1656 1178 1719 vestrae
1222 1649 1693 1717 mansuetudini
1734 1649 2247 1717 inconvenienter
2288 1648 2622 1736 proposui-

263 1783 443 1849 mus,
501 1764 667 1832 sicut
707 1768 993 1852 presenti
1035 1767 1243 1835 facere
1287 1766 1651 1851 debuimus,
1698 1765 1966 1852 pedibus
2011 1766 2241 1833 vestris
2284 1763 2621 1852 provoluti,

263 1881 641 1968 paternitati
695 1886 941 1950 vestrae
1009 1883 1431 1950 satisfacimus
1490 1887 1584 1968 et,
1648 1886 1724 1948 ut
1778 1903 1855 1950 ea
1908 1883 1986 1951 de
2039 1883 2227 1951 corde
2284 1881 2625 1950 clementer

264 1996 629 2082 dimittatis,
672 1997 997 2067 humiliter
1042 2000 1464 2067 obsecramus.
1613 1998 1916 2067 Proxima
1958 2003 2280 2067 transacta
2308 1998 2626 2065 dominica

263 2113 632 2201 prepositus
673 2114 745 2181 in
788 2114 1064 2202 capitulo
1096 2116 1517 2200 denunciavit,
1565 2116 1734 2201 quod
1764 2116 1843 2183 ab
1873 2115 2096 2183 eadem
2124 2115 2226 2182 die
2255 2115 2325 2182 in
2355 2119 2625 2201 quatuor

264 2230 658 2318 septimanas
703 2251 935 2318 panem
980 2236 1046 2298 et
1087 2236 1308 2318 potum
1353 2231 1824 2316 congregationi
1867 2231 2290 2315 ministraret,
2343 2235 2624 2317 postmo-

265 2345 425 2413 dum
450 2366 602 2415 vero
645 2366 763 2415 222
803 2347 1067 2416 haberet
1107 2369 1313 2434 neque
1355 2348 1538 2416 nobis
1582 2349 1994 2417 ministraret.
2057 2346 2219 2426 Quia
2248 2365 2396 2430 ergo
2428 2345 2626 2413 alium

264 2467 776 2550 procuratorem,
828 2464 1150 2551 preposito
1194 2465 1377 2533 nobis
1422 2464 1783 2532 necessaria
1823 2483 1951 2531 non
1997 2464 2209 2547 dante,
2254 2467 2469 2550 preter
2509 2481 2624 2529 vos

263 2584 401 2648 11211
441 2578 768 2666 habemus,
815 2600 1067 2649 omnem
1111 2599 1327 2649 curam
1361 2586 1647 2650 nostram
1676 2580 1757 2650 de
1783 2580 1905 2648 1122
1931 2580 2123 2648 verbo
2152 2580 2224 2647 in
2250 2599 2364 2647 vos
2393 2578 2627 2666 proici-

263 2701 671 2782 1211221121
711 2717 931 2766 curam
973 2697 1260 2766 habeatis
1306 2698 1385 2767 de
1427 2699 1634 2784 nobis,
1680 2703 1984 2784 tanquam
2027 2697 2202 2765 omni
2246 2695 2470 2765 solatio
2516 2696 2625 2764 de-

266 2813 501 2898 stituti,
547 2814 996 2900 paternitatem
1039 2819 1318 2882 vestram
1361 2835 1678 2900 rogamus.

271 3044 455 3117 323.
492 3047 811 3114 Wibaldus
837 3047 1133 3114 Hem-ico
1169 3050 1381 3135 priori
1413 3049 1764 3115 Corbeiensi
1804 3049 2016 3113 scribit
2058 3048 2135 3113 de
2165 3050 2340 3113 curia
2370 3047 2624 3113 Naren-

498 3166 791 3251 berqensi.
865 3163 952 3231 Se
996 3187 1135 3229 cum
1176 3186 1322 3250 reqe
1357 3165 1706 3230 Traiectum
1748 3165 1980 3229 iturum
2026 3186 2169 3228 esse.
2228 3163 2406 3229 Num
2433 3185 2624 3251 prae-

490 3282 732 3368 positus
762 3279 975 3371 officio
991 3279 1189 3367 junqi
1219 3303 1302 3343 an
1324 3281 1694 3346 renunciare
1715 3280 1876 3362 velit,
1906 3281 2064 3344 scire
2086 3280 2271 3366 cupit.
2319 3276 2427 3359 (M.
2442 3278 2622 3361 303.)

454 3410 678 3478 Frater
722 3410 1099 3493 W(ibaldus)
1145 3411 1268 3478 Dei
1312 3412 1519 3496 gratia
1573 3409 1674 3496 id,
1732 3410 1900 3496 quod
1944 3417 2041 3477 est
2081 3411 2150 3476 in
2206 3410 2470 3478 ecclesia
2516 3430 2622 3480 ea-
2660 3426 2798 3482 1151

265 3528 530 3612 tholica,
578 3527 803 3594 dilecto
848 3526 978 3593 filio
1024 3527 1373 3610 H(einrico)
1418 3527 1691 3594 salutem
1734 3533 1799 3594 21
1840 3528 2355 3595 benedictionem.
2666 3499 2798 3547 “⁸¹²⁹

455 3644 677 3729 Iniquo
721 3648 1025 3731 tempore,
1070 3644 1287 3727 frater,
1333 3647 1398 3710 te
1441 3644 1722 3731 priorem
1768 3645 2229 3728 ordinavimus;
2276 3650 2340 3712 et
2385 3644 2465 3712 ob
2509 3643 2628 3711 hoc

267 3761 786 3850 predecessorem
814 3765 995 3826 tuum
1015 3756 1031 3786 ¹
1058 3759 1245 3845 longo
1276 3764 1562 3847 tempore
1593 3781 1885 3828 amovere
1915 3761 2296 3846 distulimus,
2330 3761 2628 3846 quoniam
2747 3833 2757 3844 ,

265 3879 342 3944 12
388 3876 601 3963 palam
649 3881 804 3960 erat,
850 3876 1171 3943 neminem
1216 3875 1410 3941 alium
1453 3894 1641 3962 posse
1688 3876 1988 3962 ordinari,
2033 3878 2101 3943 in
2145 3896 2331 3964 quem
2374 3881 2628 3943 nostrae

268 3993 563 4060 caritatis
608 4012 949 4059 consensus
995 3992 1370 4058 accederet·.
1454 3991 1840 4060 Remansisti
1884 3995 2054 4061 enim
2096 4012 2266 4059 nunc
2309 3993 2376 4057 in
2421 3990 2627 4056 medio

270 4109 471 4194 solus,
517 4109 872 4192 graviorem
919 4107 1318 4194 postmodum
1350 4108 1664 4175 sarcinam
1693 4109 1960 4194 laturus,
2007 4129 2153 4176 cum
2181 4128 2296 4174 nos
2328 4105 2628 4172 decedere

270 4225 648 4313 oportuerit.
720 4223 1047 4311 Siquidem
1103 4229 1212 4290 aut
1255 4223 1602 4291 cedendum
1661 4225 1785 4292 erit
1826 4224 2251 4292 multitudinis
2298 4222 2630 4288 ambitioni

270 4361 421 4409 cum
475 4360 707 4427 magno
766 4340 1051 4408 iusticiae
1108 4344 1173 4408 et
1227 4339 1528 4408 ecclesiae
1574 4341 1952 4410 detrimento
1967 4391 1987 4425 ‚
2046 4346 2156 4407 aut
2207 4338 2629 4407 resistendum

424 4497 466 4530 a.
506 4486 576 4531 εἰι·
607 4484 711 4530 cod.

423 4571 474 4623 1.
524 4568 847 4624 walterum.
891 4545 905 4557 ⁶

2092 4668 2205 4722 29·
