3319 5242
917 438 1215 486 mamr
1258 438 1632 487 amer-om
1674 439 1720 487 e.
1752 439 1798 485 7.
2441 423 2523 489 81

367 574 432 642 si
473 576 539 643 in
581 578 765 645 vobis
809 599 935 646 non
980 580 1388 665 remanserit,
1445 581 1513 646 in
1558 581 1884 667 proposito
1931 585 2148 648 nostro
2195 601 2332 648 esse
2355 589 2398 667 ¹,
2456 586 2530 649 ut
2566 587 2704 641 1137

218 689 281 757 de
316 690 536 759 honore
580 692 879 761 ecclesiae
925 702 1173 764 vestrae
1219 697 1564 763 secundum
1608 695 2103 764 munificentiam
2131 697 2528 784 imperialem

217 807 538 890 cogitemus.
607 810 1028 884 Attendentes
1082 814 1251 880 enim
1296 813 1670 898 dignitatem
1714 820 1929 880 tantae
1976 813 2274 881 ecclesiae
2319 820 2385 881 et
2427 836 2527 881 re-

215 921 429 1008 ligionis
442 976 462 1011 ,
508 947 672 1012 quae
725 948 879 1014 prae
934 929 1199 996 caeteris
1256 930 1558 997 hactenus
1614 928 1860 1014 floruit,
1918 930 1986 995 in
2039 931 2330 998 omnibus
2387 951 2528 997 eam

213 1041 489 1128 respicere
534 1048 602 1110 et
643 1050 1052 1112 manutenere
1098 1045 1263 1111 sicut
1295 1045 1635 1132 specialem
1670 1066 1955 1113 camerae
1985 1052 2240 1114 nostrae
2271 1048 2528 1114 domum

212 1154 624 1243 disposuimus,
694 1159 873 1227 Unde
917 1181 1032 1247 per
1079 1161 1291 1228 omnia
1333 1160 1549 1230 fideles
1585 1168 1836 1229 nostros
1865 1161 2248 1229 Adenolfum
2279 1168 2342 1229 et
2370 1163 2528 1229 Ver-

209 1271 404 1340 tulfum
423 1270 438 1301 ¹
480 1296 562 1342 ex
607 1281 791 1362 parte
835 1282 1055 1342 nostra
1098 1279 1401 1345 secretius
1448 1278 1721 1345 audiatis
1767 1283 1850 1362 et,
1897 1278 2197 1365 quicquid
2230 1278 2307 1345 de
2338 1298 2530 1345 causa

207 1395 394 1457 nostra
444 1393 628 1459 vobis
681 1391 1174 1477 significaverint
1184 1393 1229 1478 Β,
1289 1394 1622 1480 diligenter
1670 1400 1732 1461 et
1786 1393 2056 1461 fideliter
2102 1395 2524 1480 exequamini.

208 1503 318 1572 Hoc
357 1508 523 1574 enim
568 1508 630 1575 si
672 1514 841 1576 recte
887 1510 1234 1595 attenditis,
1282 1510 1361 1577 ad
1406 1510 1759 1598 proficuum
1800 1516 1864 1576 et
1893 1511 2197 1578 honorem
2228 1511 2528 1578 ecclesiae

208 1627 420 1690 vestrae
483 1625 817 1712 spectabit.
900 1624 1003 1691 Ex
1069 1625 1280 1692 verbis
1349 1626 1519 1693 enim
1587 1627 2019 1714 praefatorum
2083 1627 2355 1695 fratrum
2368 1677 2388 1712 ,
2457 1632 2530 1693 ut

205 1757 391 1808 verum
444 1741 630 1808 vobis
686 1741 1027 1827 fateamur,
1094 1743 1366 1811 multum
1423 1743 1652 1810 intenti
1709 1763 1957 1828 sumus,
2017 1750 2088 1811 ut
2143 1744 2224 1810 ad
2281 1744 2531 1827 insigne

205 1850 425 1923 honoris
469 1858 849 1945 imperialis,
895 1860 952 1926 si
981 1858 1153 1927 Deus
1200 1859 1600 1944 concesserit,
1645 1858 2011 1926 memoriale
2040 1866 2330 1927 nostrum
2361 1860 2531 1947 apud

206 1967 473 2040 Sanctum
516 1973 939 2043 Benedictum
983 1976 1053 2043 in
1095 1982 1475 2065 perpetuum
1519 1974 2006 2062 relinquamus..

208 2252 261 2324 7.
320 2259 663 2327 Lethes-ius
699 2263 1040 2349 imperator
1077 2263 1414 2353 Raynaldo
1459 2265 1670 2330 abbati
1712 2264 2031 2329 Caeinensi
2067 2265 2294 2344 scribit,
2338 2274 2408 2327 ut
2448 2264 2538 2328 ad

316 2397 379 2440 se
420 2379 634 2441 veniat
678 2387 737 2442 et
776 2377 1040 2463 Royeriu'
1080 2381 1246 2466 reqis
1288 2380 1590 2444 studiosos
1635 2402 1669 2444 e
1710 2380 1989 2445 coenobii
2032 2380 2250 2443 castris
2295 2380 2478 2444 eiciat
2489 2387 2530 2443 ⁸.

348 2506 693 2574 Lotharius
723 2508 846 2575 Dei
891 2510 1097 2594 gratia
1124 2509 1550 2577 Romanorum
1595 2510 1943 2598 imperator
1983 2515 2284 2594 augustus
2318 2510 2531 2576 abbati

2568 659 2701 707 Febr.

2630 2514 2769 2569 1137

2564 2588 2672 2636 Mai.
2690 2601 2760 2634 ex.
2785 2608 2833 2618 —

202 2618 548 2710 R(aynald0)
563 2620 589 2655 ²
646 2625 724 2694 de
780 2625 994 2694 Monte
1050 2625 1279 2694 Casino
1335 2629 1607 2713 gratiam
1665 2649 1847 2694 suam
1903 2633 1967 2695 et
2024 2627 2255 2696 bonam
2309 2627 2529 2693 volun·
2610 2650 2788 2706 1m2m

202 2743 386 2806 tatem.

350 2856 749 2924 Presentiam
795 2864 972 2924 tuam
1018 2879 1162 2925 cum
1208 2855 1400 2927 duce⁸
1446 2861 1955 2947 expectabamus.
2026 2859 2188 2927 Cum
2222 2881 2344 2947 quo
2381 2862 2532 2946 quia

202 2988 303 3037 non
331 2975 582 3057 venisti,
631 2974 1025 3058 mandamus,
1067 2980 1139 3041 ut
1170 2975 1251 3041 ad
1294 2996 1409 3042 nos
1439 2976 1728 3042 veniatis
1888 2975 2266 3043 Audivimus
2298 2982 2528 3060 autem,

205 3088 477 3168 quosdam
524 3090 814 3156 homines
860 3089 1042 3157 Beati
1086 3089 1444 3177 Benedicti,
1504 3093 1573 3158 in
1615 3091 1788 3158 illius
1836 3088 2087 3178 Syculi⁴
2132 3091 2334 3158 adhuc
2375 3090 2529 3158 fide-

202 3198 350 3271 litate
393 3212 864 3293 permanentes,
911 3209 977 3273 in
1025 3208 1249 3274 castris
1295 3208 1422 3274 tuis
1468 3227 1743 3275 manere.
1812 3207 1978 3287 Quos
2011 3207 2220 3294 placet
2247 3213 2320 3274 ut
2349 3213 2531 3286 caute

205 3324 554 3389 removeatis
568 3372 587 3407 ,
642 3342 725 3388 ne
780 3324 948 3409 quod
1001 3323 1529 3411 impedimentum
1581 3324 1842 3392 ecclesie
1889 3323 2219 3392 Casinensi
2264 3345 2381 3411 per
2426 3345 2531 3391 eos

204 3437 377 3518 possit
416 3439 599 3506 oriri.

321 3665 360 3697 a.
399 3654 564 3699 sciatis
595 3650 822 3698 excidisse
860 3652 1050 3700 videtur.
1182 3653 1228 3700 b.
1269 3652 1593 3711 significaverit
1622 3654 1695 3700 ed.
1821 3667 1860 3700 c.
1907 3655 2282 3702 Wunaenbachius
2326 3657 2371 3701 ἰοι
2405 3658 2532 3701 Mon.

205 3728 322 3777 Gn.
343 3733 423 3781 SS.
459 3734 568 3779 Vll.
595 3732 687 3777 819
720 3750 761 3778 n.
784 3733 845 3778 40
877 3733 1023 3779 edidis
1052 3732 1172 3779 hanc
1202 3734 1459 3793 epistolam,
1493 3751 1524 3778 ο
1548 3735 1728 3779 Pertzr‘o
1749 3751 1773 3778 ε
1795 3733 1953 3779 codice
1981 3736 2224 3782 Catinensi
2242 3736 2533 3795 descriptam.
2602 3760 2608 3769 ·

322 3826 370 3881 1.
414 3825 722 3883 monachos
756 3826 1110 3897 casinenses,
1158 3844 1194 3885 a
1227 3826 1549 3884 Senior-ecto
1594 3826 1796 3883 abbate
1841 3827 1913 3883 ad
1949 3827 2268 3885 Lotbarium
2319 3830 2532 3897 missos,

204 3912 280 3978 qui
321 3916 488 3972 etiam
536 3921 667 3986 post
714 3922 991 3972 mortuum
1040 3916 1132 3972 die
1178 3918 1214 3973 4
1258 3917 1421 3973 Febr.
1471 3916 1610 3971 1137
1658 3915 2040 3973 seniorectum
2087 3917 2290 3988 dieque
2328 3918 2397 3972 10
2430 3917 2532 3972 Fe·

205 3996 383 4059 bruarii
429 4006 644 4062 electos
688 4004 918 4061 abbates
961 4004 1129 4074 duos,
1176 4006 1473 4061 Ravennae
1520 4005 1672 4074 apud
1720 4005 2104 4074 imperatorem
2142 4006 2347 4061 versati
2383 4010 2528 4061 sunt.

208 4084 261 4144 V.
281 4089 420 4149 Petri
445 4094 590 4151 diac.
611 4093 811 4151 Chron.
834 4094 960 4151 Cas.
984 4093 1048 4149 L.
1069 4090 1196 4148 1111.
1223 4109 1270 4149 c.
1294 4094 1399 4149 104
1424 4095 1591 4161 (Mon.
1611 4094 1796 4150 Germ.
1823 4093 1920 4150 SS.
1940 4093 2066 4151 vn.
2091 4094 2237 4161 816).
2345 4095 2396 4149 2.
2423 4094 2530 4148 He-

207 4180 456 4239 tturiensi.
589 4184 643 4243 3.
681 4199 807 4239 cum
844 4182 1106 4240 Heinrico
1141 4181 1392 4252 Superbo
1429 4182 1571 4238 duce
1606 4182 1889 4253 Bavarlae,
1925 4182 2273 4253 imperatoris
2307 4196 2530 4254 genero,

210 4277 344 4334 quem
377 4272 544 4340 paulo
578 4278 708 4329 ante
743 4273 891 4329 diem
927 4277 1279 4343 pentecostes
1310 4272 1460 4340 (Mai.
1484 4272 1575 4340 30)
1598 4288 1633 4327 a
1657 4271 1991 4328 monasterio
2017 4271 2305 4328 Casinensi
2327 4272 2532 4326 Barum

210 4353 266 4408 81
303 4359 682 4429 imperatorem
718 4363 1065 4433 pervenisse,
1112 4364 1289 4433 liquet
1333 4378 1403 4418 ex
1440 4360 1736 4417 Annalista
1769 4359 2014 4428 Saxone,
2049 4360 2196 4417 Mon.
2222 4360 2409 4418 Germ.
2433 4356 2531 4414 SS.

211 4438 288 4498 u
312 4446 429 4504 773.
467 4451 686 4518 (Petrus
721 4451 988 4509 diaconus
1022 4453 1080 4508 in
1117 4451 1316 4509 Chron.
1345 4451 1528 4509 Oasin.
1552 4451 1616 4507 L.
1640 4451 1739 4507 IV.
1766 4465 1817 4508 c.
1843 4450 1948 4507 108
1982 4450 2022 4505 l.
2045 4450 2084 4506 1.
2121 4451 2192 4506 de
2217 4449 2384 4506 buius
2417 4446 2531 4516 epi·

211 4536 359 4594 stobe
394 4545 639 4611 tempore
677 4539 848 4597 falsus
884 4546 1008 4610 est).
1152 4541 1204 4596 4.
1250 4540 1475 4612 Rogerii
1511 4540 1679 4612 regis.

283 4635 429 4688 ἔκη’.
462 4639 745 4685 Bibliotheca
773 4642 808 4685 1.
2031 4639 2066 4693 6
