3319 5242
1011 454 1310 504 wmALm
1350 454 1682 504 nrxs‘ronn
1726 455 1803 502 ss.
2457 437 2581 504 157

236 594 360 667 83.
410 595 740 686 Enyem'us
766 597 881 664 ΠΙ
894 621 1080 687 papa
1109 600 1445 666 Adalberto
1479 599 1939 686 archispiscopo
1972 598 2299 665 Bremmi
2327 609 2387 664 et
2412 596 2584 664 Hen-

409 716 544 780 n'co
592 715 907 780 Mindensi
962 739 1038 780 ac
1086 715 1437 781 Thietmaro
1483 716 1778 781 Verdensi
1829 716 2131 802 episcopis
2172 716 2459 796 mandat,
2517 725 2587 778 ut

414 831 721 896 alienatas
749 833 1028 897 coenobii
1048 831 1511 898 Kaminatemis
1529 832 1947 918 possessiones
1966 842 2264 918 repetant.
2316 827 2424 910 (Μ.
2447 828 2581 911 66.)

410 963 736 1047 Eugenius
765 963 1100 1050 episcopus
1131 984 1350 1030 servus
1378 959 1706 1032 servorum
1727 962 1850 1030 Dei
1878 959 2340 1030 venerabilibus
2368 962 2582 1029 fratri-

231 1079 368 1164 bus,
382 1078 785 1162 A(dalberto)
799 1078 1127 1147 Bremensi
1152 1080 1643 1167 archiepiscope,
1658 1078 1981 1162 He(m·ico)
1993 1078 2329 1163 Mindensi,
2343 1079 2582 1161 T(hiet-

227 1196 436 1278 maro)
467 1193 774 1263 Ferdensi
820 1196 1152 1283 episcopiS,
1199 1196 1468 1263 salutem
1510 1202 1573 1264 et
1614 1194 2024 1283 apostolicam
2063 1194 2579 1262 benedictionem.

410 1310 852 1379 Possessiones
892 1312 1347 1380 aecclesiarum.
1366 1313 1751 1400 patrimonia
1778 1332 2149 1399 pauperum,
2194 1313 2411 1399 precia
2436 1331 2583 1399 pec-

226 1435 524 1496 catorum
591 1449 729 1495 esse
785 1434 1159 1512 noscuntur3
1228 1429 1494 1515 ideoque
1553 1429 1609 1496 si
1667 1430 1809 1515 quis
1865 1429 2178 1516 presumit
2231 1449 2307 1496 ea
2365 1435 2584 1495 contra

226 1546 556 1612 iusticiam
601 1545 901 1630 detinere,
949 1545 1349 1630 sacrilegium
1393 1546 1676 1633 profecto
1721 1546 2077 1612 committit.
2148 1544 2584 1630 Significatum

225 1662 416 1729 nobis
451 1667 571 1745 est,
618 1662 786 1747 quod
815 1661 1220 1749 parrochiani
1249 1662 1364 1747 tui,
1411 1663 1609 1728 frater
1640 1661 2128 1749 archiepiscope,
2175 1662 2393 1746 Odico,
2437 1659 2582 1728 Ric-

226 1778 472 1863 bertus,
523 1777 864 1862 Thederus,
911 1777 1240 1862 RaineruS,
1288 1777 1726 1845 Heremannus
1773 1784 1838 1844 et
1882 1778 2139 1864 quidam
2184 1779 2295 1845 alii
2332 1798 2581 1865 posses-

226 1895 443 1962 siones
490 1893 962 1961 Kaminatensis
1021 1893 1360 1961 aecclesiae
1416 1895 1494 1961 de
1538 1914 1731 1960 manu
1774 1893 1986 1961 Iudith
2031 1895 2347 1981 quondam
2392 1894 2582 1961 abba-

226 2013 460 2094 tissae,
520 2016 856 2098 postquam
913 2010 1201 2098 deposita
1251 2011 1406 2094 fuit,
1465 2011 1747 2098 recipere
1801 2016 2323 2099 presumpserunt
2367 2016 2433 2077 et
2475 2030 2581 2077 eas

227 2128 438 2195 eidem
485 2127 867 2194 monasterio
896 2127 1181 2210 reddere,
1227 2147 1378 2193 suae
1408 2127 1631 2194 salutis
1659 2128 2082 2212 immemores,
2129 2127 2579 2194 contradicant.

227 2243 585 2328 HugolduS,
617 2242 999 2328 waltardus,
1047 2241 1407 2310 Gerhardus
1455 2249 1520 2311 et
1563 2245 1822 2330 quidam
1868 2244 1977 2310 alii
2021 2243 2422 2331 parrochiani
2465 2244 2581 2328 tui,

224 2361 428 2428 frater
460 2358 823 2444 Fardensis,
868 2358 1173 2434 beneficia
1217 2360 1547 2446 quaedam,
1594 2366 1667 2428 ut
1707 2360 1891 2428 nobis
1937 2365 2301 2445 suggestum
2341 2363 2456 2443 est,
2502 2359 2583 2425 de

227 2497 427 2543 manu
475 2476 759 2544 eiusdem
805 2476 1191 2561 abbatissae,
1238 2477 1683 2544 nichilominus
1728 2482 2066 2565 postquam
2109 2476 2398 2565 deposita
2438 2474 2581 2560 fuit,

223 2598 627 2681 receperunt.
780 2592 941 2673 Quia
976 2593 1171 2679 igitur
1198 2594 1448 2682 prefata
1475 2593 1758 2680 I(udith),
1804 2600 2141 2683 postquam
2170 2614 2287 2682 per
2331 2598 2582 2662 senten-

225 2710 389 2777 tiam
437 2707 819 2777 venerabilis
875 2710 1092 2777 fratris
1149 2713 1353 2778 nostri
1397 2712 1599 2779 bonae
1642 2712 1986 2778 memoriae
2031 2711 2358 2793 T(homae)
2404 2731 2582 2797 pres-

225 2824 422 2894 biteri
468 2826 831 2910 cardjnalis,
876 2830 1027 2893 tunc
1074 2828 1456 2915 apostolicae
1502 2829 1669 2896 sedis
1700 2828 1912 2914 legati,
1960 2827 1998 2895 a
2025 2828 2333 2913 regimine
2363 2826 2581 2897 Kami-

226 2942 517 3011 natensis
565 2942 902 3010 aecclesiae
949 2943 1237 3031 deposita
1279 2945 1421 3029 fuit,
1474 2945 1717 3011 nullam
1762 2945 2081 3012 alienandi
2123 2944 2226 3012 vel
2267 2944 2581 3030 impigno-

224 3060 416 3127 randi
474 3058 641 3126 bona
698 3060 899 3147 ipsius
957 3059 1295 3128 aecclesiae
1347 3061 1569 3128 habuit
1610 3066 2021 3148 potestatem,
2080 3082 2196 3148 per
2252 3060 2582 3146 presencia

226 3177 409 3244 vobis
470 3177 711 3263 scripta
753 3177 1126 3243 mandamus
1144 3227 1163 3262 ,
1223 3178 1517 3263 quatinus
1565 3199 1671 3245 eos
1717 3179 2063 3246 districtius
2108 3177 2418 3244 moneatis
2431 3226 2452 3260 ,
2508 3181 2581 3242 ut

228 3292 396 3360 bona
425 3293 751 3379 predictae
783 3292 1140 3376 aecclesiae,
1175 3313 1334 3378 quae
1364 3302 1585 3362 contra
1615 3295 1970 3362 animarum
2000 3293 2268 3361 salutem
2298 3293 2579 3361 detinere

227 3414 631 3497 presumunt,
678 3408 737 3476 ei
781 3429 926 3476 cum
969 3410 1334 3493 integritate
1368 3413 1708 3479 restituant
1738 3418 1802 3480 et
1831 3413 1909 3480 ab
1939 3411 2140 3498 ipsius
2170 3411 2580 3478 infestacione

228 3525 564 3594 desistant.
667 3525 847 3604 Quod
902 3528 957 3594 si
1011 3528 1180 3595 infra
1235 3527 1655 3613 quadraginta
1710 3529 1846 3595 dies
1917 3533 2254 3615 postquam
2306 3549 2346 3594 a
2399 3528 2578 3595 vobis

228 3642 601 3710 commoniti
644 3642 882 3710 fuerint
924 3644 1133 3712 facere
1177 3645 1701 3732 contempserint,
1750 3645 2114 3711 canonicam
2159 3645 2236 3713 de
2280 3645 2439 3733 ipsis
2480 3646 2578 3712 iu·

229 3761 481 3827 sticiam
525 3757 795 3826 faciatis.
974 3760 1434 3827 Nichilominus
1447 3811 1466 3844 ,
1512 3761 1712 3827 frater
1755 3760 2133 3846 Mindensis,
2181 3762 2578 3849 presencium

229 3875 343 3943 tibi
388 3875 769 3944 auctoritate
799 3877 1193 3961 mandamuS,
1241 3877 1536 3963 quatinus
1560 3876 1948 3963 Walderum,
1996 3879 2104 3963 qui
2134 3879 2414 3946 eiusdem
2435 3899 2578 3945 ’mo-

230 3991 493 4060 nasterii
548 3992 802 4078 predia,
873 3993 1181 4060 clericalis
1239 3993 1430 4060 officii
1484 3993 1993 4061 consideracione
2047 3995 2432 4082 postposita,
2498 3994 2577 4061 ab

233 4108 447 4177 eadem
461 4159 482 4193 ,
555 4128 716 4193 quae
772 4114 1150 4196 potestatem
1207 4110 1401 4176 dandi
1457 4131 1586 4177 non
1640 4110 1891 4194 habuit,
1956 4111 2186 4177 dicitur
2241 4110 2575 4198 recepisse,

237 4223 520 4292 districte
567 4243 985 4310 commoneas,
1032 4231 1105 4293 ut
1146 4226 1314 4294 male
1359 4227 1669 4313 acquisita
1711 4227 2006 4294 restituat
2051 4233 2115 4294 et
2144 4226 2406 4295 eandem
2438 4246 2577 4294 aec-

236 4338 489 4409 clesiam
523 4341 596 4407 in
624 4360 781 4428 pace
809 4342 1134 4429 possidere
1163 4342 1509 4428 permittat.
1580 4343 1760 4422 Quod
1790 4344 1846 4410 si
1873 4344 2080 4410 facere
2108 4343 2576 4430 contempserit,

236 4459 533 4527 canonica
577 4478 723 4526 eum
768 4478 1036 4527 censura
1078 4478 1385 4527 coerceas.
1462 4459 1631 4527 Data
1675 4459 1889 4528 Remis
1932 4460 2132 4527 Nonis
2177 4459 2439 4549 Aprilis.

2628 967 2769 1023 1148

2615 1043 2725 1102 Apr.
2751 1042 2780 1088 5
