3319 5242
735 458 742 466 ·
767 439 897 506 180
1427 456 1725 506 wmALm
1766 454 2139 506 unsa-om
2186 454 2291 503 ιω.
2322 454 2430 504 104.

587 600 727 659 1148
765 598 1132 666 absentiam.
1204 597 1272 665 Si
1317 597 1708 666 Stabulensis
1763 598 2067 667 aecclesia
2121 618 2238 666 nos
2289 618 2418 666 non
2462 597 2817 683 educasset,
2877 599 2945 666 si·
2979 619 3085 667 nos

763 715 842 782 de
886 715 1178 800 gregibus
1224 715 1436 782 ovium
1478 737 1606 783 non
1651 715 2030 799 sustulisset,
2077 716 2132 782 si
2175 735 2292 782 nos
2338 716 2416 782 de
2455 721 2603 802 post
2627 716 2941 784 foetantes
2969 682 3095 783 non'

764 832 1107 919 accepisset
1124 827 1159 917 ¹,
1206 837 1278 897 ut
1318 851 1720 919 pasceremus
1766 832 1951 899 Iacob
1996 838 2060 899 et
2098 832 2326 900 Israel·
2369 831 2784 899 hereditatem
2815 832 2939 900 Dei
2950 828 2996 918 ¹,
3040 834 3088 899 si

760 969 876 1015 nos
931 969 1158 1033 egenos
1213 948 1291 1015 de
1344 947 1603 1035 pulvere
1656 968 1786 1015 non
1832 949 2196 1016 suscitasset
2239 953 2304 1016 et
2346 949 2425 1016 de
2471 952 2746 1016 stercore
2790 950 3092 1017 erexisset

757 1085 1087 1152 pauperes,
1135 1070 1206 1130 ut
1249 1065 1575 1132 sedeamus
1615 1084 1761 1131 cum
1790 1064 2179 1153 principibus
2190 1059 2235 1148 ⁸,
2281 1064 2543 1150 dignum
2569 1070 2784 1133 tamen
2812 1066 3092 1133 fraterna

758 1181 1020 1248 caritate
1047 1181 1187 1265 fuit,
1232 1187 1324 1266 ut,
1372 1182 1427 1247 si
1455 1182 1525 1248 in
1553 1180 1919 1248 Gorbeiensi
1948 1180 2250 1248 aecclesia
2278 1181 2559 1248 medicus
2586 1182 2770 1266 foret,
2816 1183 2888 1248 in
2916 1183 3091 1250 cuius

758 1298 942 1365 domo
974 1297 1420 1365 vestimentum
1451 1301 1617 1364 esset
1626 1293 1671 1381 ⁴,
1712 1318 1839 1364 non
1878 1297 2193 1382 negaretis
2225 1298 2427 1364 sorori
2456 1303 2703 1365 vestrae
2733 1297 3093 1367 Stabuleusi

759 1415 1056 1482 ecclesiae
1103 1414 1379 1500 aliquam
1408 1419 1656 1481 vestrae
1691 1413 2133 1481 consolationis
2164 1414 2733 1501 participationem.
2873 1414 3095 1483 Caete-

755 1552 898 1598 rum
950 1551 1066 1598 nos
1111 1531 1266 1597 haec
1310 1531 1506 1597 missa
1548 1530 1845 1613 facimus3
1901 1551 2014 1597 vos
2060 1551 2209 1598 vero
2258 1535 2502 1615 curate,
2560 1536 2633 1597 ut
2674 1530 2743 1597 in
2788 1550 2958 1599 novo
3004 1538 3097 1599 ta-

753 1647 1090 1715 bernaculo
1135 1652 1352 1714 nostro
1397 1646 1788 1714 mansionem
1833 1648 2156 1715 venientes
2200 1646 2562 1715 habeamus.

761 1869 936 1940 104.
984 1870 1301 1937 Wibaldus
1322 1869 1617 1935 Hem-ico
1640 1871 2070 1936 Romanorum
2096 1873 2233 1958 αφ’
2260 1872 2338 1937 de
2363 1871 2671 1937 Cuonom's
2699 1882 2760 1938 et
2778 1870 3102 1939 Everardn·

982 1978 1087 2043 lite
1129 1980 1455 2068 siqnfficat.
2813 1975 2926 2059 (Μ.
2964 1979 3100 2060 87.)

576 2123 717 2180 1148
934 2109 1220 2177 Glorioso
1290 2110 1542 2177 domino
1606 2130 1721 2177 suo
1776 2109 2124 2191 H(einrico)
2182 2110 2401 2177 inclito
2458 2110 2882 2178 Romanorum
2939 2113 3104 2197 regi,

752 2228 967 2312 magni
1009 2247 1082 2293 ac
1110 2226 1366 2293 victoris
1397 2226 1716 2293 Cuonradi
1745 2225 2170 2293 Romanam
2207 2227 2607 2315 imperatoris
2647 2229 2899 2311 augusti
2943 2227 3104 2313 filio,

750 2343 947 2410 frater
986 2342 1312 2411 Wibaldus
1357 2342 1479 2409 Dei
1524 2343 1734 2427 gratia
1774 2342 1870 2427 id,
1919 2343 2085 2428 quod
2141 2349 2239 2410 est
2291 2344 2360 2410 in
2417 2343 2724 2411 catholica
2769 2343 3105 2429 oecclesia,

752 2460 1021 2527 salutem
1065 2461 1132 2526 in
1178 2480 1273 2544 ee,
1322 2460 1429 2546 qui
1475 2459 1588 2525 dat
1629 2458 1898 2525 salutem
1942 2459 2213 2543 regibus.

931 2576 1032 2643 Ab
1079 2577 1253 2644 exitu
1298 2580 1512 2646 nostro
1560 2577 1598 2644 a
1641 2575 1880 2663 synodo
1914 2574 2210 2643 Remensi
2253 2576 2550 2644 remorati
2592 2596 2808 2644 sumus
2849 2577 2922 2645 in
2960 2578 3109 2648 Sta·-

754 2694 1000 2761 buleusi
1043 2693 1425 2760 monasterio
1471 2698 1735 2782 propter
1776 2692 2007 2760 multas
2039 2698 2103 2759 et
2131 2693 2339 2760 varias
2370 2694 2788 2761 dissensiones
2819 2699 2889 2761 et
2916 2717 3111 2783 pres-

755 2831 934 2877 suras
949 2860 967 2894 ,
1027 2831 1187 2895 quae
1246 2815 1394 2876 sunt
1447 2811 1514 2876 in
1571 2815 1773 2895 terra,
1833 2829 1906 2875 ac
1961 2809 2232 2876 Domino
2289 2815 2663 2896 cooperante
2715 2815 3113 2900 nostrosque

754 2932 1015 2994 conatus
1082 2925 1518 3009 confirmante,
1594 2926 1663 2991 in
1730 2925 2019 2993 omnibus
2085 2926 2219 2992 fere
2281 2924 2436 2993 locis
2504 2926 3115 2998 circumiacentibus

755 3043 1368 3129 quantulamcunque
1412 3061 1633 3129 pacem
1680 3043 2164 3129 composuimus,
2210 3062 2429 3110 versus
2459 3041 2790 3110 Corbeiam
2833 3044 2908 3112 in
2951 3068 3118 3133 pro-

752 3160 923 3227 ximo
990 3160 1261 3226 transire
1317 3159 1659 3246 cupientes.
1840 3158 2021 3227 Nunc
2075 3159 2472 3226 maiestatem
2529 3165 2803 3226 vestram
2862 3163 3117 3231 obnixe

752 3297 1076 3361 rogamus,
1125 3283 1197 3343 ut
1243 3277 1319 3343 de
1366 3295 1588 3359 causa,
1635 3295 1752 3361 pro
1798 3295 1924 3361 qua
1967 3276 2050 3341 ad
2092 3280 2369 3343 vestram
2414 3275 2810 3343 clementiam
2855 3279 3119 3348 direxi-

751 3414 890 3459 mus
904 3443 923 3477 ,
981 3414 1097 3459 nos
1155 3392 1453 3459 exaudire
1509 3391 1873 3476 dignemini.
1945 3391 2017 3459 In
2072 3390 2388 3459 beneficiis
2435 3391 2823 3460 Stabulensis
2872 3414 3120 3464 mona-

751 3510 930 3576 sterii
984 3509 1344 3576 hereditant
1397 3508 1698 3593 feminae,
1752 3507 1863 3575 ubi
1916 3508 2180 3574 masculi
2223 3529 2351 3576 non
2395 3514 2749 3596 supersunt.
2816 3506 3123 3588 Quidam

749 3625 1064 3692 Widricus
1122 3632 1336 3692 noster
1381 3623 1847 3709 ministerialis,
1908 3645 2053 3691 cum
2095 3624 2357 3692 haberet
2399 3626 2649 3692 unicam
2690 3623 2928 3711 filiam,
2999 3629 3124 3697 de-

749 3741 998 3808 functus
1046 3748 1169 3825 est3
1218 3743 1395 3807 cuius
1441 3742 1867 3828 possessiones
1911 3740 2079 3808 filius
2125 3742 2358 3808 sororis
2403 3742 2604 3829 ipsius
2644 3741 2860 3809 Cuono
2910 3764 3124 3813 occu·

749 3859 944 3946 pavit.
1015 3857 1245 3925 Postea
1291 3858 1546 3945 quidam
1574 3857 1934 3926 Everardus
1972 3856 2167 3925 filiam
2195 3859 2506 3946 prefatam
2535 3859 2801 3946 predicti
2822 3857 3125 3930 Widrici

750 3975 934 4042 duxit
967 3995 1250 4060 uxorem,
1298 3980 1361 4042 et
1393 3975 1734 4041 secundum
1762 3995 2003 4042 morem
2030 3979 2238 4042 terrae
2269 3996 2454 4043 omne
2482 3974 2874 4061 beneficium,
2926 3980 3130 4064 quod

751 4090 997 4178 puellae
1054 4092 1092 4158 a
1143 4097 1324 4178 patre
1370 4092 1795 4181 competebat,
1853 4092 1892 4158 a
1933 4091 2114 4159 nobis
2161 4092 2419 4178 accepit.
2488 4092 2724 4159 Verum
2766 4097 3129 4178 prenomi-

748 4213 936 4275 natus
994 4207 1207 4275 Cuono
1274 4210 1542 4276 eundem
1594 4207 1986 4275 Everardum
2043 4208 2122 4275 de
2173 4208 2571 4296 possessione
2625 4207 2887 4296 expulit.
2979 4210 3131 4281 Pro

751 4345 877 4411 qua
919 4346 990 4392 re
1036 4326 1074 4393 a
1116 4326 1296 4393 nobis
1341 4325 1622 4410 legitime
1667 4329 1925 4391 vocatus
1973 4329 2036 4390 et
2078 4345 2268 4412 super
2310 4325 2429 4392 hoc
2455 4325 2526 4392 in
2554 4344 2807 4392 causam
2837 4324 3132 4418 ductus,

751 4461 893 4508 cum
939 4441 1017 4509 ab
1075 4443 1298 4509 eodem
1328 4441 1704 4526 E(verardo)
1750 4441 2181 4529 impeteretur,
2227 4442 2394 4528 quod
2438 4462 2583 4510 eum
2628 4439 2933 4510 beneficio
2992 4466 3132 4514 suo

893 4590 933 4622 a.
976 4575 1108 4622 Iacob
1141 4580 1187 4622 et
1216 4576 1349 4623 Iacob
1383 4577 1486 4623 cod.

893 4664 940 4716 1.
982 4661 1067 4719 cf.
1091 4664 1182 4719 Pa.
1210 4664 1294 4731 77,
1322 4663 1406 4716 70.
1516 4662 1569 4717 2.
1606 4661 1742 4718 ibid.
1769 4661 1851 4729 77,
1880 4663 1964 4717 71.
2073 4661 2126 4716 3.
2164 4661 2301 4732 Reg.
2328 4659 2373 4717 Ι.
2397 4662 2448 4730 2,
2474 4661 2525 4717 8.
2631 4661 2683 4716 4.
2711 4658 2794 4718 Gf.
2816 4659 2960 4719 lsai.
2981 4666 3048 4736 3,
3072 4668 3133 4725 7.
