3319 5242
966 466 1263 513 wnmm
1304 449 1971 516 snsromm‘m.
2497 451 2630 519 563

286 604 456 691 apud
483 603 834 672 Romanam
878 605 1247 673 aecclesiam
1290 608 1552 692 egimus,
1597 609 1841 695 perfrui
1869 609 2041 675 omni
2069 628 2215 676 cum
2242 608 2632 694 benignitate
2666 616 2809 671 1153

286 725 350 787 et
396 718 675 787 efficacia
715 722 1078 789 meruimus.
1141 722 1294 791 Inde
1339 729 1456 808 est,
1504 724 1674 810 quod
1714 724 2131 792 intolerabilis
2169 724 2368 809 dolor,
2415 726 2523 811 qui
2552 726 2631 793 de
2704 702 2774 736 ⁶

284 837 562 902 transitu
603 837 929 905 reverendi
973 838 1175 925 patris
1220 840 1442 923 nostri,
1486 840 1685 906 vestri
1718 841 1937 925 utique
1964 840 2447 925 predecessoris,
2494 841 2631 907 ani-

284 2780 388 2852 42
401 2780 470 2853 6.
507 2784 824 2853 Wibaldus
858 2784 1297 2851 Bmihardum
1313 2786 1522 2871 presb.
1556 2786 1728 2851 card.
1760 2788 1846 2852 tit.
1880 2784 1950 2852 S.
1986 2786 2325 2868 Clementis,
2367 2786 2635 2851 Romam

509 2924 837 2984 reversum,
882 2912 1081 2988 royac,
1136 2911 1205 2966 ut
1235 2902 1566 2988 petitiones
1608 2924 1755 2967 suas
1800 2902 1888 2968 ad
1932 2902 2255 2969 Corbeiam
2297 2913 2636 2989 spectantes

498 3040 718 3104 papae
762 3017 1154 3083 commendet.
2306 3014 2416 3098 (Μ.
2452 3015 2632 3098 394.)

464 3155 828 3224 Reverendo
872 3157 942 3223 in
987 3156 1238 3224 Christo
1280 3156 1453 3244 patri
1498 3176 1611 3223 suo
1657 3162 1723 3223 et
1766 3156 2019 3223 domino
2064 3155 2481 3239 B(ernhardo)
2527 3178 2633 3224 ve·
2674 3167 2813 3222 1153

282 3272 555 3341 nerabili
610 3278 865 3340 sanctae
909 3271 1229 3339 Romanae
1288 3271 1625 3339 aecclesiae
1682 3272 1989 3339 cardinali
2044 3273 2395 3360 presbitero
2439 3273 2635 3339 frater
2708 3255 2776 3287 οι

283 3388 667 3471 W(ibaldus)
697 3389 819 3456 Dei
863 3389 1070 3473 gratia
1112 3389 1200 3474 id,
1247 3388 1415 3475 quod
1444 3390 1637 3456 estin
1670 3388 1971 3457 aecclesia
2001 3388 2325 3474 catholica,
2374 3389 2635 3473 exiguas

284 3506 603 3572 orationes
651 3511 714 3572 et
757 3505 1051 3571 devotum
1096 3505 1442 3572 servitium.

468 3621 538 3688 Si
581 3640 724 3688 cum
767 3621 1132 3705 integritate
1177 3621 1500 3709 sospitatis
1543 3625 1794 3688 vestrae
1838 3625 1905 3688 et
1947 3639 2087 3687 cum
2134 3642 2349 3688 rerum
2394 3627 2635 3689 vestra·

285 3758 432 3805 rum
476 3737 724 3822 integ-ra
766 3738 1240 3804 conservatione
1285 3737 1365 3803 ad
1409 3736 1645 3804 Urbem
1688 3736 2020 3824 pervenire
2063 3738 2382 3825 potuistis,
2435 3737 2635 3824 pluri-

284 3874 464 3921 mum
506 3854 576 3920 1ιι
618 3853 892 3920 Domino
938 3853 1314 3937 exultamus,
1367 3854 1665 3938 quoniam
1710 3852 2093 3920 desiderium
2136 3859 2423 3920 nostrum
2466 3833 2637 3920 circa

285 3969 558 4037 salutem
612 3975 890 4037 vestram
944 3969 1325 4056 completum
1381 3974 1494 4035 est.
1594 3967 1913 4051 Rogamus
1967 3970 2180 4055 itaque
2234 3969 2635 4036 clementiam

285 4091 598 4170 vestram,
655 4106 816 4171 quae
861 4104 1160 4169 magnum
1202 4084 1383 4151 nobis
1427 4083 1880 4150 familiaritatis
1927 4090 1992 4151 et
2034 4084 2371 4171 patrocinii
2415 4095 2633 4150 usum·

286 4202 573 4269 conferre
629 4202 888 4287 dig-nata
943 4205 1069 4267 estt
1129 4204 1203 4265 ut
1254 4204 1539 4266 nostram
1593 4200 1975 4286 parvitatem
2032 4200 2261 4267 domno
2320 4219 2527 4287 papae
2571 4206 2635 4267 et

285 4316 536 4384 domnis
581 4317 1003 4385 cardinalibus
1049 4314 1487 4382 commendare
1532 4315 1807 4399 benigna
1834 4316 2257 4382 insinuatione
2288 4315 2634 4400 dignemini

286 4439 373 4518 et,
419 4437 493 4499 ut
518 4434 858 4519 peticiones
891 4438 1143 4500 nostrae
1171 4430 1463 4501 effectum
1493 4432 1841 4519 optineant,
1888 4430 2134 4500 efficere
2164 4449 2291 4499 non
2321 4433 2633 4517 abnuatis,

432 4588 746 4622 &mc-

2082 4658 2205 4717 36.
