3319 5242
958 471 1258 520 wmALm
1299 471 1630 521 npts‘rom
1678 470 1782 519 151.
2409 454 2539 523 253

228 617 375 679 terae
425 617 638 680 autem
695 611 1101 681 continebant
1152 614 1529 702 peticionem
1574 621 1638 682 et
1684 615 2036 682 suasionem
2086 614 2541 702 archiepiscopi
2579 621 2717 676 1143

226 728 289 794 de
329 728 607 812 eligendo
653 729 721 795 in
768 730 1056 797 abbatem
1102 731 1299 798 fratre
1346 732 1622 816 comitis,
1678 736 1996 818 postremo
2044 731 2234 797 etiam
2282 728 2541 800 commi-
2574 696 2670 743 Μ’
2693 695 2718 741 ¹

226 846 517 912 nationem
566 845 901 932 quandam,
947 848 1003 913 si
1048 848 1346 934 peticioni
1393 849 1527 914 eius
1572 849 1640 914 in
1687 848 1907 914 eadem
1939 868 2212 935 persona
2238 869 2367 914 non
2397 869 2541 936 pre-

226 960 486 1027 beremus
543 982 903 1029 assensum:
988 964 1070 1030 Si
1133 964 1342 1049 inquit
1408 989 1547 1031 eum
1610 989 1739 1030 non
1809 967 2110 1052 eleymtis
2176 979 2234 1032 et
2299 969 2545 1032 sinistm'

224 1079 449 1165 aliquid
490 1103 567 1144 ex
613 1080 727 1145 Ιιοσ
760 1084 1154 1167 provenerit,
1209 1104 1410 1168 neque
1451 1085 1757 1168 iniquitas
1801 1105 1939 1148 mea
1982 1072 2183 1169 neque
2214 1096 2542 1169 peccatum

214 2587 711 2659 interminatione
755 2592 848 2658 ita
892 2591 1210 2678 pollicitus
1258 2598 1373 2676 est,
1421 2593 1607 2678 quod,
1655 2592 1712 2659 si
1743 2592 2111 2676 electionem
2147 2594 2362 2661 fratris
2410 2595 2543 2661 sui⁰

212 2703 276 2770 in
319 2707 523 2792 aliquo
567 2707 925 2794 impediret,
973 2711 1145 2776 omni
1190 2710 1425 2776 honore
1471 2729 1615 2776 eum
1658 2710 1728 2774 in
1775 2710 2078 2776 aecclesia
2117 2715 2336 2777 nostra
2365 2731 2545 2798 pror-

211 2841 314 2888 sus
365 2824 651 2890 nudaret.
834 2824 993 2891 Cum
1047 2826 1241 2910 igitur
1298 2826 1375 2893 de
1431 2824 1755 2892 voluntate
1812 2825 2058 2891 comitis
2111 2826 2179 2892 in
2222 2826 2544 2913 publicum

212 2936 438 3006 dictum
482 2940 735 3023 fuisset,
801 2945 865 3006 et
909 2941 1163 3026 quidam
1210 2943 1286 3009 de
1330 2941 1631 3008 fratribus
1678 2940 1905 3027 repleti
1950 2941 2178 3028 spiritu
2222 2943 2345 3010 Dei
2388 2944 2546 3010 resi-

210 3059 441 3123 sterent
498 3062 571 3123 et
624 3077 846 3123 causas
912 3059 1425 3125 contradictionis
1490 3079 1639 3124 suae
1697 3056 1929 3123 multas
1989 3063 2054 3124 et
2106 3058 2546 3125 convenientes

209 3172 538 3240 redderent
582 3210 666 3221 —-
715 3176 847 3242 sive
894 3176 1060 3261 quod
1100 3175 1421 3263 predictus
1452 3174 1807 3257 Heinricus,
1856 3194 2042 3259 quem
2088 3175 2318 3259 eligere
2363 3195 2546 3259 coge-

209 3286 449 3375 bantur,
496 3291 663 3357 infra
708 3312 905 3358 annos
953 3297 1147 3373 esset3
1197 3293 1329 3358 sive
1367 3292 1534 3378 quod
1569 3312 1730 3378 pene
1760 3291 2095 3357 illiteratus
2126 3291 2309 3358 huius
2341 3290 2546 3375 dig-ni-

206 3406 353 3472 tatis
398 3405 673 3473 officium
719 3408 909 3475 verbo
957 3413 1021 3475 et
1066 3408 1350 3474 doctrina
1395 3408 1655 3474 minime
1691 3407 2157 3474 amministrare
2201 3406 2544 3490 sufficeret3

207 3521 337 3590 sive
381 3524 581 3609 quod,
640 3524 824 3611 inops
871 3523 1118 3591 consilii
1163 3529 1226 3591 et
1275 3524 1470 3590 totius
1515 3524 1919 3610 prudentiae,
1978 3544 2180 3609 neque
2225 3544 2293 3590 se
2337 3525 2546 3610 ipsum

203 3656 405 3724 neque
460 3661 596 3707 rem
642 3645 776 3707 tam
820 3641 1122 3725 grandem
1168 3640 1519 3725 gubernare
1560 3640 1663 3706 vel
1706 3661 1925 3725 regere
1969 3639 2354 3728 prevaleret3
2415 3640 2549 3707 sive

204 3755 354 3838 quia
393 3756 654 3824 libertas
702 3762 766 3824 et
811 3757 963 3823 ordo
1008 3756 1318 3841 regularis
1364 3756 1687 3823 electionis
1732 3757 1800 3823 in
1844 3762 2062 3823 nostra
2104 3755 2406 3823 aecclesia
2434 3776 2551 3843 per

202 3890 345 3937 eum
391 3877 640 3939 cassata
683 3873 1023 3956 videretur,
1070 3874 1177 3958 qui
1223 3878 1485 3960 propter
1527 3873 1822 3939 timorem
1866 3873 2083 3940 fratris
2125 3875 2327 3958 magis
2358 3893 2547 3958 quam

199 3994 490 4075 respectu
521 3989 642 4055 Dei
674 3994 743 4056 et
768 3990 1116 4055 communis
1154 3989 1447 4055 utilitatis
1479 3996 1904 4056 assumeretur
1935 4026 2018 4037 —
2051 4010 2195 4057 cum
2225 3989 2404 4073 tales,
2452 3988 2548 4054 in-

201 4124 410 4189 quam,
458 4106 883 4172 excusationis
926 4125 1151 4172 causae
1183 4110 1666 4192 exponerentur,
1713 4125 1943 4191 comes,
1992 4107 2100 4191 qui
2131 4125 2273 4171 cum
2303 4109 2550 4170 armata

198 4240 393 4288 manu
437 4223 765 4289 nobiscum
808 4222 879 4289 in
913 4222 1187 4309 capitulo
1219 4222 1496 4306 sedebat,
1545 4223 1844 4289 adversus
1877 4243 2004 4306 eos,
2051 4223 2159 4306 qui
2189 4220 2550 4286 huiusmodi

197 4335 648 4424 loquebantur,
707 4337 907 4405 multo
958 4339 1168 4406 furore
1213 4343 1278 4405 et
1312 4340 1420 4405 ira
1463 4360 1697 4424 magna
1741 4337 2130 4406 efferebatur.
2201 4335 2440 4414 Quibus
2484 4341 2550 4403 et

339 4529 382 4563 ι.
426 4517 543 4564 alius
586 4487 878 4564 addiderunt*
899 4522 1103 4565 Martem
1145 4527 1187 4564 et
1226 4519 1437 4565 Dumnd.
1558 4517 1603 4563 b.
1644 4516 1783 4563 alium
1825 4515 2114 4563 suasionibus
2156 4518 2307 4562 iterum
2353 4515 2468 4562 odd.
2509 4532 2548 4562 c.

198 4609 236 4643 e.
265 4611 366 4645 sm
400 4617 441 4644 e.
