3319 5242
766 428 892 493 170
1536 446 1833 493 wrnALm
1875 445 2206 493 nmsrom
2246 444 2321 491 96.

584 591 722 646 1148
760 607 949 672 quam
1005 586 1380 653 inmemores
1435 587 1691 674 pristini
1747 586 2005 654 affectus
2062 592 2126 653 et
2181 586 2459 652 sincerae
2512 585 2869 652 dilectionis
2916 592 3101 672 atque

758 702 1022 768 fraterni
1075 704 1304 769 amoris
1318 753 1336 787 ,
1395 724 1516 790 quo
1560 724 1677 772 nos
1723 704 1993 769 invicem
2038 708 2252 769 tenere
2297 701 2663 786 dileximus,
2728 703 3000 769 visitare
3041 709 3101 770 te

760 822 825 884 et
867 818 1174 884 consolari
1218 819 1334 886 hoc
1378 821 1446 886 in
1491 826 1774 906 tempore
1820 820 2197 902 distulimuS,
2246 819 2496 905 quando
2542 819 2720 886 abest
2759 838 3100 902 germanus

758 939 924 1019 tuus,
963 935 1174 1018 regiae
1206 935 1415 1002 curiae
1462 936 1870 1002 cancellarius
1890 931 1925 1018 ¹,
1973 936 2071 1000 sui
2117 934 2363 1019 generis
2393 932 2508 999 fios
2540 939 2604 1001 et
2633 942 3098 1019 ornamentum,

759 1050 1100 1116 amicorum
1159 1072 1414 1117 suorum
1471 1052 1757 1118 columen
1806 1057 1870 1117 et
1912 1052 2126 1117 tutela.
2198 1050 2645 1134 Peregrinatur
2685 1049 2796 1117 ille
2842 1051 3100 1137 quidem

757 1170 820 1233 et
864 1166 1104 1233 bajulat
1148 1188 1395 1235 crucem
1442 1189 1620 1234 suam
1669 1174 1731 1234 et
1777 1169 2060 1253 sequitur
2104 1166 2426 1233 Christum
2472 1186 2687 1250 suum,
2742 1165 3101 1254 lherosoly-

756 1303 923 1348 mam
978 1289 1198 1369 petens
1253 1284 1321 1350 in
1379 1284 1681 1350 comitatu
1739 1289 1804 1349 et
1857 1284 2154 1370 obsequio
2209 1283 2531 1349 karissimi
2590 1282 2832 1349 domini
2888 1284 2997 1350 sui
3040 1288 3104 1350 et

752 1399 952 1465 nostri
995 1398 1422 1467 Romanorum
1476 1400 1643 1484 regis
1690 1399 2014 1481 C(ouradi)
2028 1395 2070 1465 ².
2151 1398 2325 1465 Dicit
2376 1419 2525 1483 ergo
2568 1417 2739 1465 nunc
2793 1399 3102 1483 cogitatio

751 1519 893 1581 tua:
951 1516 1153 1582 Homo
1199 1518 1330 1599 ille,
1377 1519 1552 1583 nobis
1595 1518 1953 1583 karissimus
2013 1528 2072 1582 et
2122 1520 2190 1581 in
2242 1540 2499 1581 numero
2538 1516 2825 1605 fratr-um
2866 1537 3103 1583 ema·

749 1633 902 1698 lium
943 1645 1256 1720 suscepti&
1303 1645 1361 1697 et
1402 1636 1733 1721 ascriptum,
1782 1644 2067 1720 presente
2111 1632 2217 1697 illo
2263 1633 2509 1698 sublimi
2552 1642 2611 1697 et
2651 1631 3101 1699 humanissimo

735 1748 951 1834 fratre
1019 1763 1225 1813 nostro
1285 1751 1534 1815 domum
1588 1761 1863 1814 nostram
1923 1749 2158 1814 colebat
2213 1760 2272 1812 et
2325 1771 2437 1813 nos
2491 1748 2757 1813 assiduis
2805 1749 3106 1816 oinium

753 1865 1080 1954 affatibus5
1125 1866 1297 1931 nulla
1342 1867 1516 1932 nobis
1558 1867 1742 1932 moda
1788 1867 1972 1929 mittit
2014 1865 2307 1951 alloquia.
2376 1863 2598 1952 Itaque
2641 1874 2753 1929 aut
2792 1874 2945 1930 tunc
2972 1887 3106 1931 m

735 1980 887 2069 suit
937 2004 1114 2045 verus
1169 1983 1403 2046 amicus
1412 2032 1440 2063 ,¹
1500 1993 1610 2046 aut
1659 1982 1845 2047 modo
1903 1992 1989 2045 est
2041 1981 2354 2067 neqlc'yem
2405 1979 2504 2044 vel
2555 1979 2885 2045 obli-‘'⁶ffl·
3002 1980 3108 2016 ⁷⁰⁴⁴

750 2121 929 2162 verus
986 2120 1164 2162 amor
1216 2098 1649 2185 negligentiam
1701 2120 1809 2162 seu
1855 2098 2219 2164 oblivionem
2260 2119 2388 2160 non
2430 2096 2673 2182 recipit,

751 2224 868 2294 tur,
915 2225 984 2278 ut
1024 2214 1344 2278 simulatus
1389 2225 1448 2278 et
1478 2237 1603 2278 non
1634 2214 1869 2279 amicus
1881 2212 2103 2298 fuerit.
2162 2209 2476 2293 Ceterum,
2522 2229 2673 2276 soro]

750 2328 807 2394 si
851 2328 932 2394 ad
975 2328 1279 2415 temporis
1323 2328 1507 2394 huius
1555 2327 1924 2413 qualitatem
1972 2332 2036 2393 et
2074 2347 2198 2410 res,
2243 2327 2312 2393 in
2343 2326 2568 2413 quibus
2599 2345 2955 2410 versamur,
3006 2328 3105 2394 di-

746 2444 1016 2529 ligenter
1067 2444 1364 2531 inspicias
1379 2494 1397 2528 ,
1456 2444 1612 2511 haec
1656 2443 1969 2509 accusatio
2015 2447 2128 2508 tua
2169 2447 2303 2509 tam
2348 2442 2597 2509 subtilis
2641 2446 2901 2528 tamque
2949 2464 3105 2530 pro-

748 2560 976 2629 babilis
1020 2560 1204 2628 facile
1249 2560 1651 2647 conquiescit.
1789 2559 1949 2626 Nam
2000 2580 2078 2626 ex
2122 2579 2244 2645 quo
2274 2559 2540 2626 domnus
2568 2579 2738 2646 papa
2764 2558 3104 2644 Eugenius
3162 2647 3166 2651 Α

747 2679 816 2745 in
872 2684 1087 2764 partes
1131 2677 1576 2761 Lotharingiae
1631 2665 1952 2763 pervenit,
2010 2696 2161 2742 cura
2213 2676 2393 2743 nobis
2447 2681 2512 2742 et
2553 2674 2910 2742 sollicitudo
2960 2699 3107 2744 ma-

748 2795 923 2860 xima
975 2795 1289 2878 incubuit,
1351 2799 1423 2860 ιιι
1477 2814 1579 2859 res
1628 2792 2019 2860 Stabulensis
2075 2792 2441 2859 monasterii
2492 2811 2610 2858 nec
2651 2811 2780 2858 non
2825 2797 2893 2858 et
2940 2793 3106 2861 Gor-

748 2911 1038 2994 beiensis,
1086 2931 1245 2997 quae
1288 2910 1470 2977 nobis
1503 2909 1626 2976 Dei
1670 2908 2116 2994 preordinante
2157 2908 2491 2975 clementia
2519 2908 2892 2975 commissae
2922 2918 3107 2995 sunt,

748 3048 906 3113 quae
953 3027 1204 3095 assidue
1249 3027 1592 3114 apostolico
1629 3031 1816 3109 egent
1845 3024 2142 3111 presidio,
2188 3025 2393 3091 modis
2424 3025 2913 3109 congruentibus
2946 3048 3109 3114 pro—

745 3144 1133 3228 veheremus,
1181 3149 1370 3230 atque
1413 3149 1487 3209 ιιι
1530 3142 1803 3209 dominis
1837 3162 2071 3225 rerum,
2119 3142 2351 3208 nostris
2386 3140 2605 3227 utique
2631 3141 2909 3225 regibuffi
2963 3149 3107 3210 tmn

743 3261 914 3347 patri
943 3281 1131 3346 quam
1159 3259 1310 3343 filio,
1358 3259 1572 3326 debita
1599 3257 1903 3325 fidelitate
1935 3259 2333 3341 serviremus,
2375 3263 2513 3324 tum
2543 3258 2736 3324 etiam
2764 3263 2838 3323 ut
2867 3261 3109 3327 amicis

745 3396 819 3442 ac
862 3377 1234 3443 necessariis
1279 3375 1513 3442 nostris
1559 3375 1767 3441 studio
1816 3381 1880 3442 et
1923 3395 2119 3462 opera
2158 3375 2228 3440 in
2258 3375 2388 3441 suis
2420 3374 2963 3460 oportunitatibus
2999 3397 3108 3443 as·

744 3492 1127 3559 sisteremus.
1198 3492 1269 3557 In
1331 3513 1452 3578 quo
1507 3490 1859 3558 difficilium
1904 3512 2119 3558 rerum
2165 3490 2487 3577 proposito
2532 3490 2784 3557 divinae
2826 3491 3107 3577 pietatis

742 3609 951 3693 gratia
999 3629 1115 3675 nos
1161 3608 1452 3674 comitari
1496 3608 1756 3692 dignata
1800 3613 1926 3691 est,
1983 3613 2056 3674 ut
2100 3608 2169 3674 in
2210 3607 2388 3675 nulla
2430 3612 2612 3692 parte
2657 3608 2937 3693 suscepti
2985 3630 3109 3676 ne-

743 3725 898 3809 gotii
940 3725 1121 3790 vacui
1152 3730 1628 3790 reverteremur.
1690 3723 1947 3791 Etenim
1979 3723 2275 3790 ecclesiae
2302 3728 2557 3789 nostrae
2585 3743 2712 3789 non
2740 3725 2963 3809 parvis
2998 3727 3106 3792 in-

745 3841 1080 3908 crementis
1112 3846 1331 3906 auctae
1363 3845 1510 3906 sunt
1541 3845 1604 3907 et
1634 3841 1995 3927 apostolicis
2024 3839 2373 3926 privilegiis
2403 3838 2750 3905 roboratae.
2890 3839 3109 3908 Porro

745 3962 810 4024 et
864 3957 932 4022 in
987 3956 1172 4023 rebus
1228 3957 1407 4040 regni
1463 3957 1639 4023 dedit
1690 3957 1871 4024 nobis
1918 3957 2133 4023 divina
2175 3956 2471 4022 maiestas
2514 3959 2914 4042 proventum.
2998 3958 3106 4024 Si-

746 4074 999 4160 quidem
1056 4073 1365 4139 iuniorem
1424 4073 1748 4140 dominum
1805 4079 2093 4139 nostrum
2132 4064 2359 4157 'regem
2403 4072 2670 4157 quedam
2715 4091 2841 4137 non
2890 4074 3108 4141 exiles

742 4210 1051 4277 personae
1110 4190 1191 4255 ad
1248 4189 1403 4256 haec
1459 4190 1673 4256 dedita
1727 4210 1921 4276 opera
1973 4188 2392 4274 inpellebant,
2459 4193 2533 4253 ut
2584 4188 2653 4254 in
2710 4187 3107 4273 quibusdam

748 4306 1048 4372 domnum
1091 4327 1325 4393 papam
1362 4305 1707 4373 offenderet
1737 4310 1800 4372 et
1829 4305 2146 4372 canonicis
2177 4304 2444 4371 decretis
2475 4304 2834 4371 contrairet.
2907 4304 3108 4384 Quod

747 4442 829 4489 ne
874 4421 1073 4506 fieret,
1120 4421 1240 4490 Dei
1272 4422 1630 4507 largissima
1675 4422 1957 4488 bonitate
1988 4427 2053 4487 et
2077 4427 2295 4489 nostro
2327 4421 2534 4487 studio
2564 4426 2934 4507 preventum
2972 4430 3107 4508 est,

890 4555 940 4610 1.
977 4553 1275 4610 Amoldus.
1418 4555 1470 4608 2.
1509 4551 1597 4610 Cf.
1632 4552 1852 4609 Ottonis
1884 4553 2122 4624 Frising.
2162 4553 2334 4610 Gesta
2366 4551 2634 4608 Friderici
2667 4552 2712 4608 1.
2748 4553 2808 4608 L.
2838 4551 2882 4606 1.
2916 4567 2972 4606 o.
3006 4554 3104 4610 58.
