3319 5242
1042 462 1339 510 wmALm
1380 462 1714 510 nprsrom
1757 463 1831 509 ιε.
2523 447 2610 514 89

262 607 514 671 vestu-ae
582 602 908 690 piissimae
966 603 1441 688 tranquillitatis
1502 604 1584 669 ad
1638 624 1756 671 nos
1809 604 1879 670 in
1936 604 2166 672 Casino
2221 606 2609 673 venientium
2646 614 2783 669 1137

262 719 632 803 didicimus,
702 739 816 785 vos
869 719 997 786 iam
1055 720 1186 787 fere
1240 720 1611 805 Aquilegiae
1667 721 2152 807 propinquasse,
2222 723 2415 789 etiam
2469 724 2608 809 ipso
2668 687 2767 734 (Μ

260 836 485 903 auditu
527 835 722 902 nimis
767 841 983 903 noster
1024 837 1432 903 contristatus
1480 856 1554 903 ac
1590 837 1866 904 deiectus
1898 843 1995 905 est
2024 839 2289 923 animus,
2339 844 2404 906 et
2430 844 2608 906 tanto

258 952 468 1019 iaculo
514 953 822 1019 moeroris
867 972 973 1019 cor
1017 958 1302 1019 nostrum
1346 951 1576 1038 infixit,
1628 959 1702 1021 ut
1743 953 1995 1038 linguae
2037 955 2351 1051 humanae
2394 956 2606 1022 nullus

260 1067 540 1135 sufficiat
595 1068 911 1155 explicare
967 1089 1172 1135 sermo
1187 1119 1205 1153 ,
1268 1069 1417 1155 qnia
1468 1070 1769 1138 nimirum
1820 1071 2022 1154 magis
2066 1072 2248 1139 nobis
2294 1073 2611 1138 moestitia

261 1185 338 1251 de
381 1189 601 1252 vestro
649 1185 727 1251 ab
765 1185 950 1252 Italia
992 1204 1243 1252 recessu
1287 1206 1454 1252 nunc
1498 1191 1638 1252 orta
1683 1192 1798 1270 est,
1847 1206 2036 1272 quam
2080 1188 2316 1254 dudum
2361 1209 2610 1255 moeror

262 1299 505 1385 affecit,
573 1319 719 1367 cum
784 1305 993 1367 vestro
1059 1301 1374 1388 imperiali
1430 1303 1606 1369 iussu
1666 1324 1857 1369 onera
1911 1304 2271 1371 Casinensis
2328 1305 2611 1372 coenobii

261 1417 526 1486 faenda
569 1417 837 1503 suscepi.

444 1532 546 1600 De
612 1533 983 1600 venerandis
1050 1554 1198 1600 vero
1267 1534 1657 1600 sermonibus
1721 1535 1979 1619 vestris,
2050 1555 2204 1620 quos
2229 1626 2234 1631 ι
2258 1536 2440 1602 nobis
2495 1556 2612 1623 per

263 1650 522 1717 numios
568 1654 812 1716 vestros
842 1650 1118 1738 amisistis
1180 1650 1256 1716 de
1303 1651 1710 1717 sacramentis
1752 1651 2286 1719 Nortmannorum
2332 1672 2408 1719 ac
2444 1651 2610 1718 Lan-

262 1764 690 1850 gobardorum
706 1761 742 1849 ¹,
798 1765 1041 1832 utinam
1102 1785 1230 1831 non
1281 1765 1409 1831 illis
1469 1766 1849 1852 imputetur3
1907 1767 2133 1835 melius
2193 1769 2363 1835 enim
2405 1768 2612 1835 fuerat

260 1880 392 1949 illis
436 1901 568 1948 non
610 1879 841 1964 iurare,
897 1901 1086 1966 quam
1130 1882 1341 1950 iurare
1387 1889 1450 1950 et
1493 1884 1840 1970 periurium
1886 1885 2297 1951 committere.
2378 1883 2611 1952 Omnes

263 1997 459 2082 mhn,
506 1997 617 2082 qui
659 1997 726 2063 in
772 1997 914 2064 istis
959 1998 1247 2084 partibus
1291 1999 1598 2084 habitant,
1646 2004 2075 2087 apostatantes
2123 2001 2202 2066 ad
2247 2005 2432 2067 satan
2464 2020 2611 2067 con-

262 2114 435 2183 versi
496 2118 678 2199 sunt,
737 2120 802 2180 et
855 2113 1016 2180 nihil
1070 2113 1173 2180 vel
1229 2114 1447 2181 dicunt
1502 2115 1603 2182 vel
1656 2116 1925 2200 faciunt,
1982 2116 2108 2182 nisi
2164 2118 2329 2201 quod
2376 2117 2611 2201 digitus

264 2229 505 2299 diaboli
559 2230 628 2296 in
672 2230 864 2297 corda
909 2250 1128 2297 eorum
1174 2230 1412 2298 scribit.
1481 2231 1643 2298 Nam
1689 2233 1984 2319 quicquid
2028 2233 2346 2318 nequitiae
2359 2283 2378 2317 ,
2439 2234 2611 2318 quic-

265 2346 418 2433 quid
476 2346 787 2432 malitiae,
848 2347 1148 2433 quicquid
1200 2347 1634 2434 perversitatis
1647 2399 1666 2432 ,
1726 2348 2023 2434 quicquid
2072 2349 2464 2416 tortitudinis
2509 2347 2612 2416 vel

264 2462 392 2530 dici
438 2461 541 2530 vel
585 2464 849 2548 cogitari
891 2468 1123 2551 potest,
1169 2464 1235 2529 in
1281 2463 1575 2550 operibus
1617 2463 1900 2549 ipsorum
1930 2466 2262 2532 cernimus.
2332 2464 2610 2544 Quantas

267 2583 481 2647 autem
524 2578 938 2665 calamitates,
986 2585 1252 2667 quantas
1298 2579 1734 2648 tribulationes
1779 2580 1881 2647 vel
1922 2587 2188 2669 quantas
2228 2583 2611 2670 persecutio-

266 2715 381 2764 nes
427 2696 510 2764 ab
555 2697 711 2783 ipsis
755 2698 1124 2780 sustineam,
1169 2717 1285 2784 per
1329 2697 1809 2765 dilectissimum
1852 2682 2048 2766 filium
2097 2720 2308 2767 meum
2350 2698 2611 2767 Petrum

266 2812 446 2881 vobis
504 2811 828 2880 notificare
883 2814 1316 2894 decreveram3
1373 2814 1485 2880 sed
1542 2815 1690 2899 quia
1742 2815 1987 2882 itineris
2045 2816 2113 2883 id
2166 2816 2490 2900 long-itudo
2548 2820 2613 2883 et

267 2924 587 2999 conclusio
628 2930 970 3017 prohibuit,
1017 2930 1237 3017 paucis
1283 2930 1583 3017 aperiam.

294 3088 333 3115 ,Ἰ
348 3078 403 3119 ii?
442 3044 604 3115 Post
644 3051 926 3113 vestrum
969 3066 1242 3132 namque
1287 3046 1633 3113 discessum
1664 3046 1980 3129 Saraceni,
2015 3045 2392 3113 Nortmanni
2422 3052 2610 3133 atque

266 3161 693 3250 Langobardi,
738 3162 1129 3229 invenientes
1167 3165 1442 3248 quietam
1473 3168 1729 3245 terram,
1777 3182 2277 3247 quaquaversum
2321 3164 2608 3247 tendunt,

268 3279 654 3349 devastando
715 3279 1206 3367 depopulantur,
1265 3280 1553 3346 incendio
1612 3283 1799 3364 atque
1855 3278 2206 3345 homicidiis
2251 3285 2454 3347 totum
2499 3301 2608 3347 ex-

267 3400 713 3479 terminantes3
784 3397 896 3463 sed
956 3416 1073 3465 nec
1130 3396 1401 3462 arbustis
1457 3394 1799 3462 fructiferis
1856 3394 2109 3461 omnino
2147 3403 2461 3482 parcunt,
2529 3418 2611 3465 ne

268 3511 460 3598 forte,
523 3533 681 3598 quos
738 3517 925 3579 antea
973 3512 1283 3578 montium
1328 3516 1439 3578 ant
1479 3514 1823 3597 praerupta
1864 3516 2179 3577 terrarum
2224 3512 2324 3578 vel
2368 3513 2612 3581 seclusa

270 3649 555 3716 quaeque
601 3628 938 3711 occultant,
982 3627 1108 3694 illis
1154 3626 1401 3714 pabulis
1444 3629 1825 3693 nutriantur.
1894 3626 1981 3693 Et
2025 3628 2116 3693 sic
2161 3628 2380 3694 eadem
2421 3634 2610 3714 atque

268 3744 500 3813 iterum
564 3744 680 3811 tali
747 3743 1117 3811 crudelitate
1182 3744 1459 3811 furentes
1473 3792 1490 3827 ,
1562 3743 1640 3809 ab
1702 3763 1919 3810 eorum
1974 3744 2343 3827 contagione
2399 3745 2609 3812 nullus

266 3858 471 3930 laetus
527 3861 835 3929 remansit
889 3866 953 3927 et
1008 3858 1217 3926 nullus
1272 3859 1445 3926 locus
1499 3860 1579 3927 ab
1635 3879 1853 3928 eorum
1907 3860 2306 3927 infestatione
2362 3865 2461 3928 est
2509 3882 2609 3927 re-

268 3976 455 4045 lictus
500 3977 841 4058 immunis3
902 3975 1277 4062 praesertim
1335 3976 1400 4041 in
1460 3976 1957 4062 possessionibus
2014 3976 2423 4043 sacratissimi
2474 3998 2608 4043 mo-

269 4095 533 4163 nsterii
589 4092 951 4160 Gasinensis
1028 4111 1145 4159 nec
1210 4112 1337 4158 non
1408 4097 1469 4159 et
1524 4093 1590 4158 in
1659 4092 1804 4157 aliis
1874 4091 2151 4158 ecclesiis
2209 4091 2609 4178 basilicisque

280 4202 399 4291 a
414 4216 470 4277 1.
515 4229 642 4270 nam
689 4214 912 4270 circiter
957 4213 1048 4269 die
1091 4215 1161 4269 22
1197 4212 1350 4284 Sept.
1394 4214 1589 4285 „iuxta
1633 4214 1916 4270 civitatem
1953 4218 2193 4269 veterem
2230 4212 2608 4283 Aquinensem

272 4316 345 4360 ox
377 4300 531 4360 iussu
577 4303 923 4374 imperatoris
958 4302 1288 4373 Raginulfus
1332 4303 1444 4359 dux
1481 4304 1720 4373 Apuliae
1768 4308 1824 4358 et
1861 4301 2171 4357 Robbertus
2215 4302 2473 4371 princeps
2510 4303 2607 4359 Ca-

272 4407 490 4462 ρωποι
524 4398 581 4448 et
616 4407 806 4449 omnes
842 4393 1070 4448 comites
1095 4392 1164 4447 de
1201 4392 1511 4462 principatu
1537 4393 1797 4462 Capuano
1834 4396 1891 4446 et
1916 4391 2147 4447 comites
2171 4391 2521 4461 Aquinenses
2551 4396 2608 4446 et

272 4478 569 4536 Bor-manni
588 4482 1086 4537 circummanentes
1107 4480 1297 4537 abbati
1315 4481 1589 4537 Guibaldo
1605 4479 1927 4537 fidelitatem
1948 4479 2192 4537 fecerant
2208 4478 2606 4535 iureiurando“.

274 4566 345 4625 V.
382 4569 533 4626 Petri
564 4569 705 4627 diac.
733 4568 935 4633 Chi-on.
961 4570 1085 4627 Cas.
1122 4570 1184 4626 L.
1209 4570 1290 4626 IV
1294 4609 1307 4624 .
1344 4585 1394 4626 c.
1422 4571 1526 4628 124
1558 4586 1615 4639 p.
1640 4571 1765 4626 839.
