3319 5242
725 416 859 482 270
1398 435 1694 484 wmALm
1736 435 2109 484 nrm-roms.
2151 436 2256 482 ιω.
2290 436 2392 482 163.

550 581 694 636 1149
724 574 1082 643 mendicare
1123 575 1548 662 compdiitur,
1603 597 1793 664 quam
1836 577 2136 645 delictum
2178 578 2281 645 vel
2323 578 2560 645 crimen
2605 597 2793 644 suum
2840 569 3059 662 cogno-

725 712 917 759 scere.
1007 692 1095 759 Et
1149 693 1446 778 quoniam
1488 714 1601 761 vos
1656 695 2122 761 misericordem
2182 715 2320 761 esse
2364 715 2491 761 non
2534 695 2904 780 ignoramus
2917 744 2938 778 ,
2991 712 3061 760 eo

723 807 1074 876 fiducialius
1119 809 1570 894 benignitatem
1598 817 1878 877 vestram
1920 831 2235 895 rogamus,
2282 815 2355 877 ut
2398 831 2541 878 eum
2586 817 2808 878 nostra
2839 814 2907 877 et
2934 829 3059 876 om—

725 925 901 991 nium
944 926 1327 992 confratrum
1370 933 1730 993 nostrorum
1759 928 1897 994 vice
1942 927 2169 994 domno
2197 926 2527 994 Bremensi
2560 927 3030 1013 archiepiscopo
3046 922 3063 952 ¹

724 1044 1098 1128 presentetis
1113 1092 1132 1126 ,
1192 1043 1487 1128 quatinus
1542 1062 1688 1110 cum
1740 1064 1814 1110 eo
1861 1049 1972 1110 aut
2013 1045 2511 1111 misericordiam
2555 1048 2703 1128 agat
2747 1049 2862 1110 aut
2904 1042 3062 1108 iudi—

725 1157 892 1224 cium
957 1158 1137 1225 iuxta
1193 1178 1501 1226 canonum
1558 1159 1878 1226 tramitem
1936 1166 2240 1227 exerceat.
2342 1159 2534 1227 Orate
2587 1180 2707 1247 pro
2763 1160 2952 1227 nobis
3003 1165 3066 1225 et

724 1275 1155 1342 commendate
1197 1296 1313 1342 nos
1360 1280 1597 1344 attente
1639 1276 1941 1343 fratribus
1984 1278 2233 1344 vestris.

734 1486 905 1557 163.
941 1491 1259 1557 Wibaldus
1286 1489 1603 1557 Haruoieo
1632 1490 1680 1556 I
1710 1490 2169 1578 archiepiscopo
2200 1492 2525 1556 Branensi
2548 1492 2776 1572 sou-ibit,
2824 1490 3063 1556 arehie-

937 1608 1331 1694 piscopatum
1374 1608 1771 1672 Bremensem
1818 1631 1858 1672 a
1901 1631 2028 1672 sese
2071 1610 2322 1673 minime
2365 1608 2695 1694 evetium
2740 1629 2889 1671 em.
2964 1606 3064 1672 De

951 1723 1237 1788 ecclesiae
1279 1721 1740 1788 Kaminateraeis
1769 1724 2257 1810 possessionibus
2301 1723 2492 1788 addit.
2738 1719 2851 1801 (Μ.
2894 1721 3061 1800 148.)

551 1861 689 1917 1149
904 1851 1266 1920 Reverendo
1313 1854 1542 1921 domno
1586 1854 1954 1937 H(artwico)
2000 1853 2345 1921 venerabili
2387 1853 2781 1920 Bremensis·
2829 1852 3066 1920 aeccle-

726 1969 860 2035 siae
904 1969 1368 2057 archiepiscopo
1422 1972 1620 2038 frater
1662 1971 2042 2053 W(ibaldus)
2088 1970 2210 2037 Dei
2253 1970 2458 2055 gratia
2500 1970 2596 2054 id,
2644 1969 2811 2056 quod
2857 1977 2960 2037 est
2989 1972 3069 2036 in

728 2083 1029 2152 aecclesia
1070 2085 1395 2171 catholica,
1443 2088 1703 2171 exiguas
1748 2088 2061 2154 orationes
2107 2092 2172 2153 et
2190 2086 2508 2154 *devotum
2551 2086 2899 2153 servitium.

904 2201 1183 2269 Clericus
1226 2209 1440 2270 noster
1470 2202 1803 2270 Heinricus
1849 2205 1927 2286 de
1956 2203 2311 2286 Kaminata,
2360 2203 2467 2288 qui
2481 2202 2506 2240 ⁵
2550 2202 2858 2288 quasdam
2902 2203 3069 2290 peti·

724 2321 927 2387 tiones
971 2325 1221 2386 nostras
1266 2320 1348 2386 ad
1379 2325 1657 2386 vestram
1701 2320 2152 2386 sublimitatem
2196 2320 2237 2386 a
2279 2318 2460 2386 nobis
2506 2320 2741 2386 missus
2778 2320 3068 2405 pertulit,

724 2435 871 2503 inde
914 2456 1202 2502 reversus
1247 2438 1549 2520 narravit,
1598 2436 1765 2522 quod
1810 2436 2143 2503 adversum
2186 2456 2303 2502 nos
2336 2437 2611 2519 graviter
2641 2436 2865 2502 essetis
2896 2456 3071 2502 com-

727 2557 936 2617 motus
980 2557 1046 2618 et
1088 2572 1301 2619 coram
1343 2552 1561 2620 multis
1597 2552 1900 2636 grandem
1930 2552 2008 2618 de
2036 2552 2217 2618 nobis
2247 2552 2705 2638 querimoniam
2733 2551 3072 2637 fecissetis,

727 2670 985 2755 insuper
1029 2675 1093 2735 et
1135 2670 1340 2736 minas
1383 2671 1453 2736 in
1495 2690 1610 2736 nos
1657 2676 1722 2737 et
1763 2676 1983 2736 nostra
2022 2670 2473 2737 intentassetis.
2550 2668 2727 2747 Quod
2771 2689 2888 2736 nos
2933 2690 3071 2737 cre-

728 2785 876 2852 dere
919 2785 1275 2853 nullatenus
1319 2785 1638 2873 potuimus
1651 2836 1670 2870 ,
1730 2787 2027 2872 quoniam
2069 2787 2454 2853 conscientia
2495 2790 2714 2852 nostra
2748 2787 3073 2853 *veraciter

726 2901 908 2968 nobis
951 2906 1304 2988 attestatur,
1363 2902 1530 2988 qnod
1573 2922 1690 2969 nec
1732 2903 1800 2968 in
1845 2903 2036 2969 verbo
2081 2922 2197 2969 nec
2240 2904 2308 2969 in
2355 2923 2544 2990 opere
2587 2907 2807 2968 contra
2850 2923 3071 2988 perso-

725 3038 874 3085 nam
920 3023 985 3085 et
1028 3018 1399 3104 dignitatem
1443 3025 1722 3086 vestram
1765 3018 2035 3086 scienter
2079 3019 2416 3105 quicquam
2460 3018 2720 3101 egimus.
2788 3017 2878 3085 Et
2917 3020 3073 3105 quia

725 3134 829 3201 lex
886 3141 1104 3202 nostra
1157 3157 1286 3202 non
1339 3135 1578 3202 iudicat
1627 3153 2037 3219 quemquam,
2096 3135 2220 3201 nisi
2261 3134 2440 3221 prius
2486 3134 2807 3217 audiatur,
2866 3154 2949 3200 ex
2995 3155 3070 3201 eo

727 3251 1021 3319 discretio
1066 3257 1278 3318 vestra
1320 3249 1649 3337 providere
1693 3250 1928 3336 debuit,
1981 3256 2074 3336 ut,
2120 3252 2418 3337 quoniam
2461 3271 2589 3317 non
2634 3250 2862 3334 exiguo
2909 3252 3070 3316 ami-

727 3367 921 3456 ciciae
955 3367 1204 3434 vinculo
1251 3366 1524 3432 devincti
1569 3385 1838 3449 eramus,
1883 3368 2061 3453 prius
2105 3367 2581 3451 interrogaretis
2625 3371 2691 3433 et
2731 3367 3067 3451 postmodo

725 3482 1108 3550 iudicaretis.
1195 3481 1540 3568 Siquidem,
1584 3487 1658 3548 ut
1699 3482 2014 3548 industria
2054 3490 2266 3551 vestra
2309 3484 2469 3551 bene
2510 3482 2898 3567 recordatur,
2945 3482 3069 3549 duo

725 3604 916 3686 pacta
956 3599 1124 3665 inter
1168 3617 1285 3664 nos
1329 3603 1652 3666 contracta
1695 3605 1860 3684 sunt,
1909 3597 2176 3666 alterum
2221 3600 2506 3666 divinum
2550 3604 2613 3664 et
2651 3596 2926 3664 alterum
2951 3598 3067 3664 hu-

728 3734 1001 3780 manum.
1092 3713 1179 3779 Et
1231 3712 1577 3781 humanum
1634 3716 1888 3801 quidem
1942 3716 2285 3783 secundum
2337 3716 2480 3781 iura
2531 3720 2595 3780 et
2636 3715 3067 3782 institutiones

724 3831 1031 3897 humanas
1087 3829 1249 3896 solvi
1304 3835 1370 3897 et
1425 3832 1748 3898 immutari
1801 3837 2040 3918 potest,
2097 3837 2170 3898 ut
2219 3830 2540 3914 videlicet,
2595 3830 2706 3916 qui
2760 3830 3065 3898 hactenus

727 3951 940 4014 noster
995 3946 1181 4013 homo
1239 3951 1304 4013 et
1357 3951 1658 4033 tanquam
1713 3946 1896 4013 miles
1950 3967 2066 4032 per
2119 3946 2550 4030 hominagium
2599 3947 2841 4031 fuistis,
2901 3966 3068 4014 nunc

728 4062 1016 4130 dominus
1064 4068 1128 4130 et
1168 4069 1349 4150 pater
1392 4069 1608 4130 noster
1649 4061 1790 4130 fieri
1830 4062 2171 4149 incipiatis.
2240 4064 2330 4128 At
2371 4083 2520 4129 vero
2566 4068 2928 4130 contractus
2970 4064 3065 4129 di·

726 4179 861 4246 vini
902 4180 1228 4247 conventio
1267 4178 1435 4247 valet
1476 4182 1544 4246 in
1590 4185 1934 4263 aeternum,
1979 4184 2241 4267 propter
2281 4179 2481 4264 illum,
2529 4180 2637 4264 qui
2679 4180 2749 4245 in
2784 4178 2923 4264 lege
2951 4200 3069 4246 sua

727 4296 1069 4382 mmdavit,
1113 4317 1195 4364 ne
1240 4317 1632 4364 assumamus
1675 4316 1907 4364 nomen
1952 4296 2086 4363 eius
2129 4296 2199 4362 in
2227 4291 2524 4378 vanum²3
2568 4300 2833 4383 propter
2863 4296 3065 4380 iilum,

873 4461 914 4494 a.
955 4447 1188 4495 Bremensi
1220 4466 1260 4496 c.
1382 4448 1426 4494 b.
1469 4448 1549 4507 qui
1579 4446 1763 4494 addidi.

871 4544 918 4597 1.
957 4543 1233 4599 Hartwico
1268 4542 1311 4597 1.
1453 4546 1503 4599 2.
1541 4542 1718 4599 Exod.
1742 4543 1829 4611 20,
1854 4543 1904 4598 7.
