3319 5242
665 422 796 490 358
1337 439 1634 487 wmALm
1676 438 2053 487 merom
2095 438 2203 485 238.
2235 438 2344 486 aas.

492 587 632 644 1150
665 582 876 649 visum
922 587 1019 651 est
1059 581 1263 665 nobis,
1317 581 1623 648 directam
1668 581 2049 667 peticionem
2096 599 2176 647 ex
2218 600 2492 666 persona
2535 582 2777 648 domini
2817 584 3002 649 nostri

664 699 834 784 regis
878 698 1151 765 scribere
1165 747 1184 781 ,
1229 717 1345 784 pro
1391 718 1464 764 eo
1511 696 1680 784 quod
1723 697 2141 785 principalem
2187 697 2624 764 excellentiam
2668 719 2797 764 non
2840 699 3008 765 decet

663 815 778 882 illa
820 813 1165 901 postulare,
1213 834 1373 900 quae
1419 814 1541 881 sibi
1585 814 1725 881 iure
1768 815 1990 898 negari
2033 812 2336 881 valeant·.
2433 813 2759 900 Siquidem
2803 821 3010 881 sancta

665 936 870 1011 mater
913 935 1133 997 nostra
1159 930 1446 997 Romana
1491 930 1797 998 aecclesia
1840 951 2033 1017 super
2075 936 2326 1016 petram
2369 930 2637 996 fundata
2676 931 2850 1015 leges
2884 952 2922 998 a
2948 952 3011 998 se

665 1048 949 1116 conditas
979 1062 1378 1133 nequaquam
1421 1047 1693 1114 destruit
1732 1067 1850 1114 nec
1888 1046 2308 1133 repugnantia
2336 1046 2547 1132 aliquo
2576 1047 2766 1114 modo
2798 1047 3007 1132 sancit,

663 1164 815 1232 licet
865 1164 1118 1231 decreta
1160 1184 1277 1230 sua
1318 1184 1435 1250 pro
1481 1166 1838 1250 temporum
1882 1163 2219 1247 varietate,
2275 1182 2393 1249 pro
2438 1161 2720 1229 locorum
2766 1169 3011 1251 oportu-

665 1281 885 1364 nitate,
930 1300 1048 1366 pro
1093 1301 1307 1346 rerum
1354 1285 1418 1345 et
1460 1299 1877 1366 personarum
1923 1278 2229 1364 qualitate
2274 1279 2642 1366 dispensare
2689 1300 2765 1346 ac
2809 1280 3012 1347 mode-

665 1398 815 1481 rari,
862 1400 927 1463 et
970 1397 1152 1481 quasi
1198 1396 1647 1462 detrimentum
1689 1395 1828 1481 pati
1864 1396 2280 1462 consueverit.
2340 1394 2486 1461 Non
2515 1415 2664 1479 ergo
2695 1396 3015 1462 mandabit

665 1533 868 1599 neque
912 1510 1328 1595 confirmabit,
1375 1516 1448 1577 ut
1490 1513 1560 1577 in
1605 1511 1848 1578 duabus
1894 1510 2307 1595 dignitatibus
2354 1531 2485 1578 una
2525 1532 2803 1598 persona
2832 1513 3016 1580 subli-

665 1635 903 1711 metur;
944 1633 1060 1712 set,
1095 1647 1241 1694 cum
1270 1628 1408 1695 sine
1438 1627 1695 1714 querela
1721 1628 1959 1694 factum
1986 1627 2201 1710 fuerit,
2232 1627 2353 1694 hoc
2382 1648 2462 1694 ex
2491 1634 2763 1715 paterna
2792 1630 3014 1696 discre-

664 1746 836 1812 tione
892 1743 1332 1811 dissimulabit.
1425 1742 1697 1812 Credere
1751 1764 1942 1831 super
1986 1732 2105 1810 hoc
2147 1744 2330 1811 nobis
2375 1745 2643 1831 potestis
2656 1794 2677 1828 ,
2735 1765 2865 1811 non
2908 1766 3014 1831 pro

665 1861 904 1928 noticia
969 1880 1280 1927 canonum
1295 1909 1315 1945 ,
1383 1865 1481 1927 set
1543 1880 1662 1947 pro
1722 1880 1912 1927 sensu
1970 1866 2034 1926 et
2091 1858 2369 1926 efficacia
2423 1861 3010 1947 experimentorum.

667 1976 1055 2043 Rethoricati
1098 1997 1314 2043 sumus
1357 1976 1426 2042 in
1468 1976 1700 2042 litteris
1719 1972 1737 2003 ¹
1780 1976 2020 2042 domini
2063 1977 2267 2042 nostri
2310 1977 2498 2062 regis,
2545 1978 2696 2063 quia
2735 1978 3014 2061 negando

670 2091 1120 2183 affirmavimus
1166 2098 1230 2159 et
1271 2113 1398 2161 non
1427 2093 1709 2177 rogando
1746 2092 2138 2177 rogavimus;
2188 2114 2343 2178 quas
2373 2094 2515 2160 ideo
2544 2093 2725 2160 vobis
2756 2094 3015 2161 necdum

669 2209 1067 2293 consignatas
1113 2210 1610 2293 transmisimus,
1666 2214 1738 2275 ut
1781 2208 2040 2296 possitis
2054 2258 2073 2293 ,
2132 2208 2188 2275 si
2231 2209 2575 2296 placuerit,
2636 2210 2715 2276 de
2761 2210 3016 2276 artificio

669 2332 883 2392 nostro
930 2326 1200 2412 quedam
1244 2326 1612 2409 immutare,
1674 2326 1906 2392 addere
1949 2324 2051 2391 vel
2094 2325 2398 2392 minuere.
2490 2325 2702 2393 Vivite
2716 2375 2735 2410 ,
2796 2332 2860 2393 et
2908 2347 3016 2391 nos

670 2441 931 2525 diligite.
1106 2439 1423 2508 Adducite
1466 2442 1548 2508 ad
1592 2442 1833 2509 curiam
1878 2441 2205 2509 vobiscum
2248 2442 2565 2509 modicum
2609 2442 2873 2509 fratrem
2915 2462 3016 2511 ve-

672 2561 875 2625 strum
917 2556 1346 2626 Erleboldum.

678 2804 857 2877 239.
903 2809 1224 2873 Com-adue
1250 2807 1365 2873 III
1393 2831 1506 2873 rex
1536 2807 1824 2894 Enyenio
1856 2806 1972 2873 ΙΠ
1990 2832 2210 2897 papae
2255 2810 2333 2875 de
2364 2812 2815 2900 praepositura
2844 2811 3017 2876 Xan-

900 2926 1054 2989 temi
1101 2923 1438 2989 Thiebaldo
1496 2925 1722 2990 collata
1771 2926 2013 3011 qratia-s·
2068 2927 2213 3011 aqit.
2303 2926 2484 3003 Petit,
2527 2937 2597 2990 ut
2640 2928 2903 2991 eundem
2947 2928 3018 2991 ab

899 3039 1180 3105 Amoldo
1212 3039 1674 3128 archiepiscopo
1711 3040 2056 3105 Coloniensi
2086 3051 2363 3126 tueatur,-
2386 3041 2749 3130 faveatque,
2781 3044 2840 3107 si
2854 3043 3021 3130 sorte

900 3158 1085 3223 ctiam
1130 3155 1260 3220 alia
1306 3157 1557 3222 ecclesio
1602 3156 1800 3221 eidem
1846 3156 2165 3246 offeratur.
2256 3158 2455 3223 Addit
2497 3158 2575 3224 de
2623 3156 2875 3239 Ottone,
2922 3158 3022 3245 qm·

900 3272 1119 3338 clerico
1164 3293 1385 3336 nasum
1429 3273 1819 3337 truncaverit.
2702 3271 2813 3354 (M.
2857 3273 3019 3352 181.)

504 3412 646 3469 1150
855 3402 1283 3471 Dilectissimo
1327 3403 1397 3469 in
1427 3401 1677 3469 Christo
1715 3405 1885 3490 patri
1915 3424 2028 3471 suo
2058 3403 2395 3489 E(ugenio)
2426 3409 2679 3472 sanctae
2707 3405 3021 3473 Romanae

680 3520 1019 3589 aecclesiae
1076 3540 1321 3586 summo
1375 3518 1659 3606 pontifici
1715 3519 2093 3603 C(onradus)
2150 3520 2274 3588 Dei
2338 3522 2547 3605 gratia
2599 3516 3018 3589 Romanorum

679 3657 796 3704 rex
852 3641 919 3704 et
972 3656 1222 3722 semper
1278 3641 1580 3720 augustus
1638 3634 1894 3703 filialem
1946 3657 2064 3724 per
2109 3638 2323 3704 omnia
2366 3637 2766 3706 dilectionem
2813 3650 2878 3706 et
2919 3639 3019 3705 de-

681 3754 880 3822 bitam
922 3753 992 3818 in
1036 3750 1308 3818 Domino
1349 3753 1788 3819 reverentiam.

862 3866 1130 3935 Gratum
1172 3868 1353 3936 nobis
1387 3868 1569 3937 valde
1615 3874 1714 3936 est
1756 3873 1822 3937 et
1864 3869 1934 3935 in
1979 3873 2218 3938 secreto
2263 3869 2469 3937 cordis
2515 3870 2718 3936 nostri
2762 3871 3021 3937 memori

682 3985 1108 4054 benivolentia
1172 3984 1573 4070 collocatum,
1643 3986 1812 4072 quod
1877 3985 2170 4053 dilectum
2241 3985 2680 4072 cappellanum
2741 3993 3018 4053 nostrum

685 4102 1097 4174 Thiebaldum
1150 4122 1267 4188 pro
1309 4107 1566 4169 nostrae
1610 4102 1961 4169 dilectionis
2008 4107 2071 4168 et
2116 4101 2582 4169 intercessionis
2625 4108 2915 4189 respectu
2956 4102 3020 4167 in

685 4219 996 4286 Xantensi
1037 4218 1437 4306 prepositura
1479 4219 1880 4305 provexistis.
1960 4216 2239 4301 Dignum
2285 4219 2454 4284 enim
2499 4222 2563 4285 et
2605 4219 2846 4286 iustum
2889 4239 3019 4286 esse

688 4336 1089 4419 arbitramur,
1131 4334 1207 4418 si,
1251 4333 1767 4421 predecessorum
1804 4337 2159 4402 vestrorum
2204 4354 2278 4401 ac
2320 4341 2701 4419 nostrorum,
2747 4337 3017 4402 virorum

830 4509 871 4542 ι.
910 4496 981 4542 sic
1011 4511 1069 4539 ex
1099 4492 1295 4539 debeant
1324 4502 1564 4539 correctum
1596 4502 1664 4539 est
1695 4495 1740 4538 in
1771 4493 1877 4539 cod.

831 4581 883 4636 1.
917 4580 988 4636 V.
1014 4595 1135 4635 eam
1171 4593 1312 4649 quae
1348 4578 1599 4649 sequitur
1632 4578 1922 4649 epistolam
1957 4578 2083 4634 239.
