<?xml version="1.0" encoding="UTF-8"?>
<!DOCTYPE html PUBLIC "-//W3C//DTD XHTML 1.0 Transitional//EN"
    "http://www.w3.org/TR/xhtml1/DTD/xhtml1-transitional.dtd">
<html xmlns="http://www.w3.org/1999/xhtml" xml:lang="en" lang="en">
 <head>
  <title>
</title>
<meta http-equiv="Content-Type" content="text/html;charset=utf-8" />
  <meta name='ocr-system' content='tesseract 3.04.00' />
  <meta name='ocr-capabilities' content='ocr_page ocr_carea ocr_par ocr_line ocrx_word'/>
</head>
<body>
  <div class='ocr_page' id='page_1' title='image "./monumentacorbei00corvgoog_0227.png"; bbox 0 0 3319 5242; ppageno 0'>
   <div class='ocr_carea' id='block_1_1' title="bbox 1009 458 2588 526">
    <p class='ocr_par' dir='ltr' id='par_1_1' title="bbox 1009 458 2588 526">
     <span class='ocr_line' id='line_1_1' title="bbox 1009 458 2588 526; baseline 0 -1"><span class='ocrx_word' id='word_1_1' title='bbox 1009 476 1310 525; x_wconf 54' lang='grc' dir='ltr'>Μαι-111</span> <span class='ocrx_word' id='word_1_2' title='bbox 1351 474 1682 526; x_wconf 48' lang='grc'>1118810111</span> <span class='ocrx_word' id='word_1_3' title='bbox 1728 475 1836 524; x_wconf 75' lang='grc'>186.</span> <span class='ocrx_word' id='word_1_4' title='bbox 2456 458 2588 526; x_wconf 80' lang='grc'>213</span> 
     </span>
    </p>
   </div>
   <div class='ocr_carea' id='block_1_2' title="bbox 236 617 2777 4431">
    <p class='ocr_par' dir='ltr' id='par_1_2' title="bbox 236 617 2777 4431">
     <span class='ocr_line' id='line_1_2' title="bbox 262 617 2769 705; baseline -0.002 -18"><span class='ocrx_word' id='word_1_5' title='bbox 262 617 445 687; x_wconf 85' lang='lat' dir='ltr'>ciliari</span> <span class='ocrx_word' id='word_1_6' title='bbox 491 617 827 703; x_wconf 74' lang='lat' dir='ltr'>desiderat,</span> <span class='ocrx_word' id='word_1_7' title='bbox 880 617 1158 705; x_wconf 89' lang='lat' dir='ltr'>plurima</span> <span class='ocrx_word' id='word_1_8' title='bbox 1199 618 1380 685; x_wconf 90' lang='lat' dir='ltr'>nobis</span> <span class='ocrx_word' id='word_1_9' title='bbox 1426 618 1781 685; x_wconf 87' lang='lat' dir='ltr'>sollicitudo</span> <span class='ocrx_word' id='word_1_10' title='bbox 1825 619 2135 704; x_wconf 73' lang='lat' dir='ltr'>imminet,</span> <span class='ocrx_word' id='word_1_11' title='bbox 2182 617 2322 705; x_wconf 88' lang='lat' dir='ltr'>quis</span> <span class='ocrx_word' id='word_1_12' title='bbox 2368 638 2590 686; x_wconf 88' lang='lat' dir='ltr'>sensus</span> <span class='ocrx_word' id='word_1_13' title='bbox 2626 624 2769 680; x_wconf 84' lang='lat'>1148</span> 
     </span>
     <span class='ocr_line' id='line_1_3' title="bbox 262 735 2589 821; baseline 0 -20"><span class='ocrx_word' id='word_1_14' title='bbox 262 756 439 821; x_wconf 87' lang='lat' dir='ltr'>queve</span> <span class='ocrx_word' id='word_1_15' title='bbox 507 737 821 803; x_wconf 86' lang='lat' dir='ltr'>sententia</span> <span class='ocrx_word' id='word_1_16' title='bbox 887 736 1005 802; x_wconf 88' lang='lat' dir='ltr'>sub</span> <span class='ocrx_word' id='word_1_17' title='bbox 1074 735 1265 803; x_wconf 84' lang='lat' dir='ltr'>verbo</span> <span class='ocrx_word' id='word_1_18' title='bbox 1334 735 1863 805; x_wconf 75' lang='lat' dir='ltr'>reconciliationis</span> <span class='ocrx_word' id='word_1_19' title='bbox 1927 737 2341 804; x_wconf 70' lang='lat' dir='ltr'>contineam.</span> <span class='ocrx_word' id='word_1_20' title='bbox 2423 735 2589 814; x_wconf 88' lang='lat' dir='ltr'>Quo-</span> 
     </span>
     <span class='ocr_line' id='line_1_4' title="bbox 260 851 2587 939; baseline 0.001 -22"><span class='ocrx_word' id='word_1_21' title='bbox 260 851 408 917; x_wconf 87' lang='lat' dir='ltr'>niam</span> <span class='ocrx_word' id='word_1_22' title='bbox 457 851 640 919; x_wconf 87' lang='lat' dir='ltr'>testis</span> <span class='ocrx_word' id='word_1_23' title='bbox 683 858 781 919; x_wconf 86' lang='lat' dir='ltr'>est</span> <span class='ocrx_word' id='word_1_24' title='bbox 806 851 988 919; x_wconf 91' lang='lat' dir='ltr'>nobis</span> <span class='ocrx_word' id='word_1_25' title='bbox 1020 852 1405 919; x_wconf 88' lang='lat' dir='ltr'>conscientia</span> <span class='ocrx_word' id='word_1_26' title='bbox 1447 857 1687 935; x_wconf 88' lang='lat' dir='ltr'>nostra,</span> <span class='ocrx_word' id='word_1_27' title='bbox 1737 852 1903 937; x_wconf 91' lang='lat' dir='ltr'>quod</span> <span class='ocrx_word' id='word_1_28' title='bbox 1946 852 2106 919; x_wconf 85' lang='lat' dir='ltr'>nihil</span> <span class='ocrx_word' id='word_1_29' title='bbox 2148 854 2217 919; x_wconf 91' lang='lat' dir='ltr'>in</span> <span class='ocrx_word' id='word_1_30' title='bbox 2264 874 2409 920; x_wconf 93' lang='lat' dir='ltr'>eum</span> <span class='ocrx_word' id='word_1_31' title='bbox 2441 871 2587 939; x_wconf 87' lang='lat' dir='ltr'>pec-</span> 
     </span>
     <span class='ocr_line' id='line_1_5' title="bbox 257 966 2588 1055; baseline 0.001 -22"><span class='ocrx_word' id='word_1_32' title='bbox 257 968 541 1035; x_wconf 86' lang='lat' dir='ltr'>cavimus.</span> <span class='ocrx_word' id='word_1_33' title='bbox 613 966 683 1034; x_wconf 89' lang='lat' dir='ltr'>Si</span> <span class='ocrx_word' id='word_1_34' title='bbox 730 989 877 1035; x_wconf 87' lang='lat' dir='ltr'>vero</span> <span class='ocrx_word' id='word_1_35' title='bbox 923 969 1061 1055; x_wconf 90' lang='lat' dir='ltr'>ipse</span> <span class='ocrx_word' id='word_1_36' title='bbox 1104 970 1175 1034; x_wconf 91' lang='lat' dir='ltr'>in</span> <span class='ocrx_word' id='word_1_37' title='bbox 1217 989 1334 1035; x_wconf 90' lang='lat' dir='ltr'>nos</span> <span class='ocrx_word' id='word_1_38' title='bbox 1379 968 1675 1054; x_wconf 84' lang='lat' dir='ltr'>deliquit,</span> <span class='ocrx_word' id='word_1_39' title='bbox 1733 974 1936 1035; x_wconf 85' lang='lat' dir='ltr'>totum</span> <span class='ocrx_word' id='word_1_40' title='bbox 1982 970 2041 1036; x_wconf 89' lang='lat' dir='ltr'>ei</span> <span class='ocrx_word' id='word_1_41' title='bbox 2087 990 2166 1036; x_wconf 82' lang='lat' dir='ltr'>ex</span> <span class='ocrx_word' id='word_1_42' title='bbox 2212 970 2399 1037; x_wconf 90' lang='lat' dir='ltr'>corde</span> <span class='ocrx_word' id='word_1_43' title='bbox 2444 989 2588 1055; x_wconf 90' lang='lat' dir='ltr'>per-</span> 
     </span>
     <span class='ocr_line' id='line_1_6' title="bbox 255 1082 2590 1171; baseline -0 -21"><span class='ocrx_word' id='word_1_44' title='bbox 255 1082 396 1151; x_wconf 83' lang='lat' dir='ltr'>fecto</span> <span class='ocrx_word' id='word_1_45' title='bbox 445 1084 529 1151; x_wconf 91' lang='lat' dir='ltr'>ob</span> <span class='ocrx_word' id='word_1_46' title='bbox 574 1084 773 1150; x_wconf 79' lang='lat' dir='ltr'>divini</span> <span class='ocrx_word' id='word_1_47' title='bbox 816 1090 1174 1171; x_wconf 86' lang='lat' dir='ltr'>respectum</span> <span class='ocrx_word' id='word_1_48' title='bbox 1220 1085 1452 1151; x_wconf 89' lang='lat' dir='ltr'>amoris</span> <span class='ocrx_word' id='word_1_49' title='bbox 1495 1084 1927 1169; x_wconf 83' lang='lat' dir='ltr'>indulgemus,</span> <span class='ocrx_word' id='word_1_50' title='bbox 1976 1091 2041 1152; x_wconf 89' lang='lat' dir='ltr'>et</span> <span class='ocrx_word' id='word_1_51' title='bbox 2083 1091 2217 1152; x_wconf 90' lang='lat' dir='ltr'>tam</span> <span class='ocrx_word' id='word_1_52' title='bbox 2260 1086 2331 1151; x_wconf 92' lang='lat' dir='ltr'>in</span> <span class='ocrx_word' id='word_1_53' title='bbox 2376 1085 2590 1151; x_wconf 87' lang='lat' dir='ltr'>anima</span> 
     </span>
     <span class='ocr_line' id='line_1_7' title="bbox 257 1198 2588 1289; baseline 0 -22"><span class='ocrx_word' id='word_1_54' title='bbox 257 1220 427 1286; x_wconf 85' lang='lat' dir='ltr'>quam</span> <span class='ocrx_word' id='word_1_55' title='bbox 472 1201 543 1266; x_wconf 91' lang='lat' dir='ltr'>in</span> <span class='ocrx_word' id='word_1_56' title='bbox 586 1221 847 1288; x_wconf 88' lang='lat' dir='ltr'>corpore</span> <span class='ocrx_word' id='word_1_57' title='bbox 892 1222 1042 1268; x_wconf 84' lang='lat' dir='ltr'>vera</span> <span class='ocrx_word' id='word_1_58' title='bbox 1088 1201 1148 1268; x_wconf 90' lang='lat' dir='ltr'>ei</span> <span class='ocrx_word' id='word_1_59' title='bbox 1191 1200 1357 1267; x_wconf 88' lang='lat' dir='ltr'>bona</span> <span class='ocrx_word' id='word_1_60' title='bbox 1380 1198 1724 1289; x_wconf 67' lang='lat' dir='ltr'>‘provenire</span> <span class='ocrx_word' id='word_1_61' title='bbox 1756 1207 2150 1288; x_wconf 84' lang='lat' dir='ltr'>exoptamus,</span> <span class='ocrx_word' id='word_1_62' title='bbox 2197 1221 2315 1269; x_wconf 91' lang='lat' dir='ltr'>nec</span> <span class='ocrx_word' id='word_1_63' title='bbox 2342 1201 2588 1267; x_wconf 87' lang='lat' dir='ltr'>invide-</span> 
     </span>
     <span class='ocr_line' id='line_1_8' title="bbox 253 1316 2586 1404; baseline 0.001 -22"><span class='ocrx_word' id='word_1_64' title='bbox 253 1336 376 1383; x_wconf 85' lang='lat' dir='ltr'>mus</span> <span class='ocrx_word' id='word_1_65' title='bbox 421 1316 515 1400; x_wconf 91' lang='lat' dir='ltr'>ei,</span> <span class='ocrx_word' id='word_1_66' title='bbox 564 1318 640 1401; x_wconf 90' lang='lat' dir='ltr'>si,</span> <span class='ocrx_word' id='word_1_67' title='bbox 688 1316 866 1384; x_wconf 84' lang='lat' dir='ltr'>salva</span> <span class='ocrx_word' id='word_1_68' title='bbox 909 1336 1067 1404; x_wconf 87' lang='lat' dir='ltr'>paee</span> <span class='ocrx_word' id='word_1_69' title='bbox 1111 1323 1333 1384; x_wconf 87' lang='lat' dir='ltr'>nostra</span> <span class='ocrx_word' id='word_1_70' title='bbox 1377 1324 1443 1384; x_wconf 88' lang='lat' dir='ltr'>et</span> <span class='ocrx_word' id='word_1_71' title='bbox 1483 1319 1852 1385; x_wconf 88' lang='lat' dir='ltr'>monasterii</span> <span class='ocrx_word' id='word_1_72' title='bbox 1897 1320 2097 1385; x_wconf 82' lang='lat' dir='ltr'>nostri</span> <span class='ocrx_word' id='word_1_73' title='bbox 2143 1317 2409 1400; x_wconf 87' lang='lat' dir='ltr'>cautela,</span> <span class='ocrx_word' id='word_1_74' title='bbox 2455 1317 2586 1384; x_wconf 88' lang='lat' dir='ltr'>foe-</span> 
     </span>
     <span class='ocr_line' id='line_1_9' title="bbox 254 1433 2584 1519; baseline 0.001 -21"><span class='ocrx_word' id='word_1_75' title='bbox 254 1433 500 1500; x_wconf 87' lang='lat' dir='ltr'>cundior</span> <span class='ocrx_word' id='word_1_76' title='bbox 558 1433 617 1499; x_wconf 91' lang='lat' dir='ltr'>ei</span> <span class='ocrx_word' id='word_1_77' title='bbox 674 1434 851 1518; x_wconf 89' lang='lat' dir='ltr'>quies</span> <span class='ocrx_word' id='word_1_78' title='bbox 910 1433 1124 1519; x_wconf 87' lang='lat' dir='ltr'>aliqua</span> <span class='ocrx_word' id='word_1_79' title='bbox 1177 1434 1584 1516; x_wconf 84' lang='lat' dir='ltr'>concedatur3</span> <span class='ocrx_word' id='word_1_80' title='bbox 1646 1434 1959 1519; x_wconf 89' lang='lat' dir='ltr'>siquidem</span> <span class='ocrx_word' id='word_1_81' title='bbox 2015 1441 2079 1502; x_wconf 89' lang='grc'>61</span> <span class='ocrx_word' id='word_1_82' title='bbox 2130 1443 2247 1501; x_wconf 84' lang='grc'>1168</span> <span class='ocrx_word' id='word_1_83' title='bbox 2299 1434 2584 1500; x_wconf 89' lang='lat' dir='ltr'>homines</span> 
     </span>
     <span class='ocr_line' id='line_1_10' title="bbox 253 1549 2583 1638; baseline 0 -22"><span class='ocrx_word' id='word_1_84' title='bbox 253 1569 451 1616; x_wconf 84' lang='lat' dir='ltr'>sumus</span> <span class='ocrx_word' id='word_1_85' title='bbox 513 1555 579 1616; x_wconf 89' lang='grc'>61</span> <span class='ocrx_word' id='word_1_86' title='bbox 632 1568 778 1616; x_wconf 88' lang='lat' dir='ltr'>cum</span> <span class='ocrx_word' id='word_1_87' title='bbox 833 1550 1189 1617; x_wconf 89' lang='lat' dir='ltr'>hominibus</span> <span class='ocrx_word' id='word_1_88' title='bbox 1245 1549 1544 1634; x_wconf 83' lang='lat' dir='ltr'>flagellati</span> <span class='ocrx_word' id='word_1_89' title='bbox 1600 1556 1667 1617; x_wconf 89' lang='grc'>61</span> <span class='ocrx_word' id='word_1_90' title='bbox 1716 1549 1977 1617; x_wconf 88' lang='lat' dir='ltr'>humani</span> <span class='ocrx_word' id='word_1_91' title='bbox 2022 1550 2262 1638; x_wconf 88' lang='lat' dir='ltr'>aliquid</span> <span class='ocrx_word' id='word_1_92' title='bbox 2308 1550 2583 1617; x_wconf 90' lang='lat' dir='ltr'>alienum</span> 
     </span>
     <span class='ocr_line' id='line_1_11' title="bbox 254 1664 2581 1734; baseline 0.001 -3"><span class='ocrx_word' id='word_1_93' title='bbox 254 1685 288 1731; x_wconf 84' lang='lat' dir='ltr'>a</span> <span class='ocrx_word' id='word_1_94' title='bbox 333 1666 512 1734; x_wconf 89' lang='lat' dir='ltr'>nobis</span> <span class='ocrx_word' id='word_1_95' title='bbox 567 1686 697 1733; x_wconf 90' lang='lat' dir='ltr'>non</span> <span class='ocrx_word' id='word_1_96' title='bbox 742 1666 1069 1733; x_wconf 88' lang='lat' dir='ltr'>sentimus.</span> <span class='ocrx_word' id='word_1_97' title='bbox 1255 1665 1368 1733; x_wconf 89' lang='lat' dir='ltr'>Set</span> <span class='ocrx_word' id='word_1_98' title='bbox 1411 1666 1489 1733; x_wconf 91' lang='lat' dir='ltr'>de</span> <span class='ocrx_word' id='word_1_99' title='bbox 1533 1666 1765 1733; x_wconf 88' lang='lat' dir='ltr'>litteris</span> <span class='ocrx_word' id='word_1_100' title='bbox 1810 1667 2162 1734; x_wconf 87' lang='lat' dir='ltr'>marchioni</span> <span class='ocrx_word' id='word_1_101' title='bbox 2180 1664 2195 1694; x_wconf 92' lang='lat'><strong>¹</strong></span> <span class='ocrx_word' id='word_1_102' title='bbox 2238 1666 2581 1733; x_wconf 90' lang='lat' dir='ltr'>Adelberto</span> 
     </span>
     <span class='ocr_line' id='line_1_12' title="bbox 252 1782 2585 1869; baseline 0 -22"><span class='ocrx_word' id='word_1_103' title='bbox 252 1801 427 1867; x_wconf 87' lang='lat' dir='ltr'>super</span> <span class='ocrx_word' id='word_1_104' title='bbox 480 1782 685 1869; x_wconf 88' lang='lat' dir='ltr'>ipsius</span> <span class='ocrx_word' id='word_1_105' title='bbox 740 1783 992 1866; x_wconf 80' lang='lat' dir='ltr'>negotio</span> <span class='ocrx_word' id='word_1_106' title='bbox 1049 1782 1408 1867; x_wconf 84' lang='lat' dir='ltr'>mittendis,</span> <span class='ocrx_word' id='word_1_107' title='bbox 1468 1804 1596 1850; x_wconf 95' lang='lat' dir='ltr'>non</span> <span class='ocrx_word' id='word_1_108' title='bbox 1647 1783 1854 1851; x_wconf 88' lang='lat' dir='ltr'>facilis</span> <span class='ocrx_word' id='word_1_109' title='bbox 1899 1784 2080 1851; x_wconf 91' lang='lat' dir='ltr'>nobis</span> <span class='ocrx_word' id='word_1_110' title='bbox 2128 1784 2207 1851; x_wconf 92' lang='lat' dir='ltr'>ad</span> <span class='ocrx_word' id='word_1_111' title='bbox 2254 1782 2585 1850; x_wconf 89' lang='lat' dir='ltr'>consilium</span> 
     </span>
     <span class='ocr_line' id='line_1_13' title="bbox 247 1898 2585 1987; baseline 0 -23"><span class='ocrx_word' id='word_1_112' title='bbox 247 1898 342 1964; x_wconf 85' lang='lat' dir='ltr'>via</span> <span class='ocrx_word' id='word_1_113' title='bbox 391 1899 518 1965; x_wconf 88' lang='lat' dir='ltr'>fuit</span> <span class='ocrx_word' id='word_1_114' title='bbox 570 1919 686 1986; x_wconf 91' lang='lat' dir='ltr'>pro</span> <span class='ocrx_word' id='word_1_115' title='bbox 745 1919 851 1984; x_wconf 90' lang='lat' dir='ltr'>eo,</span> <span class='ocrx_word' id='word_1_116' title='bbox 900 1900 1066 1984; x_wconf 91' lang='lat' dir='ltr'>quod</span> <span class='ocrx_word' id='word_1_117' title='bbox 1116 1900 1287 1966; x_wconf 92' lang='lat' dir='ltr'>idem</span> <span class='ocrx_word' id='word_1_118' title='bbox 1330 1900 1632 1985; x_wconf 88' lang='lat' dir='ltr'>marchio,</span> <span class='ocrx_word' id='word_1_119' title='bbox 1681 1901 1780 1967; x_wconf 88' lang='lat' dir='ltr'>vir</span> <span class='ocrx_word' id='word_1_120' title='bbox 1824 1922 1976 1968; x_wconf 89' lang='lat' dir='ltr'>sane</span> <span class='ocrx_word' id='word_1_121' title='bbox 2021 1900 2299 1987; x_wconf 88' lang='lat' dir='ltr'>prudens</span> <span class='ocrx_word' id='word_1_122' title='bbox 2314 1949 2332 1984; x_wconf 92' lang='lat'>,</span> <span class='ocrx_word' id='word_1_123' title='bbox 2391 1899 2585 1966; x_wconf 90' lang='lat' dir='ltr'>totius</span> 
     </span>
     <span class='ocr_line' id='line_1_14' title="bbox 248 2013 2586 2104; baseline 0.001 -25"><span class='ocrx_word' id='word_1_124' title='bbox 248 2013 583 2082; x_wconf 79' lang='lat' dir='ltr'>honestatis</span> <span class='ocrx_word' id='word_1_125' title='bbox 629 2021 694 2083; x_wconf 89' lang='grc'>61</span> <span class='ocrx_word' id='word_1_126' title='bbox 738 2014 1107 2101; x_wconf 89' lang='lat' dir='ltr'>disciplinae</span> <span class='ocrx_word' id='word_1_127' title='bbox 1153 2016 1498 2103; x_wconf 86' lang='lat' dir='ltr'>speculum,</span> <span class='ocrx_word' id='word_1_128' title='bbox 1543 2038 1661 2084; x_wconf 91' lang='lat' dir='ltr'>nos</span> <span class='ocrx_word' id='word_1_129' title='bbox 1707 2038 2105 2104; x_wconf 87' lang='lat' dir='ltr'>nequaquam</span> <span class='ocrx_word' id='word_1_130' title='bbox 2147 2037 2337 2103; x_wconf 89' lang='lat' dir='ltr'>super</span> <span class='ocrx_word' id='word_1_131' title='bbox 2369 2016 2586 2082; x_wconf 90' lang='lat' dir='ltr'>eodem</span> 
     </span>
     <span class='ocr_line' id='line_1_15' title="bbox 245 2131 2583 2216; baseline 0.003 -22"><span class='ocrx_word' id='word_1_132' title='bbox 245 2132 422 2199; x_wconf 81' lang='lat' dir='ltr'>verbo</span> <span class='ocrx_word' id='word_1_133' title='bbox 468 2131 807 2216; x_wconf 83' lang='lat' dir='ltr'>consuluit,</span> <span class='ocrx_word' id='word_1_134' title='bbox 852 2151 997 2198; x_wconf 91' lang='lat' dir='ltr'>cum</span> <span class='ocrx_word' id='word_1_135' title='bbox 1026 2137 1238 2200; x_wconf 88' lang='lat' dir='ltr'>tamen</span> <span class='ocrx_word' id='word_1_136' title='bbox 1271 2132 1356 2199; x_wconf 92' lang='lat' dir='ltr'>sit</span> <span class='ocrx_word' id='word_1_137' title='bbox 1382 2132 1564 2200; x_wconf 91' lang='lat' dir='ltr'>nobis</span> <span class='ocrx_word' id='word_1_138' title='bbox 1609 2134 1840 2200; x_wconf 89' lang='lat' dir='ltr'>intima</span> <span class='ocrx_word' id='word_1_139' title='bbox 1869 2132 1993 2200; x_wconf 88' lang='lat' dir='ltr'>fide</span> <span class='ocrx_word' id='word_1_140' title='bbox 2006 2145 2028 2169; x_wconf 89' lang='lat'><strong>·</strong></span> <span class='ocrx_word' id='word_1_141' title='bbox 2059 2139 2124 2201; x_wconf 89' lang='lat' dir='ltr'>et</span> <span class='ocrx_word' id='word_1_142' title='bbox 2151 2133 2583 2201; x_wconf 82' lang='lat' dir='ltr'>familiaritate</span> 
     </span>
     <span class='ocr_line' id='line_1_16' title="bbox 246 2246 2582 2337; baseline 0.001 -23"><span class='ocrx_word' id='word_1_143' title='bbox 246 2249 624 2316; x_wconf 86' lang='lat' dir='ltr'>coniunctus.</span> <span class='ocrx_word' id='word_1_144' title='bbox 804 2246 1002 2315; x_wconf 89' lang='lat' dir='ltr'>Porro</span> <span class='ocrx_word' id='word_1_145' title='bbox 1061 2249 1365 2316; x_wconf 85' lang='lat' dir='ltr'>aecclesia</span> <span class='ocrx_word' id='word_1_146' title='bbox 1406 2248 1694 2316; x_wconf 87' lang='lat' dir='ltr'>Romana</span> <span class='ocrx_word' id='word_1_147' title='bbox 1736 2250 1856 2317; x_wconf 91' lang='lat' dir='ltr'>hoc</span> <span class='ocrx_word' id='word_1_148' title='bbox 1900 2271 2014 2337; x_wconf 92' lang='lat' dir='ltr'>pre</span> <span class='ocrx_word' id='word_1_149' title='bbox 2059 2251 2299 2317; x_wconf 89' lang='lat' dir='ltr'>cunctis</span> <span class='ocrx_word' id='word_1_150' title='bbox 2345 2255 2582 2317; x_wconf 87' lang='lat' dir='ltr'>morta-</span> 
     </span>
     <span class='ocr_line' id='line_1_17' title="bbox 242 2362 2583 2452; baseline 0.001 -23"><span class='ocrx_word' id='word_1_151' title='bbox 242 2362 396 2432; x_wconf 88' lang='lat' dir='ltr'>libus</span> <span class='ocrx_word' id='word_1_152' title='bbox 453 2363 862 2452; x_wconf 81' lang='lat' dir='ltr'>privilegium</span> <span class='ocrx_word' id='word_1_153' title='bbox 914 2365 984 2431; x_wconf 90' lang='lat' dir='ltr'>in</span> <span class='ocrx_word' id='word_1_154' title='bbox 1041 2366 1230 2432; x_wconf 84' lang='lat' dir='ltr'>terris</span> <span class='ocrx_word' id='word_1_155' title='bbox 1288 2370 1433 2452; x_wconf 89' lang='lat' dir='ltr'>post</span> <span class='ocrx_word' id='word_1_156' title='bbox 1489 2365 1697 2434; x_wconf 92' lang='lat' dir='ltr'>Deum</span> <span class='ocrx_word' id='word_1_157' title='bbox 1752 2366 2054 2451; x_wconf 85' lang='lat' dir='ltr'>obtinuit,</span> <span class='ocrx_word' id='word_1_158' title='bbox 2120 2371 2193 2433; x_wconf 90' lang='lat' dir='ltr'>ut</span> <span class='ocrx_word' id='word_1_159' title='bbox 2249 2365 2385 2432; x_wconf 92' lang='lat' dir='ltr'>sola</span> <span class='ocrx_word' id='word_1_160' title='bbox 2439 2386 2583 2432; x_wconf 91' lang='lat' dir='ltr'>cum</span> 
     </span>
     <span class='ocr_line' id='line_1_18' title="bbox 241 2480 2586 2571; baseline 0 -25"><span class='ocrx_word' id='word_1_161' title='bbox 241 2482 370 2568; x_wconf 87' lang='lat' dir='ltr'>ipso</span> <span class='ocrx_word' id='word_1_162' title='bbox 413 2482 627 2549; x_wconf 78' lang='lat' dir='ltr'>dicere</span> <span class='ocrx_word' id='word_1_163' title='bbox 669 2480 906 2567; x_wconf 80' lang='lat' dir='ltr'>possit:</span> <span class='ocrx_word' id='word_1_164' title='bbox 954 2480 1100 2569; x_wconf 71' lang='lat' dir='ltr'>qu</span> <span class='ocrx_word' id='word_1_165' title='bbox 1150 2485 1426 2548; x_wconf 74' lang='lat' dir='ltr'>occidam</span> <span class='ocrx_word' id='word_1_166' title='bbox 1471 2495 1529 2548; x_wconf 78' lang='lat' dir='ltr'>et</span> <span class='ocrx_word' id='word_1_167' title='bbox 1565 2507 1675 2571; x_wconf 74' lang='lat'>090</span> <span class='ocrx_word' id='word_1_168' title='bbox 1707 2487 1910 2549; x_wconf 75' lang='lat' dir='ltr'>vivere</span> <span class='ocrx_word' id='word_1_169' title='bbox 1925 2484 2194 2571; x_wconf 75' lang='lat' dir='ltr'>faciam,</span> <span class='ocrx_word' id='word_1_170' title='bbox 2231 2486 2586 2570; x_wconf 76' lang='lat' dir='ltr'>percutiam</span> 
     </span>
     <span class='ocr_line' id='line_1_19' title="bbox 244 2592 2586 2687; baseline 0 -24"><span class='ocrx_word' id='word_1_171' title='bbox 244 2610 296 2663; x_wconf 79' lang='lat' dir='ltr'>et</span> <span class='ocrx_word' id='word_1_172' title='bbox 347 2624 456 2687; x_wconf 73' lang='lat'>09⁰</span> <span class='ocrx_word' id='word_1_173' title='bbox 513 2600 750 2665; x_wconf 73' lang='lat' dir='ltr'>sanabo</span> <span class='ocrx_word' id='word_1_174' title='bbox 766 2592 808 2663; x_wconf 86' lang='lat'>².</span> <span class='ocrx_word' id='word_1_175' title='bbox 879 2595 1012 2676; x_wconf 87' lang='lat' dir='ltr'>Que</span> <span class='ocrx_word' id='word_1_176' title='bbox 1067 2602 1165 2665; x_wconf 90' lang='lat' dir='ltr'>est</span> <span class='ocrx_word' id='word_1_177' title='bbox 1214 2596 1410 2682; x_wconf 84' lang='lat' dir='ltr'>igitur</span> <span class='ocrx_word' id='word_1_178' title='bbox 1452 2597 1757 2666; x_wconf 86' lang='lat' dir='ltr'>fortitudo</span> <span class='ocrx_word' id='word_1_179' title='bbox 1788 2603 2024 2668; x_wconf 17' lang='lat' dir='ltr'>,nostra</span> <span class='ocrx_word' id='word_1_180' title='bbox 2069 2604 2180 2665; x_wconf 86' lang='lat' dir='ltr'>aut</span> <span class='ocrx_word' id='word_1_181' title='bbox 2221 2599 2423 2665; x_wconf 83' lang='lat' dir='ltr'>virtus</span> <span class='ocrx_word' id='word_1_182' title='bbox 2437 2648 2455 2682; x_wconf 89' lang='lat'>,</span> <span class='ocrx_word' id='word_1_183' title='bbox 2512 2606 2586 2665; x_wconf 85' lang='lat' dir='ltr'>ut</span> 
     </span>
     <span class='ocr_line' id='line_1_20' title="bbox 242 2714 2582 2802; baseline 0.001 -23"><span class='ocrx_word' id='word_1_184' title='bbox 242 2715 470 2798; x_wconf 84' lang='lat' dir='ltr'>erigere</span> <span class='ocrx_word' id='word_1_185' title='bbox 513 2714 854 2801; x_wconf 90' lang='lat' dir='ltr'>possimus,</span> <span class='ocrx_word' id='word_1_186' title='bbox 903 2734 1091 2800; x_wconf 89' lang='lat' dir='ltr'>quem</span> <span class='ocrx_word' id='word_1_187' title='bbox 1136 2735 1359 2781; x_wconf 88' lang='lat' dir='ltr'>manus</span> <span class='ocrx_word' id='word_1_188' title='bbox 1407 2715 1576 2782; x_wconf 89' lang='lat' dir='ltr'>elisit</span> <span class='ocrx_word' id='word_1_189' title='bbox 1610 2715 2264 2802; x_wconf 83' lang='lat' dir='ltr'>omnipotentissima?</span> <span class='ocrx_word' id='word_1_190' title='bbox 2326 2715 2411 2781; x_wconf 89' lang='lat' dir='ltr'>Et</span> <span class='ocrx_word' id='word_1_191' title='bbox 2441 2715 2582 2801; x_wconf 89' lang='lat' dir='ltr'>ipse</span> 
     </span>
     <span class='ocr_line' id='line_1_21' title="bbox 239 2824 2581 2919; baseline 0 -23"><span class='ocrx_word' id='word_1_192' title='bbox 239 2830 488 2915; x_wconf 89' lang='lat' dir='ltr'>quidem</span> <span class='ocrx_word' id='word_1_193' title='bbox 522 2829 791 2897; x_wconf 91' lang='lat' dir='ltr'>domnus</span> <span class='ocrx_word' id='word_1_194' title='bbox 821 2829 1178 2915; x_wconf 88' lang='lat' dir='ltr'>Heinricus,</span> <span class='ocrx_word' id='word_1_195' title='bbox 1210 2851 1355 2897; x_wconf 91' lang='lat' dir='ltr'>cum</span> <span class='ocrx_word' id='word_1_196' title='bbox 1394 2833 1586 2899; x_wconf 89' lang='lat' dir='ltr'>fuerit</span> <span class='ocrx_word' id='word_1_197' title='bbox 1614 2832 1693 2898; x_wconf 88' lang='lat' dir='ltr'>ab</span> <span class='ocrx_word' id='word_1_198' title='bbox 1727 2832 2110 2919; x_wconf 91' lang='lat' dir='ltr'>apostolicae</span> <span class='ocrx_word' id='word_1_199' title='bbox 2142 2831 2309 2898; x_wconf 90' lang='lat' dir='ltr'>sedis</span> <span class='ocrx_word' id='word_1_200' title='bbox 2339 2824 2581 2915; x_wconf 65' lang='grc' dir='ltr'>163810ει</span> 
     </span>
     <span class='ocr_line' id='line_1_22' title="bbox 240 2947 2582 3033; baseline 0 -21"><span class='ocrx_word' id='word_1_201' title='bbox 240 2948 811 3015; x_wconf 83' lang='lat' dir='ltr'>excommunicatus</span> <span class='ocrx_word' id='word_1_202' title='bbox 871 2954 935 3015; x_wconf 89' lang='lat' dir='ltr'>et</span> <span class='ocrx_word' id='word_1_203' title='bbox 988 2947 1066 3013; x_wconf 92' lang='lat' dir='ltr'>ab</span> <span class='ocrx_word' id='word_1_204' title='bbox 1126 2948 1298 3013; x_wconf 92' lang='lat' dir='ltr'>omni</span> <span class='ocrx_word' id='word_1_205' title='bbox 1341 2953 1475 3014; x_wconf 88' lang='lat' dir='ltr'>tam</span> <span class='ocrx_word' id='word_1_206' title='bbox 1520 2948 1810 3014; x_wconf 85' lang='lat' dir='ltr'>abbatiae</span> <span class='ocrx_word' id='word_1_207' title='bbox 1856 2949 2162 3033; x_wconf 86' lang='lat' dir='ltr'>dignitate</span> <span class='ocrx_word' id='word_1_208' title='bbox 2208 2968 2398 3033; x_wconf 91' lang='lat' dir='ltr'>quam</span> <span class='ocrx_word' id='word_1_209' title='bbox 2445 2967 2582 3014; x_wconf 87' lang='lat' dir='ltr'>aeo-</span> 
     </span>
     <span class='ocr_line' id='line_1_23' title="bbox 238 3062 2578 3151; baseline 0 -22"><span class='ocrx_word' id='word_1_210' title='bbox 238 3062 583 3131; x_wconf 84' lang='lat' dir='ltr'>olesiastico</span> <span class='ocrx_word' id='word_1_211' title='bbox 641 3062 846 3131; x_wconf 90' lang='lat' dir='ltr'>officio</span> <span class='ocrx_word' id='word_1_212' title='bbox 901 3063 1255 3151; x_wconf 89' lang='lat' dir='ltr'>depositus,</span> <span class='ocrx_word' id='word_1_213' title='bbox 1314 3063 1518 3129; x_wconf 86' lang='lat' dir='ltr'>nullas</span> <span class='ocrx_word' id='word_1_214' title='bbox 1564 3063 2094 3131; x_wconf 75' lang='lat' dir='ltr'>reconciliationis</span> <span class='ocrx_word' id='word_1_215' title='bbox 2141 3083 2292 3130; x_wconf 88' lang='lat' dir='ltr'>suae</span> <span class='ocrx_word' id='word_1_216' title='bbox 2335 3063 2578 3130; x_wconf 89' lang='lat' dir='ltr'>litteras</span> 
     </span>
     <span class='ocr_line' id='line_1_24' title="bbox 237 3179 2578 3265; baseline -0 -20"><span class='ocrx_word' id='word_1_217' title='bbox 237 3199 274 3245; x_wconf 82' lang='lat' dir='ltr'>a</span> <span class='ocrx_word' id='word_1_218' title='bbox 310 3179 634 3248; x_wconf 85' lang='lat' dir='ltr'>Romanae</span> <span class='ocrx_word' id='word_1_219' title='bbox 680 3180 1019 3249; x_wconf 85' lang='lat' dir='ltr'>aecclesiae</span> <span class='ocrx_word' id='word_1_220' title='bbox 1065 3180 1399 3248; x_wconf 89' lang='lat' dir='ltr'>clementia</span> <span class='ocrx_word' id='word_1_221' title='bbox 1441 3179 1677 3265; x_wconf 84' lang='lat' dir='ltr'>retulit,</span> <span class='ocrx_word' id='word_1_222' title='bbox 1723 3181 2011 3247; x_wconf 83' lang='lat' dir='ltr'>fortassis</span> <span class='ocrx_word' id='word_1_223' title='bbox 2056 3181 2207 3265; x_wconf 90' lang='lat' dir='ltr'>quia</span> <span class='ocrx_word' id='word_1_224' title='bbox 2236 3179 2578 3246; x_wconf 89' lang='lat' dir='ltr'>secundum</span> 
     </span>
     <span class='ocr_line' id='line_1_25' title="bbox 236 3295 2578 3383; baseline 0 -22"><span class='ocrx_word' id='word_1_225' title='bbox 236 3315 470 3364; x_wconf 87' lang='lat' dir='ltr'>morem</span> <span class='ocrx_word' id='word_1_226' title='bbox 527 3302 593 3363; x_wconf 89' lang='lat' dir='ltr'>et</span> <span class='ocrx_word' id='word_1_227' title='bbox 647 3298 942 3364; x_wconf 88' lang='lat' dir='ltr'>instituta</span> <span class='ocrx_word' id='word_1_228' title='bbox 997 3297 1166 3364; x_wconf 91' lang='lat' dir='ltr'>sedis</span> <span class='ocrx_word' id='word_1_229' title='bbox 1227 3296 1606 3383; x_wconf 90' lang='lat' dir='ltr'>apostolicae</span> <span class='ocrx_word' id='word_1_230' title='bbox 1664 3297 1875 3363; x_wconf 88' lang='lat' dir='ltr'>iurare</span> <span class='ocrx_word' id='word_1_231' title='bbox 1929 3297 2115 3363; x_wconf 88' lang='lat' dir='ltr'>tactis</span> <span class='ocrx_word' id='word_1_232' title='bbox 2161 3295 2578 3363; x_wconf 87' lang='lat' dir='ltr'>sacrosanctis</span> 
     </span>
     <span class='ocr_line' id='line_1_26' title="bbox 237 3412 2581 3499; baseline 0 -21"><span class='ocrx_word' id='word_1_233' title='bbox 237 3413 577 3498; x_wconf 83' lang='lat' dir='ltr'>euangeliis</span> <span class='ocrx_word' id='word_1_234' title='bbox 629 3412 864 3499; x_wconf 90' lang='lat' dir='ltr'>noluit,</span> <span class='ocrx_word' id='word_1_235' title='bbox 926 3413 1092 3499; x_wconf 91' lang='lat' dir='ltr'>quod</span> <span class='ocrx_word' id='word_1_236' title='bbox 1148 3413 1226 3479; x_wconf 94' lang='lat' dir='ltr'>de</span> <span class='ocrx_word' id='word_1_237' title='bbox 1284 3418 1491 3480; x_wconf 90' lang='lat' dir='ltr'>cetero</span> <span class='ocrx_word' id='word_1_238' title='bbox 1537 3412 1981 3479; x_wconf 86' lang='lat' dir='ltr'>Corbeiensem</span> <span class='ocrx_word' id='word_1_239' title='bbox 2040 3413 2406 3480; x_wconf 90' lang='lat' dir='ltr'>aecclesiam</span> <span class='ocrx_word' id='word_1_240' title='bbox 2463 3432 2581 3479; x_wconf 95' lang='lat' dir='ltr'>nec</span> 
     </span>
     <span class='ocr_line' id='line_1_27' title="bbox 237 3529 2579 3616; baseline -0 -20"><span class='ocrx_word' id='word_1_241' title='bbox 237 3547 343 3616; x_wconf 88' lang='lat' dir='ltr'>per</span> <span class='ocrx_word' id='word_1_242' title='bbox 387 3550 458 3596; x_wconf 90' lang='grc'>86</span> <span class='ocrx_word' id='word_1_243' title='bbox 504 3549 623 3597; x_wconf 89' lang='lat' dir='ltr'>nec</span> <span class='ocrx_word' id='word_1_244' title='bbox 649 3549 782 3616; x_wconf 35' lang='lat' dir='ltr'>,per</span> <span class='ocrx_word' id='word_1_245' title='bbox 812 3530 1191 3597; x_wconf 87' lang='lat' dir='ltr'>submissam</span> <span class='ocrx_word' id='word_1_246' title='bbox 1223 3549 1561 3616; x_wconf 89' lang='lat' dir='ltr'>personam</span> <span class='ocrx_word' id='word_1_247' title='bbox 1590 3535 1868 3597; x_wconf 84' lang='lat' dir='ltr'>vexaret.</span> <span class='ocrx_word' id='word_1_248' title='bbox 1941 3529 2104 3595; x_wconf 92' lang='lat' dir='ltr'>Tum</span> <span class='ocrx_word' id='word_1_249' title='bbox 2147 3550 2295 3596; x_wconf 86' lang='lat' dir='ltr'>vero</span> <span class='ocrx_word' id='word_1_250' title='bbox 2340 3530 2408 3595; x_wconf 89' lang='lat' dir='ltr'>in</span> <span class='ocrx_word' id='word_1_251' title='bbox 2449 3529 2579 3596; x_wconf 90' lang='lat' dir='ltr'>sin-</span> 
     </span>
     <span class='ocr_line' id='line_1_28' title="bbox 237 3645 2777 3733; baseline -0.001 -24"><span class='ocrx_word' id='word_1_252' title='bbox 237 3645 347 3712; x_wconf 85' lang='lat' dir='ltr'>odo</span> <span class='ocrx_word' id='word_1_253' title='bbox 402 3645 703 3713; x_wconf 83' lang='lat' dir='ltr'>Remensi</span> <span class='ocrx_word' id='word_1_254' title='bbox 717 3696 736 3729; x_wconf 91' lang='lat'>,</span> <span class='ocrx_word' id='word_1_255' title='bbox 810 3666 930 3731; x_wconf 92' lang='lat' dir='ltr'>que</span> <span class='ocrx_word' id='word_1_256' title='bbox 988 3646 1278 3732; x_wconf 82' lang='lat' dir='ltr'>proxime</span> <span class='ocrx_word' id='word_1_257' title='bbox 1334 3645 1651 3712; x_wconf 89' lang='lat' dir='ltr'>celebrata</span> <span class='ocrx_word' id='word_1_258' title='bbox 1708 3651 1832 3731; x_wconf 88' lang='lat' dir='ltr'>est,</span> <span class='ocrx_word' id='word_1_259' title='bbox 1905 3645 2169 3712; x_wconf 89' lang='lat' dir='ltr'>domnus</span> <span class='ocrx_word' id='word_1_260' title='bbox 2222 3665 2392 3733; x_wconf 88' lang='lat' dir='ltr'>papa</span> <span class='ocrx_word' id='word_1_261' title='bbox 2446 3650 2581 3712; x_wconf 86' lang='lat' dir='ltr'>tam</span> <span class='ocrx_word' id='word_1_262' title='bbox 2613 3659 2724 3721; x_wconf 75' lang='lat' dir='ltr'>Apr.</span> <span class='ocrx_word' id='word_1_263' title='bbox 2748 3661 2777 3708; x_wconf 84' lang='lat'>5</span> 
     </span>
     <span class='ocr_line' id='line_1_29' title="bbox 236 3758 2581 3849; baseline 0.001 -23"><span class='ocrx_word' id='word_1_264' title='bbox 236 3762 418 3829; x_wconf 83' lang='lat' dir='ltr'>verbo</span> <span class='ocrx_word' id='word_1_265' title='bbox 467 3783 659 3847; x_wconf 90' lang='lat' dir='ltr'>quam</span> <span class='ocrx_word' id='word_1_266' title='bbox 705 3761 962 3849; x_wconf 86' lang='lat' dir='ltr'>scriptis</span> <span class='ocrx_word' id='word_1_267' title='bbox 1009 3758 1440 3828; x_wconf 70' lang='lat' dir='ltr'>confirmavit*</span> <span class='ocrx_word' id='word_1_268' title='bbox 1485 3763 1864 3829; x_wconf 88' lang='lat' dir='ltr'>sententiam</span> <span class='ocrx_word' id='word_1_269' title='bbox 1909 3761 2101 3846; x_wconf 86' lang='lat' dir='ltr'>legati</span> <span class='ocrx_word' id='word_1_270' title='bbox 2146 3763 2245 3829; x_wconf 89' lang='lat' dir='ltr'>sui</span> <span class='ocrx_word' id='word_1_271' title='bbox 2287 3761 2581 3846; x_wconf 80' lang='lat' dir='ltr'>magistri</span> 
     </span>
     <span class='ocr_line' id='line_1_30' title="bbox 237 3877 2582 3965; baseline -0 -21"><span class='ocrx_word' id='word_1_272' title='bbox 237 3877 531 3962; x_wconf 76' lang='lat' dir='ltr'>Thomas,</span> <span class='ocrx_word' id='word_1_273' title='bbox 577 3899 768 3965; x_wconf 86' lang='lat' dir='ltr'>quam</span> <span class='ocrx_word' id='word_1_274' title='bbox 798 3879 867 3946; x_wconf 90' lang='lat' dir='ltr'>in</span> <span class='ocrx_word' id='word_1_275' title='bbox 897 3878 1253 3965; x_wconf 87' lang='lat' dir='ltr'>predictum</span> <span class='ocrx_word' id='word_1_276' title='bbox 1283 3878 1702 3961; x_wconf 90' lang='lat' dir='ltr'>H(einricum)</span> <span class='ocrx_word' id='word_1_277' title='bbox 1737 3879 2116 3962; x_wconf 85' lang='lat' dir='ltr'>dictaverat3</span> <span class='ocrx_word' id='word_1_278' title='bbox 2165 3883 2262 3945; x_wconf 92' lang='lat' dir='ltr'>set</span> <span class='ocrx_word' id='word_1_279' title='bbox 2303 3878 2460 3964; x_wconf 90' lang='lat' dir='ltr'>ipse,</span> <span class='ocrx_word' id='word_1_280' title='bbox 2506 3883 2582 3944; x_wconf 91' lang='grc'>111</span> 
     </span>
     <span class='ocr_line' id='line_1_31' title="bbox 238 3992 2581 4080; baseline -0 -20"><span class='ocrx_word' id='word_1_281' title='bbox 238 3992 470 4062; x_wconf 83' lang='grc'>(1111111111</span> <span class='ocrx_word' id='word_1_282' title='bbox 519 4001 633 4080; x_wconf 88' lang='grc'>681,</span> <span class='ocrx_word' id='word_1_283' title='bbox 682 4002 747 4062; x_wconf 89' lang='grc'>61</span> <span class='ocrx_word' id='word_1_284' title='bbox 792 4018 831 4062; x_wconf 88' lang='grc'>8</span> <span class='ocrx_word' id='word_1_285' title='bbox 875 3995 1076 4080; x_wconf 83' lang='lat' dir='ltr'>gradu</span> <span class='ocrx_word' id='word_1_286' title='bbox 1123 4001 1188 4062; x_wconf 91' lang='grc'>61</span> <span class='ocrx_word' id='word_1_287' title='bbox 1232 3994 1310 4060; x_wconf 90' lang='lat' dir='ltr'>ab</span> <span class='ocrx_word' id='word_1_288' title='bbox 1357 3994 1576 4061; x_wconf 89' lang='lat' dir='ltr'>ordine</span> <span class='ocrx_word' id='word_1_289' title='bbox 1618 3995 2079 4063; x_wconf 87' lang='lat' dir='ltr'>aecclesiastico</span> <span class='ocrx_word' id='word_1_290' title='bbox 2116 4014 2259 4061; x_wconf 90' lang='lat' dir='ltr'>eum</span> <span class='ocrx_word' id='word_1_291' title='bbox 2289 3993 2581 4080; x_wconf 84' lang='lat' dir='ltr'>deposuit</span> 
     </span>
     <span class='ocr_line' id='line_1_32' title="bbox 241 4109 2577 4198; baseline 0 -23"><span class='ocrx_word' id='word_1_292' title='bbox 241 4113 326 4195; x_wconf 85' lang='lat' dir='ltr'>et,</span> <span class='ocrx_word' id='word_1_293' title='bbox 375 4117 682 4197; x_wconf 84' lang='lat' dir='ltr'>tanquam</span> <span class='ocrx_word' id='word_1_294' title='bbox 726 4112 1192 4179; x_wconf 91' lang='lat' dir='ltr'>inobedientem</span> <span class='ocrx_word' id='word_1_295' title='bbox 1235 4111 1430 4178; x_wconf 91' lang='lat' dir='ltr'>immo</span> <span class='ocrx_word' id='word_1_296' title='bbox 1476 4132 1625 4179; x_wconf 84' lang='lat' dir='ltr'>vero</span> <span class='ocrx_word' id='word_1_297' title='bbox 1674 4116 1890 4198; x_wconf 88' lang='lat' dir='ltr'>aperte</span> <span class='ocrx_word' id='word_1_298' title='bbox 1934 4110 2263 4194; x_wconf 84' lang='lat' dir='ltr'>rebellem,</span> <span class='ocrx_word' id='word_1_299' title='bbox 2321 4109 2577 4175; x_wconf 92' lang='lat' dir='ltr'>anathe-</span> 
     </span>
     <span class='ocr_line' id='line_1_33' title="bbox 239 4223 2576 4314; baseline -0.002 -21"><span class='ocrx_word' id='word_1_300' title='bbox 239 4228 420 4295; x_wconf 79' lang='lat' dir='ltr'>matis</span> <span class='ocrx_word' id='word_1_301' title='bbox 481 4227 796 4295; x_wconf 88' lang='lat' dir='ltr'>sententia</span> <span class='ocrx_word' id='word_1_302' title='bbox 848 4227 1140 4314; x_wconf 89' lang='lat' dir='ltr'>perculit.</span> <span class='ocrx_word' id='word_1_303' title='bbox 1211 4227 1528 4306; x_wconf 85' lang='lat' dir='ltr'>Quantum</span> <span class='ocrx_word' id='word_1_304' title='bbox 1582 4248 1732 4295; x_wconf 84' lang='lat' dir='ltr'>vero</span> <span class='ocrx_word' id='word_1_305' title='bbox 1783 4227 2104 4314; x_wconf 87' lang='lat' dir='ltr'>piaculum</span> <span class='ocrx_word' id='word_1_306' title='bbox 2147 4226 2234 4296; x_wconf 88' lang='lat' dir='ltr'>sit</span> <span class='ocrx_word' id='word_1_307' title='bbox 2275 4223 2433 4291; x_wconf 92' lang='lat' dir='ltr'>illud</span> <span class='ocrx_word' id='word_1_308' title='bbox 2475 4244 2576 4290; x_wconf 87' lang='lat' dir='ltr'>re-</span> 
     </span>
     <span class='ocr_line' id='line_1_34' title="bbox 239 4343 2574 4431; baseline -0.002 -20"><span class='ocrx_word' id='word_1_309' title='bbox 239 4343 439 4431; x_wconf 80' lang='lat' dir='ltr'>cipere</span> <span class='ocrx_word' id='word_1_310' title='bbox 503 4345 670 4430; x_wconf 91' lang='lat' dir='ltr'>quod</span> <span class='ocrx_word' id='word_1_311' title='bbox 712 4344 1001 4411; x_wconf 87' lang='lat' dir='ltr'>Romana</span> <span class='ocrx_word' id='word_1_312' title='bbox 1057 4344 1361 4412; x_wconf 86' lang='lat' dir='ltr'>aecclesia</span> <span class='ocrx_word' id='word_1_313' title='bbox 1412 4345 1683 4431; x_wconf 89' lang='lat' dir='ltr'>respuit,</span> <span class='ocrx_word' id='word_1_314' title='bbox 1740 4363 2063 4411; x_wconf 88' lang='lat' dir='ltr'>sacrorum</span> <span class='ocrx_word' id='word_1_315' title='bbox 2106 4362 2417 4409; x_wconf 87' lang='lat' dir='ltr'>canonum</span> <span class='ocrx_word' id='word_1_316' title='bbox 2461 4360 2574 4427; x_wconf 90' lang='lat' dir='ltr'>pa-</span> 
     </span>
    </p>
   </div>
   <div class='ocr_carea' id='block_1_3' title="bbox 373 4494 2572 4661">
    <p class='ocr_par' dir='ltr' id='par_1_3' title="bbox 373 4494 2572 4661">
     <span class='ocr_line' id='line_1_35' title="bbox 373 4494 649 4543; baseline 0 -1"><span class='ocrx_word' id='word_1_317' title='bbox 373 4508 413 4542; x_wconf 73' lang='lat' dir='ltr'>a.</span> <span class='ocrx_word' id='word_1_318' title='bbox 457 4494 580 4542; x_wconf 69' lang='lat' dir='ltr'>fidae</span> <span class='ocrx_word' id='word_1_319' title='bbox 611 4514 649 4543; x_wconf 78' lang='lat' dir='ltr'>c.</span> 
     </span>
     <span class='ocr_line' id='line_1_36' title="bbox 377 4581 2572 4661; baseline -0 -16"><span class='ocrx_word' id='word_1_320' title='bbox 377 4591 427 4646; x_wconf 88' lang='lat'>1.</span> <span class='ocrx_word' id='word_1_321' title='bbox 464 4589 1007 4661; x_wconf 78' lang='lat' dir='ltr'>Brandenburgensi.</span> <span class='ocrx_word' id='word_1_322' title='bbox 1106 4591 1158 4646; x_wconf 80' lang='grc'>2.</span> <span class='ocrx_word' id='word_1_323' title='bbox 1196 4590 1361 4647; x_wconf 81' lang='lat' dir='ltr'>Dent.</span> <span class='ocrx_word' id='word_1_324' title='bbox 1387 4591 1474 4661; x_wconf 78' lang='lat'>32,</span> <span class='ocrx_word' id='word_1_325' title='bbox 1498 4590 1583 4645; x_wconf 84' lang='lat'>39.</span> <span class='ocrx_word' id='word_1_326' title='bbox 1675 4590 1728 4646; x_wconf 85' lang='lat'>3.</span> <span class='ocrx_word' id='word_1_327' title='bbox 1764 4588 1993 4648; x_wconf 76' lang='lat' dir='ltr'>Thoma-</span> <span class='ocrx_word' id='word_1_328' title='bbox 2084 4581 2135 4643; x_wconf 82' lang='grc'>’4.</span> <span class='ocrx_word' id='word_1_329' title='bbox 2174 4602 2263 4661; x_wconf 84' lang='lat' dir='ltr'>ep.</span> <span class='ocrx_word' id='word_1_330' title='bbox 2280 4586 2352 4644; x_wconf 79' lang='lat'>84</span> <span class='ocrx_word' id='word_1_331' title='bbox 2373 4603 2428 4661; x_wconf 84' lang='lat' dir='ltr'>p.</span> <span class='ocrx_word' id='word_1_332' title='bbox 2451 4587 2572 4644; x_wconf 86' lang='lat'>158.</span> 
     </span>
    </p>
   </div>
  </div>
 </body>
</html>
