3319 5242
569 598 594 651 1
605 597 704 651 14⁷

518 684 556 715 c.
574 670 683 716 Dec.
701 672 756 717 21

618 3470 757 3524 1148

799 430 927 500 228
1466 448 1763 497 wmALm
1807 446 2179 497 arrs‘roms
2224 447 2328 495 146.
2366 446 2469 494 14¹1.

795 598 1018 658 ventus
1084 597 1298 659 noster
1366 613 1444 660 ex
1511 592 1801 660 instituto
1870 591 1951 658 ad
2017 590 2395 676 colloquium
2453 588 2790 656 convenire
2853 586 3101 656 debebat-

795 708 973 774 Hanc
1027 729 1174 793 ergo
1230 709 1785 796 inpossibilitatem
1841 728 1983 775 cum
2039 707 2399 795 prepositus
2454 712 2669 772 noster
2720 705 2933 789 legato
2985 703 3105 770 insi-

795 831 1071 909 nuasset,
1117 824 1423 912 colloquio
1469 847 1668 911 usque
1713 826 1783 891 in
1826 825 2174 891 crastinum
2209 822 2425 906 dilato,
2474 842 2618 889 cum
2647 824 2930 909 primum
2959 840 3107 887 mane

796 941 1135 1026 illuxisset,
1192 942 1346 1009 item
1403 942 1600 1009 accito
1658 942 1982 1028 preposito
2038 942 2242 1007 denuo
2298 940 2612 1026 precepit,
2668 945 2742 1005 ut
2791 936 3109 1024 capitulum

794 1056 1000 1141 fieret,
1060 1060 1127 1124 in
1187 1078 1309 1144 quo
1367 1078 1510 1125 cum
1567 1057 1871 1124 fratribus
1928 1057 2190 1124 verbum
2234 1057 2486 1123 faceret.
2566 1056 2720 1122 Non
2777 1069 2865 1121 est
2940 1052 3111 1138 inquit

793 1175 1150 1260 prepositus
1221 1179 1426 1240 nostri
1481 1178 1755 1256 ordinis,
1831 1189 1959 1240 tam
2014 1177 2323 1240 matutina
2382 1174 2540 1238 hora
2591 1173 2944 1259 capitulum
2993 1193 3112 1236 con·

792 1296 1017 1357 venire.
1091 1291 1202 1358 Set
1251 1310 1396 1357 cum
1439 1289 1547 1356 ille
1590 1291 1883 1357 recedere
1927 1290 2255 1357 festinaret
2299 1307 2416 1356 nec
2458 1288 2681 1354 horam
2724 1286 2992 1373 capituli
3028 1305 3114 1352 ex·

791 1412 1044 1493 pectare
1090 1413 1332 1494 posset,
1387 1406 1645 1473 tandem
1690 1406 1759 1472 in
1802 1411 2112 1474 conventu
2159 1409 2304 1471 ante
2360 1404 2583 1471 horam
2638 1403 2907 1470 terciam
2965 1402 3115 1470 nobis

794 1543 872 1590 ex
925 1523 1372 1590 consuetudine
1415 1523 1674 1589 lectioni
1717 1522 2084 1590 vacantibus
2143 1520 2449 1588 adductus
2506 1526 2603 1587 est
2658 1520 2829 1587 idem
2888 1524 3116 1606 aposto·

791 1638 950 1705 licae
1006 1640 1174 1706 sedis
1230 1639 1508 1723 legatus3
1573 1644 1636 1705 et
1694 1640 1916 1706 sedens
1961 1640 2129 1705 inter
2172 1659 2287 1704 nos
2301 1686 2320 1721 ,
2379 1638 2547 1703 inter
2591 1636 2720 1702 alia
2762 1655 2929 1721 quae
2974 1654 3115 1702 com·

792 1757 1036 1822 monuit
1091 1755 1426 1839 diligenter
1480 1756 1837 1840 inquisivit,
1896 1775 2008 1823 cur
2064 1755 2406 1840 dissipatus
2453 1758 2620 1820 esset
2659 1752 2996 1819 thesaurus
3035 1768 3117 1817 ec·

793 1871 1020 1937 clesiae
1078 1877 1350 1939 nostrae.
1431 1870 1548 1938 Cui
1607 1893 1721 1958 per
1774 1872 2050 1958 priorem
2108 1875 2175 1937 et
2227 1869 2617 1957 prepositum
2676 1874 2968 1935 nostrum
3023 1867 3117 1932 boc

795 1987 1013 2065 ordine
1068 1987 1539 2074 respondimus:
1608 1992 1886 2076 Propter
1942 2010 2325 2053 communem
2376 1990 2794 2053 necessitatem
2851 1986 3120 2050 ecelesiae

797 2107 1117 2190 quandam
1152 2118 1402 2191 partem
1447 2106 1881 2175 thesaurorum
1923 2108 1993 2169 in
2039 2106 2335 2170 aecclesia
2383 2127 2459 2170 ex
2497 2106 2812 2169 comuni
2838 2123 3120 2167 consensu

795 2223 1061 2307 capituli
1100 2225 1306 2287 nostri
1347 2223 1622 2303 adimus,
1674 2236 1731 2287 et
1775 2222 2083 2308 quasdam
2118 2224 2542 2306 possessiones
2573 2220 2862 2284 ecelesiae
2890 2231 3121 2284 nostrae

793 2338 976 2403 valde
1027 2339 1207 2403 utiles
1256 2361 1330 2403 ex
1377 2342 1462 2403 eis
1508 2340 2031 2425 conquisivimus3
2083 2337 2332 2422 reliqua
2378 2340 2591 2402 omnia
2636 2340 2881 2422 integra
2927 2339 2996 2400 in
3037 2355 3119 2398 ec-

794 2455 984 2518 clesia
1043 2468 1404 2519 conservata
1459 2468 1622 2520 sunt.
1695 2455 1799 2518 Ea
1849 2475 2027 2533 vero,
2088 2475 2251 2539 quae
2294 2476 2462 2517 nunc
2495 2465 2765 2539 propter
2806 2456 3121 2517 instantem

792 2573 1210 2636 necessitatem
1254 2575 1626 2658 accepimus,
1682 2592 1983 2657 reparare
2029 2582 2086 2634 et
2126 2572 2445 2635 restituere
2488 2572 2858 2657 quantocius
2894 2568 3121 2656 poteri-

793 2709 931 2750 mus
972 2688 1113 2752 Deo
1154 2701 1463 2753 annuente
1494 2691 1966 2775 proposuimus.
2039 2685 2154 2751 His
2197 2685 2428 2751 auditis
2460 2685 2776 2771 acquievit
2802 2704 2921 2752 nec
2950 2701 3126 2770 super

792 2799 911 2867 hoc
955 2801 1144 2868 verbo
1190 2803 1523 2888 quicquam
1569 2803 1839 2889 amplius
1884 2802 2314 2886 interrogavit.
2387 2802 2623 2870 Valete.

805 3090 973 3160 147.
1015 3095 1319 3161 Iohannes
1374 3099 1653 3161 notarius
1696 3097 1775 3160 R.
1806 3098 2087 3183 principi
2143 3107 2200 3160 et
2241 3096 2519 3161 Ricardo
2579 3097 2786 3160 comiti
2829 3095 3129 3186 siyniflcat

1018 3211 1094 3275 de
1138 3211 1434 3299 VVeit'onis
1492 3235 1629 3276 cum
1674 3212 1947 3298 Royerio
2001 3235 2143 3298 φερε
2192 3211 2446 3276 Siciliae
2475 3210 2742 3298 foedere
2791 3211 2985 3298 deque
3031 3232 3129 3273 cu·

1015 3328 1152 3390 riae
1197 3328 1520 3391 Romanae
1565 3327 1850 3391 consiliis.
2816 3322 2922 3406 (M.
2957 3323 3128 3396 239.)

973 3456 1337 3525 Karissimis
1376 3459 1644 3525 dominis
1678 3460 1807 3525 suis
1839 3457 1909 3524 R.
1937 3459 2212 3545 principi
2243 3465 2305 3525 et
2335 3459 2549 3524 comiti
2580 3457 2884 3525 Ricardo·
2914 3457 3129 3524 Iohan-

794 3592 905 3638 nes
951 3574 1254 3658 notarius,
1303 3594 1518 3640 eorum
1564 3573 1985 3659 fidelissimus,
2034 3574 2303 3640 salutem
2349 3580 2412 3642 et
2457 3574 2779 3641 servitutis
2819 3571 3126 3660 obsequia.

972 3687 1092 3755 Per
1147 3690 1359 3755 omnia
1414 3690 1590 3756 vobis
1650 3689 1853 3757 fidelis
1900 3690 2206 3774 existenS,
2269 3711 2430 3776 quae
2475 3692 2602 3757 scio
2661 3690 2841 3757 vobis
2887 3687 3129 3757 notifico

795 3809 858 3870 et
901 3804 970 3869 in
1015 3805 1239 3890 quibus
1283 3825 1541 3891 possum
1587 3807 1917 3872 servitium
1960 3807 2173 3874 reddo.
2248 3807 2474 3874 Sciatis
2520 3808 2765 3892 itaque,
2822 3805 3127 3886 Gnatum,

794 3919 1006 3987 domni
1063 3922 1230 4005 regis
1277 3921 1594 3988 Counradi
1647 3923 2066 4009 proditorem,
2124 3944 2267 3989 cum
2315 3923 2522 3990 Siculo
2582 3924 2947 3990 concordem
2991 3938 3129 3986 esse

790 4057 1209 4122 magnamque
1254 4039 1588 4123 pecuniam
1641 4039 1720 4104 ab
1779 4061 1850 4105 eo
1920 4040 2253 4126 accepisse.
2324 4039 2409 4105 Et
2462 4039 2625 4106 clam
2673 4042 2865 4107 ductu
2919 4035 3127 4104 Cencii

791 4151 1142 4246 Fraiapane
1202 4159 1266 4219 et
1322 4153 1648 4238 Gataguefi
1707 4153 1968 4220 Romam
2028 4157 2282 4222 transiit
2301 4151 2331 4220 ¹.
2404 4153 2708 4223 Homines
2765 4162 2969 4223 tamen
3030 4150 3130 4217 sui

792 4288 933 4334 cum
981 4276 1247 4355 quatuor
1295 4269 1658 4337 Sarracenis
1706 4277 1770 4336 et
1811 4271 2076 4337 totidem
2123 4272 2457 4339 dextrariis
2505 4271 2700 4340 Rome
2746 4274 2785 4339 ό,
2830 4268 3129 4340 senatori-

790 4384 907 4451 bus
965 4387 1133 4472 capti
1181 4391 1244 4452 et
1289 4387 1535 4453 dimissi
1579 4387 1773 4452 fuere.
1852 4386 1973 4465 Qui
2016 4387 2261 4454 litteras
2308 4409 2387 4455 ex
2434 4395 2613 4475 parte
2663 4389 2857 4457 Siculi
2901 4385 3127 4454 Frede-

935 4540 975 4572 α.
1019 4526 1101 4572 Ru:
1133 4546 1172 4572 c.

935 4615 980 4667 1.
1031 4617 1267 4670 exeunte
1301 4629 1446 4671 anno
1487 4614 1641 4670 1148.
1689 4612 1755 4670 V.
1793 4614 1993 4672 librum
2028 4615 2099 4672 de
2135 4615 2386 4672 Conrado
2423 4615 2505 4672 111
2540 4630 2672 4689 rege
2707 4632 2884 4674 meum
2918 4630 2967 4686 p.
2996 4612 3122 4666 166.
