3319 5242
968 458 1281 508 muns
1325 459 1788 509 oonnnmsns
2467 441 2551 508 31

253 599 603 666 meinam
635 604 1030 689 pertinentes,
1080 625 1346 691 quarum
1389 606 1719 670 novissima
1766 615 1852 669 est
1893 605 2046 669 anni
2070 602 2229 686 840,
2278 626 2557 691 quaeque

243 738 424 781 omnes
462 720 576 782 uni
620 729 677 784 et
721 719 919 784 eidem
962 722 1179 784 manui
1213 720 1752 805 Anylosaxonicae
1798 721 2092 786 debentur
2102 744 2127 803 ;
2172 730 2241 784 ut
2284 742 2391 784 eas
2435 720 2555 783 cir·

241 834 369 897 citer
408 834 619 899 eodem
667 857 830 899 anno
875 834 1014 900 840
1056 835 1263 900 illatas
1310 859 1436 900 esse
1478 837 1726 923 liqueat.

390 948 449 1014 3.
518 950 769 1015 Deinde
825 951 948 1037 ipsi
1005 950 1330 1016 annales
1377 951 1880 1017 Corbeienses
1934 952 2011 1017 ab
2069 973 2234 1016 anno
2279 949 2414 1014 822
2472 949 2560 1016 ad

240 1087 445 1128 annum
477 1065 655 1130 1117
690 1076 929 1153 patent,
977 1068 1086 1153 qui
1127 1068 1309 1132 rebus
1353 1090 1510 1155 quas
1554 1078 1822 1132 tractant
1855 1067 2224 1154 plerumque
2270 1067 2558 1153 aequales

236 1192 368 1244 sunt.
434 1180 599 1247 Eius
641 1183 737 1246 rei
781 1183 1138 1247 documento
1187 1195 1273 1247 est
1315 1206 1614 1247 manuum
1657 1185 1945 1262 varietas,
1994 1204 2261 1270 quarum
2307 1182 2556 1269 quidem

227 1298 420 1383 prima
460 1320 587 1362 uno
636 1308 907 1385 tempore
944 1322 1045 1363 res
1066 1309 1272 1386 qestas
1303 1322 1607 1365 annorum
1636 1298 1999 1364 822-879
2034 1298 2235 1363 attulit
2241 1323 2268 1382 ‚·
2314 1321 2391 1362 ex
2435 1321 2555 1385 quo

230 1415 607 1503 perspicuum
653 1424 757 1496 est,
805 1415 1074 1479 codicem
1117 1415 1436 1479 intervallo
1485 1437 1792 1479 annorum
1831 1412 1973 1479 840
1990 1407 2007 1439 ¹
2038 1449 2108 1460 —
2148 1438 2196 1478 c.
2227 1413 2366 1479 879
2407 1415 2556 1479 Cor·

236 1528 413 1593 beiam
452 1532 581 1595 sive
612 1529 990 1595 Mona-sterio
1036 1532 1162 1595 sive
1208 1553 1283 1594 ex
1327 1531 1615 1596 coenobio
1662 1528 2069 1595 Wertbinensi
2108 1531 2379 1595 delatum
2413 1553 2556 1595 esse.

234 1641 328 1708 Ex
367 1646 687 1710 <trinalium
730 1647 1145 1733 scriptoribus,
1197 1669 1351 1734 quos
1381 1669 1561 1712 nemo
1590 1656 1771 1732 neqet
1795 1648 2153 1711 monasterii
2183 1646 2558 1712 Corbeiensis

233 1761 449 1825 sodales
477 1760 720 1850 fuisse,
766 1785 925 1825 unus
967 1762 1151 1827 modo
1200 1763 1402 1850 qualis
1430 1763 1637 1850 fuerit
1681 1762 2135 1849 quodammodo
2183 1764 2414 1849 aperit,
2473 1762 2561 1826 ad

235 1899 442 1941 annum
470 1876 657 1942 1028
686 1888 946 1942 aetatem
974 1902 1151 1942 suam
1182 1900 1681 1944 commemorans.
1754 1878 2074 1942 Caeterum
2107 1878 2559 1942 Corbeiensium

237 2004 283 2056 et
310 1992 965 2080 Quedlinburyensium
1011 1994 1330 2058 annalium
1376 1995 1749 2085 affinitatem
1783 1995 2031 2080 primus
2072 1994 2225 2060 vidit
2253 1993 2555 2080 Lappen-

235 2102 488 2195 berqius'
499 2134 528 2193 ,·
587 2109 727 2173 licet
780 2110 968 2174 obstet
1021 2121 1148 2174 tam
1195 2111 1421 2197 exiqua
1473 2133 1684 2173 ret-tom
1730 2112 2131 2174 communitas
2140 2103 2183 2191 ⁸,
2233 2111 2558 2197 quominus

233 2244 340 2310 qua
379 2227 625 2290 ratione
670 2248 991 2290 consensus
1033 2226 1137 2291 ille
1183 2226 1434 2315 effectus
1476 2228 1556 2290 sit
1598 2236 1885 2291 accurate
1921 2227 2390 2312 perspicianms.

385 2342 446 2406 4.
519 2341 672 2406 Post
714 2343 967 2427 triqinta
997 2340 1146 2429 sere
1192 2365 1388 2406 annos
1433 2364 1621 2429 quam
1652 2340 1950 2433 ‘monachi
1994 2342 2306 2427 adauyere
2352 2343 2561 2408 breves

232 2457 465 2522 annales
519 2479 667 2520 suos
716 2456 1071 2521 destiterunt
1081 2507 1100 2538 ‚
1160 2457 1441 2523 Wibaldo
1499 2481 1663 2522 anno
1710 2457 1893 2522 1146
1949 2459 2168 2523 abbate
2206 2456 2386 2545 sacto
2432 2468 2558 2521 stu-

231 2570 448 2661 diisque
492 2573 841 2639 litterarum
888 2573 1182 2640 Corbeiae
1239 2597 1454 2639 rursus
1500 2575 1776 2639 excitatis
1785 2624 1804 2654 ‚
1861 2574 2145 2640 uberiore
2201 2574 2560 2638 narratione

229 2709 312 2750 res
342 2689 732 2755 Corbeienses
778 2691 957 2753 annis
996 2689 1447 2755 1145-1147
1486 2704 1692 2778 qestas
1734 2713 1863 2753 una
1910 2713 2047 2755 cum
2081 2690 2562 2754 narratiunculis

229 2805 583 2888 quibusdam
629 2807 855 2892 priora
914 2816 1193 2892 tempora
1251 2807 1683 2892 attinyentibus
1749 2808 1816 2869 in
1884 2807 2267 2892 marqinibus
2333 2805 2560 2870 codicis

230 2922 403 2984 nostri
448 2922 735 3007 exposuit
775 2923 1039 3008 scriptor
1070 2920 1270 3007 paulo
1314 2923 1537 2986 rudior
1582 2933 1640 2986 et
1683 2923 1992 2985 tumidior.
2089 2921 2286 3002 Quem
2337 2921 2557 2986 cliro·

230 3035 698 3124 noyraphum
732 3036 1005 3102 Corbei
1016 3060 1262 3101 ensem
1309 3037 1752 3124 appellandum
1785 3037 2118 3101 arbitratus
2146 3060 2281 3099 sum
2312 3038 2559 3123 eiusque

230 3154 440 3238 scripta
490 3154 569 3217 ab
601 3153 753 3239 ipsis
783 3154 1109 3218 annalibus
1136 3154 1540 3239 seqreqanda,
1588 3176 1714 3216 non
1751 3152 1932 3216 modo
1965 3152 2136 3238 quod
2163 3162 2219 3216 et
2246 3150 2561 3239 referendi

229 3286 431 3350 ymen-e
496 3269 729 3355 procul
789 3269 868 3334 ab
949 3270 1193 3333 illorum
1261 3271 1550 3334 brevitate
1618 3266 1976 3350 abhorrent,
2042 3266 2154 3331 sed
2216 3277 2285 3330 ut
2352 3268 2554 3347 etiam,

232 3403 615 3472 quaecunque
668 3385 985 3471 scriptoris
1039 3383 1219 3448 buius
1263 3409 1452 3449 manu
1510 3387 1575 3448 in
1623 3384 1893 3448 codicem
1948 3385 2183 3469 inqesta
2240 3405 2365 3447 esse
2407 3383 2555 3463 vidi,

236 3518 295 3560 ea
336 3500 548 3564 omnia
592 3523 782 3564 unum
827 3500 939 3564 sub
986 3511 1294 3586 aspectum
1336 3501 1732 3564 subiciantur.
1802 3500 2049 3564 Nomen
2079 3497 2352 3562 historici
2380 3500 2556 3585 iyno-

231 3625 389 3679 ratur
444 3638 643 3703 neque
700 3616 1037 3703 quidquam
1094 3616 1271 3680 aliud
1326 3615 1401 3679 de
1459 3638 1527 3680 eo
1586 3616 1822 3680 ostendi
1864 3625 2098 3702 potest,
2167 3616 2289 3679 nisi
2339 3638 2556 3680 mona·

229 3732 381 3794 nterii
424 3733 803 3797 Corbeiensis
844 3732 1047 3796 medio
1091 3732 1292 3796 seculo
1324 3730 1472 3796 XII
1486 3731 1692 3820 fuisse
1734 3724 2001 3795 socium⁴
2047 3753 2332 3818 annoque
2371 3729 2558 3795 1147

231 3840 571 3930 leqationis⁸
617 3847 831 3938 officio
876 3849 944 3922 in
989 3848 1277 3912 coenobio
1325 3846 1726 3912 Kemnatensi
1753 3846 2046 3935 sunctum
2093 3870 2234 3911 esse.

394 3963 681 4027 Berolini
721 3962 769 4028 8
811 3959 959 4028 Idus
1007 3961 1297 4028 Octobres
1342 3987 1397 4027 a.
1431 3962 1623 4028 1863.

358 4117 411 4173 1.
447 4118 589 4175 Vide
627 4132 770 4188 quae
805 4132 972 4186 supra
1006 4117 1120 4173 dixi
1156 4117 1229 4174 de
1263 4117 1554 4174 annalibus
1588 4123 1688 4174 aut
1720 4116 2243 4178 Monastefiensibus
2277 4121 2376 4172 aut
2402 4116 2558 4174 Ποτ-

234 4201 587 4263 thinemibus.
708 4209 760 4263 2.
807 4207 865 4262 in
898 4205 1109 4262 Archiv
1145 4205 1236 4263 fiir
1269 4207 1440 4264 filtere
1476 4207 1745 4264 deutsche
1782 4206 1983 4265 Geoch.
2019 4207 2116 4263 VI.
2141 4207 2265 4262 641.
2382 4207 2435 4261 3.
2482 4206 2556 4261 ad

230 4307 392 4352 annos
426 4296 545 4365 829,
568 4296 693 4364 844,
718 4295 839 4365 885,
864 4296 986 4366 866,
1022 4297 1143 4366 873,
1170 4297 1292 4366 929,
1318 4298 1438 4366 933,
1465 4297 1588 4353 937.
1696 4297 1749 4352 4.
1786 4297 1844 4351 id
1879 4297 1999 4366 ipse
2034 4295 2352 4364 saepissime
2387 4295 2556 4365 signi·

231 4378 349 4440 fleat
380 4384 484 4442 hoc
521 4385 714 4442 modo:
759 4384 1147 4456 „affirmabant
1181 4384 1356 4456 fures,
1402 4401 1506 4443 noa
1540 4386 1685 4441 velle
1721 4384 2000 4441 νενίκηκεν*
2036 4391 2141 4440 σοι
2249 4385 2303 4440 6.
2338 4383 2410 4440 de
2446 4399 2557 4453 qua

232 4471 349 4529 vide
383 4490 521 4544 quae
557 4474 719 4530 affert
753 4475 824 4530 ad
859 4491 1064 4531 annum
1103 4475 1266 4530 1147:
1312 4505 1413 4545 „—
1433 4474 1565 4531 dum
1614 4474 1886 4545 fungebar
1920 4474 1978 4529 in
2012 4474 2194 4529 locum
2231 4473 2412 4544 ipsum
2449 4471 2554 4527 fra·

234 4563 368 4618 &nm
405 4571 710 4621 nostrorum
747 4563 819 4621 ad
855 4564 1120 4623 decanam
1157 4570 1216 4621 et
1249 4565 1662 4634 prepositi-seam
1699 4563 2012 4634 legatione“
2048 4567 2154 4619 cet.
