3319 5242
759 397 888 463 144
1542 414 1840 462 wmALm
1880 413 2212 462 nms‘rom
2251 413 2328 459 es.

759 556 882 626 68.
932 558 1238 624 Henricus
1292 558 1725 623 Romanorum
1794 580 1909 622 rex
1960 557 2249 643 Euqem’o
2297 554 2410 621 HI
2441 578 2662 642 papae
2719 554 3106 619 commendat

933 673 1272 738 Hem-ioum
1303 675 1834 761 archiepiscopum
1860 673 2296 760 Moyuneinum
2327 683 2385 737 et
2420 671 2770 737 Wibaldum
2802 672 3106 736 abbatem.

930 791 1036 855 De
1082 793 1318 877 Aynete
1363 792 1607 855 ducissa
1654 790 1957 855 Polom'ae
1999 789 2379 855 restituenda
2421 787 2720 853 hortatur.
2824 783 2938 866 (Μ.
2972 784 3107 865 56.)

561 933 697 989 1147
931 922 1358 989 Dilectissimo
1404 924 1473 988 in
1515 921 1768 989 Christo
1815 923 1986 1008 patri
2024 921 2310 1004 Eugenio
2356 939 2603 987 summo
2650 924 2714 986 et
2755 918 3108 985 universali

542 1021 581 1054 ο·
607 1007 719 1053 060·
753 1037 1035 1126 pontifici
1079 1039 1387 1106 Henricus
1419 1038 1540 1105 Dei
1584 1039 1792 1124 gratia
1835 1037 2261 1104 Romanorum
2300 1057 2415 1103 rex
2458 1036 2716 1103 filialem
2741 1056 2860 1122 per
2891 1036 3109 1102 omnia

755 1155 1152 1223 dilectionem
1197 1162 1262 1222 et
1304 1156 1585 1222 debitam
1629 1156 1699 1221 in
1745 1154 2018 1221 Domino
2065 1155 2504 1221 reverentiam.

934 1272 1269 1338 Sanctitati
1337 1277 1585 1339 vestrae
1658 1272 1809 1337 totis
1879 1272 2075 1338 animi
2141 1272 2384 1338 viribus
2450 1270 2684 1337 multas
2750 1261 3106 1353 gratiarum

755 1387 1031 1456 actiones
1088 1388 1420 1456 referimus
1434 1439 1453 1471 ,
1524 1388 1692 1474 quod
1745 1387 1986 1472 legatos
2044 1393 2295 1454 nostros
2354 1393 2418 1454 et
2469 1387 2716 1454 litteras
2772 1383 3106 1452 affectione

752 1510 1022 1591 paterna
1065 1506 1453 1591 suscepistis,
1501 1510 1567 1570 et
1596 1504 1978 1571 dulcissimis
2007 1505 2329 1592 responsis
2358 1505 2587 1570 vestris
2615 1508 2905 1570 nostram
2937 1508 3107 1570 aeta-

752 1626 883 1688 tem
940 1621 1021 1688 ad
1078 1621 1328 1689 divinae
1374 1621 1699 1705 religionis
1744 1620 1985 1687 cultum
2030 1626 2095 1687 et
2140 1627 2394 1688 sanctae
2441 1620 2777 1688 aecclesiae
2823 1640 3107 1686 amorem

753 1737 1021 1821 benigne
1064 1738 1488 1821 informastis,
1550 1742 1613 1803 et
1659 1737 1737 1804 de
1784 1737 2073 1804 absentia
2115 1738 2319 1805 incliti
2363 1739 2566 1825 patris
2611 1736 2848 1821 nostri,
2912 1735 3111 1803 vestri

752 1853 971 1938 utique
1016 1854 1408 1920 devotissimi
1451 1851 1597 1938 filii,
1654 1855 1831 1940 piam
1879 1860 1943 1920 et
1989 1853 2306 1922 efficacem
2352 1854 2844 1921 consolationem
2860 1863 2883 1888 ·
2935 1853 3111 1919 exhi-

752 1969 998 2036 buistis.
1068 1970 1311 2037 Vestris
1359 1990 1506 2054 ergo
1554 1970 1723 2056 apud
1755 1969 1962 2037 Deum
1997 1971 2560 2038 intervenientibus
2590 1969 2856 2053 meritis,
2910 1990 3109 2055 quan-

753 2091 891 2152 tum
945 2106 1061 2172 per
1111 2087 1314 2173 ipsius
1360 2088 1632 2171 gratiam
1678 2091 1885 2153 aetate
1931 2092 1995 2153 et
2037 2087 2355 2154 industria
2397 2085 2698 2174 proficere
2741 2106 3106 2173 possumus,

751 2203 1146 2269 tantumdem
1201 2204 1270 2269 in
1324 2210 1572 2271 vestrae
1630 2224 1938 2291 personae
1997 2210 2061 2271 et
2105 2209 2540 2271 sacrosanctae
2583 2203 2906 2269 Romanae
2971 2221 3106 2269 aee-

753 2318 978 2386 clesiae
1048 2320 1447 2386 dilectionem
1514 2341 1588 2387 ac
1652 2322 1847 2387 totius
1916 2320 2258 2388 catholicae
2318 2320 2618 2388 ecclesiae
2675 2319 3106 2386 defensionem

754 2437 1112 2502 crescimus.
1185 2435 1509 2521 Siquidem
1565 2443 1748 2524 pater
1792 2443 2037 2522 noster,
2100 2438 2139 2504 a
2180 2437 2361 2504 nobis
2407 2438 2524 2504 sub
2566 2435 2799 2503 vexillo
2847 2442 3105 2502 sanctae

754 2552 958 2618 crucis
1027 2553 1356 2638 recedens,
1426 2553 1581 2619 haec
1636 2552 1817 2619 nobis
1880 2574 2220 2642 supprema
2277 2559 2340 2620 et
2394 2552 2764 2619 multociens
2831 2554 3105 2640 repetita

752 2670 1053 2736 mandata
1106 2670 1393 2756 reliquit,
1453 2676 1526 2736 ut
1577 2691 1692 2736 vos
1749 2672 1912 2738 sicut
1967 2673 2178 2758 ipsum
2233 2669 2411 2736 filiali
2468 2676 2533 2737 et
2587 2670 2812 2736 intimo
2874 2669 3104 2738 affectu

752 2785 1189 2871 diligeremuS,
1246 2791 1316 2852 ut
1374 2787 1413 2853 a
1467 2787 1677 2871 vobis,
1739 2792 2042 2873 tanquam
2101 2788 2141 2853 a
2192 2785 2557 2854 fidelissimo
2614 2788 2800 2853 etatis
2848 2793 3103 2854 nostrae

750 2907 981 2986 tutore,
1027 2924 1247 2970 verum
1295 2903 1626 2970 consilium
1674 2909 1737 2970 et
1783 2909 2144 2990 competens
2193 2904 2574 2971 adiutorium
2612 2905 2682 2969 in
2710 2904 2886 2969 omni
2918 2924 3103 2991 opor-

750 3018 1021 3086 tunitate
1064 3025 1285 3086 nostra
1330 3041 1747 3106 speraremus.
1818 3020 1891 3086 In
1938 3041 2059 3105 quo
2106 3021 2376 3087 traditae
2417 3020 2598 3087 nobis
2632 3021 2708 3087 ab
2739 3021 2880 3106 ipso
2914 3020 3104 3087 disci·

749 3134 963 3221 plinae
1006 3137 1332 3222 proposito
1381 3142 1743 3203 constanter
1786 3143 2247 3223 permanenteS,
2301 3137 2711 3204 reverendam
2755 3136 2941 3203 nobis
2987 3157 3105 3224 pa-

752 3253 1116 3317 ternitatem
1158 3258 1437 3319 vestram
1484 3253 1590 3339 pio
1639 3253 1848 3319 studio
1895 3253 2263 3338 salutamus,
2318 3258 2590 3336 orantes,
2636 3258 2708 3319 ut
2751 3253 3102 3339 peticiones

751 3373 1024 3451 nostras,
1071 3390 1230 3454 quae
1274 3369 1345 3434 in
1390 3369 1688 3435 subiectis
1732 3369 2063 3454 habentur,
2109 3370 2280 3435 intra
2310 3369 2647 3436 efficatiam
2677 3370 3098 3449 exauditionis

752 3484 1121 3550 admittatis.
1282 3484 1566 3551 Primum
1614 3486 1886 3571 quidem,
1931 3492 2004 3552 ut
2049 3486 2455 3553 karissimum
2500 3485 2681 3552 nobis
2726 3490 2978 3571 patrem
3027 3505 3100 3552 ac

750 3606 1187 3686 preceptorem
1256 3607 1444 3687 atque
1515 3601 1866 3669 adiutorem
1933 3607 2220 3670 nostrum
2274 3602 2619 3669 Henricum
2672 3602 3097 3677 venerabilem

749 3715 1189 3801 Moguntinum
1237 3717 1776 3805 archiepiscopum
1827 3739 1943 3785 nec
1998 3740 2128 3786 non
2184 3718 2340 3786 alios
2389 3719 2916 3805 archiepiscopos,
2964 3718 3096 3805 epi-

752 3852 995 3919 scopos,
1045 3834 1322 3919 abbates,
1369 3836 1724 3921 prepositos
1771 3856 1882 3902 seu
1927 3842 2167 3903 ceteras
2212 3857 2536 3922 personas»,
2585 3855 2744 3921 quae
2790 3835 2868 3901 de
2901 3853 3094 3918 regno

749 3950 952 4035 patris
997 3950 1198 4016 nostri
1213 3950 1259 4035 ⁶,
1308 3952 1389 4017 ad
1432 3952 1609 4018 cuius
1656 3953 2114 4019 successionem
2145 3951 2266 4019 Dei
2308 3952 2616 4037 largiente
2660 3951 3097 4018 misericordia

751 4065 1026 4132 ordinati
1071 4087 1307 4151 sumus,
1369 4068 1449 4134 ad
1494 4074 1773 4135 vestram
1817 4069 2205 4156 presentiam
2250 4074 2598 4153 transeunt,
2645 4068 2939 4135 clementi
2984 4067 3094 4134 bo-

748 4182 951 4249 nitate
997 4183 1355 4270 suscipiatis
1406 4205 1635 4271 eosque
1683 4186 2128 4253 ammonitione
2175 4185 2412 4271 sedula,
2462 4185 2626 4270 quod
2669 4185 2987 4271 patienter
3027 4188 3097 4249 et

750 4299 999 4366 fortiter
1050 4300 1399 4367 absentiam
1443 4303 1645 4387 patris
1691 4304 1895 4368 nostri
1934 4303 2142 4368 ferant
2185 4307 2249 4368 et
2290 4307 2576 4368 nostram
2618 4302 2895 4368 indolem
2942 4300 3093 4367 edu-

751 4435 895 4484 care
953 4417 1276 4501 studeant,
1347 4416 1669 4483 exhortari
1723 4438 1852 4484 non
1908 4418 2227 4503 abnuatis,
2294 4419 2591 4504 quatinus
2650 4423 2714 4485 et
2766 4418 2894 4503 ipsi
2948 4435 3094 4483 cum

894 4555 935 4587 a·
976 4541 1107 4589 nobis
1139 4543 1367 4589 excidisse
1396 4542 1585 4589 videtur.
1712 4543 1757 4589 b.
1800 4546 1908 4590 sunt
1932 4553 2042 4604 post
2074 4545 2280 4591 additum
2312 4554 2392 4591 ut.
