3319 5242
570 1013 711 1068 1150

571 1087 702 1135 Febr.

747 395 881 463 350
1505 418 1804 466 marim
1847 418 2181 467 nns‘rom
2225 420 2332 466 281.

750 554 928 626 231.
969 557 1292 624 Conradm
1323 559 1448 625 III
1481 585 1596 627 rex
1639 561 1929 650 Enyenio
1962 562 2331 656 IIIpapaf
2373 565 2587 630 sou-ibit
2627 565 2706 630 de
2750 566 2965 651 leyats's
3006 565 3076 630 od

971 689 1109 730 eum
1153 668 1474 733 mittendis.
1559 670 1782 756 Roqat,
1830 682 1901 735 ut
1942 670 2259 759 Eilulfum
2305 672 2587 737 abbatem
2630 672 3075 738 Morbacmm

971 773 1316 863 confirmet,
1374 774 1804 865 Ottonemque,
1867 780 1976 866 qui
2020 779 2238 844 clerico
2286 780 2535 845 cuidam
2576 802 2800 844 nasum
2844 791 3075 844 trvnca-

968 882 1139 961 verit,
1189 886 1814 949 excommunicatione
1859 886 2071 951 solvat.
2772 883 2881 965 (Μ.
2917 885 3076 964 219.)

920 1002 1345 1072 Dilectissimo
1391 1007 1459 1073 in
1490 1006 1741 1073 Christo
1781 1009 1954 1094 patri
1984 1029 2095 1075 suo
2126 1007 2460 1093 E(ugenio)
2491 1015 2745 1076 sanctae
2772 1008 3076 1077 Romanae

746 1119 1082 1188 aecclesiae
1148 1142 1393 1189 summo
1450 1122 1737 1210 pontifici
1796 1123 2172 1207 C(onradus)
2230 1124 2353 1191 Dei
2411 1126 2618 1210 gratia
2668 1124 3080 1192 Romanorum

742 1256 856 1304 rex
903 1242 967 1304 et
1010 1257 1259 1325 semper
1305 1244 1607 1323 augustus
1651 1238 1913 1307 filialem
1955 1262 2070 1328 per
2116 1241 2329 1308 omnia
2374 1241 2777 1310 dilectionem
2820 1248 2889 1310 et
2924 1242 3080 1310 debi-

743 1357 878 1421 tam
921 1353 989 1420 in
1034 1352 1306 1420 Domino
1352 1356 1790 1424 reverentiam.

920 1468 1293 1556 Postquam,
1363 1470 1498 1539 Deo
1557 1473 1845 1559 propicio
1900 1478 2183 1541 nostram
2239 1473 2648 1559 fragilitatem
2704 1475 3081 1558 moderante,

743 1585 823 1652 ab
868 1586 1271 1673 expeditione
1315 1586 1872 1656 Hierosolimitana
1914 1591 2155 1658 reversi
2199 1591 2455 1676 fuimus,
2503 1598 2782 1659 vestram
2827 1592 3083 1659 beatitu-

743 1702 955 1769 dinem
1001 1701 1278 1770 salutare
1323 1708 1390 1770 et
1432 1714 1899 1773 sacrosanctam
1944 1713 2215 1774 matrem
2261 1713 2545 1776 nostram
2573 1707 2929 1775 Romanam
2961 1728 3087 1777 aec-

742 1818 1001 1886 clesiam
1045 1819 1305 1886 visitare
1356 1840 1473 1908 per
1519 1822 1818 1890 sublimes
1863 1823 2104 1908 legatos
2150 1830 2399 1891 nostros
2447 1825 2896 1912 disposuimus
2989 1824 3088 1892 Set

743 1934 880 2002 Deo
928 1937 1304 2003 extendente
1346 1957 1605 2004 manum
1652 1959 1832 2006 suam
1878 1940 1943 2005 in
1988 1941 2415 2027 retribuendo,
2463 1946 2598 2010 tam
2642 1943 2823 2026 gravi
2870 1949 2934 2009 et
2965 1947 3087 2009 tam

743 2050 992 2118 diutina
1034 2053 1345 2140 corporali
1390 2052 1759 2123 infirmitate
1805 2054 2024 2123 afflicti
2069 2078 2284 2124 sumus
2297 2108 2316 2143 ,
2371 2064 2444 2126 ut
2487 2079 2526 2124 a
2569 2058 2759 2125 rebus
2805 2059 3085 2143 gerendis

742 2186 988 2250 cessare
1033 2187 1416 2255 cogeremur.
1479 2170 1717 2239 Verum
1760 2179 2016 2259 recepta
2059 2194 2228 2241 nunc
2270 2194 2388 2261 per
2432 2174 2683 2242 divinae
2713 2175 2970 2262 pietatis
3000 2175 3085 2240 in-

742 2283 1131 2370 dulgentiam
1186 2287 1493 2373 sospitate
1506 2337 1527 2370 ,
1581 2288 1650 2353 in
1708 2289 1990 2356 eiusdem
2035 2290 2378 2358 voluntatis
2434 2291 2761 2378 proposito
2807 2311 3085 2378 perseve-

740 2405 977 2486 rantes,
1031 2401 1286 2470 eosdem
1326 2403 1568 2488 legatos
1615 2404 1698 2471 ad
1741 2399 1990 2473 vestrae
2035 2406 2427 2474 celsitudinis
2471 2409 2862 2494 presentiam
2907 2409 3085 2475 desti-

740 2537 925 2602 nare,
993 2519 1451 2586 communicato
1507 2521 1870 2608 principum
1925 2523 2217 2607 consilio,
2279 2523 2648 2609 statuimus,
2705 2531 2780 2591 ut
2832 2531 2965 2592 tam
3016 2524 3085 2590 de

742 2634 1081 2703 aecclesiae
1137 2658 1326 2723 quam
1381 2637 1460 2704 de
1503 2639 1687 2724 regni
1731 2645 1902 2707 statu
1949 2646 2013 2708 et
2054 2640 2435 2708 utilitatibus
2482 2662 2557 2708 ea
2600 2641 2928 2709 vobiscum
2967 2648 3084 2708 tra-

741 2757 913 2819 ctare
970 2758 1036 2820 et
1091 2754 1383 2820 ordinare
1440 2756 1788 2841 possimne,
1846 2777 1961 2844 per
2014 2778 2136 2843 que
2182 2763 2247 2824 et
2288 2757 2559 2846 populus
2603 2757 2983 2824 christianus
3024 2757 3084 2823 in

739 2888 898 2956 pace
957 2888 1031 2937 ac
1087 2869 1314 2937 timore
1359 2869 1481 2937 Dei
1525 2872 1739 2939 vivere
1786 2879 1850 2940 et
1893 2872 2231 2960 imperium
2275 2873 2631 2941 Romanum
2675 2874 2744 2940 in
2790 2874 3082 2962 pristinae

741 2984 1070 3069 dignitatis
1114 2985 1311 3053 robur
1352 2986 1684 3054 reformari
1730 2987 1867 3056 Deo
1913 2995 2168 3058 auctore
2212 2989 2441 3057 valeat.
2609 2990 2886 3058 Causam
2930 2990 3081 3058 Mor-

739 3102 1026 3170 bacensis
1071 3103 1441 3170 monasterii
1486 3123 1526 3169 a
1557 3103 1864 3172 latoribus
1895 3106 2304 3192 presentium,
2350 3106 2505 3174 viris
2536 3107 2756 3193 utique
2786 3107 3080 3193 religiosis

544 3231 685 3287 1149
741 3238 816 3286 ac
857 3219 1305 3306 prudentibus,
1365 3219 1615 3307 plenius
1673 3222 2025 3308 intelligere
2067 3222 2353 3312 potestis
2440 3223 2572 3302 Que
2629 3224 2699 3289 in
2758 3230 3082 3313 conspectu

512 3304 624 3353 Dec.

645 3305 705 3354 25

742 3339 807 3402 et
859 3335 928 3401 in
985 3337 1307 3422 presentia
1358 3334 1729 3405 Basiliensis
1788 3335 2121 3426 episcopiss
2176 3340 2246 3404 in
2303 3339 2479 3405 cuius
2535 3340 2877 3427 parrochia
2929 3340 3081 3406 idem

739 3454 1193 3519 monasterium
1239 3453 1548 3536 consistit,
1593 3473 1713 3521 nec
1755 3475 1882 3521 non
1928 3451 2466 3522 Constantiensis'
2493 3448 3079 3543 Bavembergensis⁸

738 3565 1172 3635 Eistadensis‘
1218 3588 1291 3635 ac
1322 3567 1676 3655 Spirensis⁶
1724 3571 2181 3658 episcoporum,
2227 3592 2345 3638 nec
2388 3593 2516 3639 non
2548 3572 2946 3640 Corbeiensis
2984 3571 3075 3637 ab·

739 3683 907 3750 batis
955 3690 1019 3750 et
1052 3684 1320 3752 aliorum
1349 3685 1695 3752 multorum
1724 3691 1860 3753 tam
1888 3687 2188 3755 abbatum
2218 3708 2410 3774 quam
2438 3687 2881 3773 religiosorum
2909 3694 3076 3774 atque

739 3799 1162 3867 litteratorum
1209 3801 1491 3868 virorum
1546 3803 1656 3869 diu
1712 3806 1986 3870 tractata
2031 3810 2095 3871 et
2139 3804 2473 3890 diligenter
2517 3805 2804 3872 discussa
2848 3810 2972 3889 est,
3019 3808 3077 3867 et

743 3937 822 3984 ex
884 3916 1104 3984 ordine
1162 3918 1317 3984 iuris
1379 3938 1452 3985 ac
1507 3920 1772 3986 rationis
1820 3920 1902 3986 ad
1943 3920 2111 3986 hunc
2154 3919 2346 3988 finem
2401 3921 2738 4008 perducta:
2798 3928 2899 4007 ut,
2945 3919 3075 4006 quia

741 4052 1001 4101 concors
1036 4034 1105 4100 in
1133 4034 1317 4101 malis
1346 4036 1580 4122 prefati
1608 4036 1979 4102 monasterii
2009 4037 2428 4121 congregatio,
2476 4036 2853 4123 quibusdam
2882 4043 3073 4104 tamen

742 4170 961 4219 eorum
1006 4150 1598 4238 contradicentibus,
1642 4173 1981 4239 personam
2026 4154 2206 4220 viciis
2254 4154 2384 4219 suis
2430 4155 2919 4221 consentientem
2961 4150 3069 4218 ele-

741 4273 949 4352 gerat,
1005 4289 1150 4352 nos,
1212 4270 1585 4336 auctoritate
1630 4269 1886 4354 regulae
1932 4269 2099 4336 beati
2142 4268 2469 4336 Benedicti
2514 4270 2717 4336 edocti
2732 4320 2751 4355 ,
2813 4267 3066 4336 adhibito

741 4385 1181 4472 episcoporum
1226 4389 1291 4451 et
1331 4384 1630 4452 abbatum
1677 4383 1996 4470 suffragio,
2043 4405 2172 4452 non
2217 4386 2479 4454 sivimus
2495 4396 2515 4422 ⁸
2562 4407 2901 4473 pravorum
2941 4402 3064 4472 pre-

882 4514 934 4633 f.
966 4500 1188 4633 ortiiss'i.
1272 4579 1325 4634 2.
1361 4576 1681 4635 normanni.
1763 4579 1815 4634 3.
1850 4577 2177 4635 eberhardi.
2259 4579 2311 4635 4.
2349 4579 2635 4637 nutandi.
2706 4581 2759 4636 5.
2799 4572 3057 4638 cunthart
