3319 5242
539 612 677 667 1156

520 688 709 732 exeunte

743 447 874 519 578
1500 467 1800 516 wmannr
1841 467 2175 517 arrs‘rona
2218 468 2327 517 us.

742 607 1106 674 detrimenti
1147 606 1594 677 reclamatione
1632 629 1771 695 nos,
1818 609 2038 677 divina
2066 615 2132 678 et
2160 615 2376 677 vestra
2402 609 2553 677 freti
2581 610 2812 694 gratia,
2857 610 2927 676 in
2954 616 3089 677 tan-

741 728 878 790 tum
931 724 1383 810 processimuS,
1442 725 1610 810 quod
1667 725 1931 793 domnus
1988 746 2161 813 papa
2203 726 2372 793 vices
2430 745 2578 793 suas
2628 726 2702 791 in
2744 725 2866 793 hac
2910 745 3092 792 causa

743 839 971 906 domno
1000 838 1562 926 Magedeburgensi
1607 840 2080 929 archiepiscopo
2100 838 2116 869 ¹
2160 837 2543 923 commisit²3
2593 842 2702 927 qui
2740 842 2935 908 etiam
2963 847 3090 907 tam

740 975 856 1022 nos
913 976 1104 1042 quam
1153 957 1456 1025 domnum
1500 958 2089 1043 osnebruggensem
2135 951 2538 1045 episcopum⁸
2583 956 2667 1022 ad
2709 958 3091 1043 presentiam

741 1091 921 1137 suam
965 1072 1031 1137 in
1079 1073 1334 1140 civitate
1377 1073 1786 1142 Merseburch
1814 1075 2123 1159 vigesima
2167 1075 2270 1141 die
2314 1074 2551 1140 mensis
2589 1069 2908 1140 Ianuarii⁴
2953 1093 3092 1140 evo-

740 1189 925 1254 cavit.
1063 1188 1262 1267 Quam
1310 1190 1388 1257 ob
1431 1212 1567 1259 rem
1613 1191 2013 1258 clementiam
2058 1196 2355 1275 vestram,
2403 1190 2481 1258 de
2526 1209 2654 1275 qua
2694 1210 2826 1256 non
2867 1208 3092 1276 parum

739 1302 1128 1390 confidimus,
1177 1306 1406 1374 obnixe
1446 1305 1826 1393 fiagitamuS,
1873 1313 1946 1373 ut
1976 1307 2178 1374 eidem
2209 1307 2438 1373 domno
2471 1305 2950 1393 archiepiscopo
2979 1305 3090 1371 im-

737 1420 1008 1506 periales
1040 1422 1251 1507 apices
1283 1422 1600 1490 destinare
1630 1423 1999 1509 dignemini,
2035 1428 2343 1509 quatenus
2374 1441 2488 1510 pro
2515 1427 2767 1490 vesu-ae
2795 1420 3089 1489 iussionis

735 1537 1092 1603 reverentia
1146 1559 1401 1606 causam
1456 1544 1742 1607 nostram
1798 1541 2069 1625 benigne
2123 1539 2431 1626 suscipiat
2481 1544 2545 1606 et
2588 1538 2726 1605 sin'e
2769 1535 3089 1605 dilationis

737 1652 1187 1738 impedimento
1235 1654 1513 1739 difiniat3
1565 1677 1685 1724 nec
1739 1657 2082 1725 aecclesiae
2126 1655 2490 1724 Gorbeiensi
2537 1653 2940 1740 aliquatenus
2986 1650 3086 1720 ob-

737 1770 940 1852 sistat,
997 1770 1163 1854 quod
1207 1770 1371 1837 dono
1419 1776 1483 1838 et
1524 1772 1877 1858 privilegiis
1924 1779 2392 1841 antecessorum
2437 1776 2794 1838 vestrorum
2840 1769 3086 1836 easdem

735 1885 1183 1954 decimationes
1232 1886 1270 1952 a
1310 1886 1752 1958 fundatoribus
1798 1890 1931 1957 suis
1964 1890 2225 1977 aceepit,
2273 1893 2338 1956 et
2364 1887 2570 1972 longis
2599 1885 2998 1975 temporibus
3024 1885 3084 1952 in

736 2001 945 2086 quiete
990 2007 1054 2069 et
1096 2020 1253 2088 pace
1294 2004 1597 2090 possedit,
1642 2010 1709 2073 et
1736 2006 1874 2075 sine
1903 2007 2077 2073 omni
2105 2005 2263 2072 iuris
2295 2004 2515 2071 ordine
2542 2021 2660 2091 per
2689 2002 3082 2070 manifestam

733 2116 1101 2185 violentiam
1145 2118 1378 2186 amisit.

911 2233 1239 2320 Preterea,
1295 2236 1647 2306 maiestatis
1694 2242 1942 2306 vestrae
1996 2236 2264 2325 pedibus
2321 2241 2387 2303 et
2438 2234 2648 2302 animo
2707 2239 2773 2301 et
2829 2253 3082 2321 corpore

735 2349 1034 2436 advoluti,
1080 2351 1377 2419 iteratam
1425 2354 1882 2438 querimoniam
1930 2354 2012 2420 ad
2038 2358 2290 2421 vestrae
2332 2350 2725 2420 celsitudinis
2771 2371 2960 2418 aures
2991 2370 3083 2417 re-

732 2468 992 2534 ferimus
1039 2467 1118 2535 de
1164 2468 1475 2536 occisione
1521 2469 1840 2537 Thideriei
1884 2469 2133 2537 comitis
2179 2468 2256 2536 de
2299 2467 2582 2552 Huxara,
2631 2466 2741 2552 qui
2783 2467 2856 2533 in
2902 2487 3082 2554 expe-

735 2583 974 2652 ditione
1019 2589 1233 2651 vestra
1275 2583 1497 2652 Italica
1547 2585 1729 2654 nobis
1776 2592 2075 2654 strennue
2119 2605 2194 2653 ac
2236 2583 2506 2652 fideliter
2550 2583 2845 2667 servivit;
2906 2603 3084 2671 quem

735 2700 1002 2786 domnus
1048 2699 1464 2768 Widekindus
1520 2701 1598 2794 de
1648 2701 2071 2770 Sualenberch
2084 2752 2103 2788 ,
2162 2701 2484 2770 sedentem
2535 2701 2603 2768 in
2646 2699 2806 2766 iuris
2854 2700 3082 2766 ditione

735 2836 870 2901 sua,
917 2836 1109 2902 quam
1151 2815 1599 2886 hereditariam
1645 2818 1769 2885 sibi
1814 2839 1854 2885 a
1898 2819 2080 2887 nobis
2123 2819 2262 2886 iure
2293 2816 2671 2902 obtinuerat,
2717 2837 2915 2903 snper
2945 2837 3081 2883 con·

734 2936 1047 2999 sectatum
1116 2932 1455 3002 aecclesiae
1517 2955 1772 3001 murum
1828 2936 2104 3022 propriis
2162 2934 2455 3002 manibus
2512 2954 2655 3008 cum
2712 2932 3082 3000 satellitibus

735 3049 866 3115 suis
909 3049 1250 3117 interemit.

913 3165 1178 3253 Insuper
1219 3171 1353 3233 tam
1382 3186 1497 3232 nos
1530 3186 1721 3253 quam
1752 3187 1969 3235 omnes
1998 3168 2225 3234 fratres
2254 3167 2460 3234 nostri
2486 3166 2812 3254 potentiae
2840 3173 3082 3235 vestrae

733 3279 1025 3350 flebiliter
1070 3282 1533 3369 conquerimur,
1580 3282 1748 3368 quod
1793 3302 2000 3351 comes
2047 3284 2127 3351 de
2164 3283 2616 3351 Tekeneburch
2658 3284 2830 3351 bona
2871 3290 3084 3352 nostra

736 3403 801 3466 et
842 3398 1113 3465 fratrum
1156 3403 1517 3465 nostrorum
1562 3403 1627 3466 et
1666 3419 2039 3486 pauperum,
2086 3400 2197 3486 qui
2225 3400 2303 3466 de
2333 3399 2634 3487 hospitali
2662 3400 2912 3486 vivunt,
2958 3402 3084 3468 vio-

733 3514 937 3582 lenter
982 3515 1342 3601 occupavit3
1389 3514 1607 3582 volens
1651 3534 1769 3583 nos
1814 3516 2027 3602 predis
2064 3522 2128 3583 et
2160 3515 2403 3604 rapinis
2434 3536 2796 3602 perurgere,
2842 3522 2921 3584 ut
2948 3538 3084 3606 pre-

736 3630 910 3697 dium
967 3630 1310 3716 quoddam,
1371 3630 1539 3716 quod
1584 3630 1888 3699 aecclesia
1933 3631 2329 3700 Gorbeiensis
2374 3631 2441 3697 in
2486 3637 2773 3720 tempore
2820 3641 3086 3720 quatuor

734 3746 1251 3834 predecessorum
1305 3752 1668 3814 nostrorum
1719 3748 2015 3816 abbatum
2064 3749 2272 3835 quiete
2315 3749 2631 3836 possedit,
2686 3769 2805 3816 nos
2851 3750 3083 3836 absque

736 3862 868 3930 ulla
898 3862 1107 3948 legum
1138 3863 1386 3930 ratione
1416 3863 1841 3948 dimittamus3
1889 3883 2033 3932 cum
2062 3884 2176 3931 nos
2206 3865 2417 3951 parati
2445 3865 2641 3931 simus
2673 3871 2738 3932 et
2765 3865 2830 3932 ei
2857 3866 3082 3933 multo-

735 3980 908 4047 ciens
953 3978 1396 4066 optulerimus,
1448 3980 1518 4045 in
1562 3985 1773 4048 vestro
1818 3981 2049 4048 iudicio
2096 3980 2230 4047 sive
2276 3980 2452 4047 ducis
2496 3981 2631 4048 sive
2674 3982 2931 4050 comitis
2974 4003 3081 4048 nos

735 4117 851 4184 pro
898 4097 1120 4164 eodem
1162 4096 1382 4183 predio
1419 4094 1579 4163 velle
1627 4101 1797 4164 stare
1843 4102 1925 4182 et,
1973 4098 2030 4164 si
2071 4117 2187 4183 per
2229 4095 2435 4182 legem
2481 4097 2905 4184 amiserimus,
2952 4099 3080 4165 sine

733 4212 1184 4299 impedimento
1231 4212 1271 4279 a
1310 4211 1711 4301 possessione
1754 4213 2066 4281 recedere.

880 4370 929 4424 1.
975 4368 1355 4426 wichmanno.
1568 4372 1621 4425 2.
1668 4386 1723 4426 v.
1761 4385 1850 4441 ep.
1873 4371 1980 4427 441
2027 4386 2194 4441 supra
2238 4385 2294 4440 p.
2320 4370 2445 4427 574.
2657 4370 2711 4426 3.
2758 4369 3074 4442 Philippum.

733 4457 788 4514 4.
826 4459 963 4515 1157
1000 4458 1114 4514 Ian.
1140 4459 1228 4514 20.
