3319 5242
780 438 911 506 326
1450 455 1749 503 w113AL1>1
1791 455 2166 504 nme-romu
2205 456 2315 503 sos.
2349 456 2457 503 ποτ.

603 604 742 660 1149
775 597 1094 683 Rogamus
1160 598 1375 683 itaque
1433 597 1890 684 experientiam
1945 604 2122 665 tuam
2136 649 2156 684 ‚
2223 604 2299 666 ut
2351 600 2684 666 commoda
2735 600 2820 667 ad
2878 619 3104 668 causam

616 679 729 727 ”⁰⁰⁹
778 719 1061 782 nostram
1107 734 1411 803 responsa
1451 714 1635 783 nobis
1680 734 1868 799 nunc,
1915 721 2026 782 tua
2069 714 2381 783 efficiente
2418 716 2754 802 industria,
2800 718 3105 785 remitten-

775 836 901 898 tur.
1082 830 1170 897 Et
1222 832 1342 899 hoc
1394 851 1796 918 summopere
1839 836 1954 898 tua
1994 833 2395 919 providentia
2438 852 2659 900 cavere
2705 833 2987 919 debebit,
3037 854 3107 901 nc

778 948 857 1016 de
922 949 1173 1033 negotio
1237 953 1454 1016 nostro
1512 949 1805 1015 dominus
1862 954 2077 1015 noster
2131 968 2246 1015 rex
2300 968 2443 1015 cum
2501 950 2711 1037 aliquo
2768 951 3107 1039 principum

780 1064 1082 1132 Saxoniae

777 1186 875 1249 est
932 1181 1082 1269 apuc'

775 1319 889 1366 nos
947 1300 1016 1365 in
1062 1319 1082 1365 ε

775 1421 1082 1483 sustenta*

775 1532 875 1600 vel
930 1533 1082 1619 pred

773 1649 1066 1715 dominus

611 1838 636 1855 l
774 1767 1082 1833 obser-ven¹

775 1888 873 1949 set
918 1882 1082 1948 etian

772 1998 1043 2082 ligenter

773 2114 1010 2180 tatibus
1067 2134 1082 2179 ι

774 2252 910 2298 sem
920 2225 962 2317 ⁸,
1022 2231 1082 2297 αι’

771 2349 953 2415 nobis
997 2352 1082 2414 tre

772 2485 905 2532 rem
951 2469 1082 2531 tum

774 2586 983 2649 stante
1027 2601 1082 2648 c<

773 2700 1006 2766 simum
1061 2719 1082 2764 s

772 2815 1286 2883 Kaminatensem
1332 2813 1700 2881 aecclesiam
1744 2814 1815 2878 in
1858 2834 2052 2880 manu
2094 2820 2314 2882 nostra
2343 2816 2636 2901 erexerit,
2680 2817 2859 2885 nulla
2882 2818 3103 2886 ibidem

771 2933 850 2999 de
895 2935 1103 2999 cetero
1148 2932 1570 3017 congregatio,
1617 2929 1830 2998 nullus
1876 2930 2129 2998 divinae
2171 2931 2495 3017 religionis
2540 2933 2745 3001 cultus
2779 2935 3102 3002 instaurari

770 3048 1025 3137 poterit.
1092 3047 1268 3116 Vale.

776 3305 953 3378 207.
995 3309 1340 3375 Reinaldus
1383 3308 1787 3395 praepositus
1840 3305 2382 3373 Htldesheimensis
2429 3308 2746 3392 wibaldo,
2812 3311 3101 3377 Ciceronis

994 3425 1183 3490 libros
1215 3423 1527 3511 poscenti,
1589 3425 1824 3490 ironice
1868 3424 2246 3510 respondens
2255 3474 2276 3506 ,
2331 3428 2645 3492 contraria
2679 3429 2958 3515 piqnora
2990 3449 3095 3515 po·

993 3540 1195 3605 scalae.
2793 3541 2903 3623 (M.
2938 3539 3095 3620 205.)

562 3687 737 3743 1149?
951 3672 1224 3739 Domino
1270 3693 1382 3739 suo
1429 3671 1773 3740 venerabili
1817 3671 2182 3740 Gorbeiensi
2228 3673 2442 3741 abbati
2481 3673 2876 3760 R(eina.ldus)
2893 3727 2913 3762 ,
2958 3676 3095 3744 bene

771 3790 981 3858 valere
1027 3794 1092 3856 et
1132 3788 1375 3856 felicem
1424 3810 1580 3857 esse.

951 3905 1251 3984 Quamvis
1298 3905 1488 3972 Tullii
1544 3905 1741 3973 libros
1791 3904 2024 3972 habere
2069 3904 2416 3990 desideres,
2475 3906 2604 3972 scio
2647 3912 2895 3994 tamen,
2948 3907 3091 3975 chri·

772 4002 1052 4090 stianum
1094 4027 1161 4089 te
1205 4042 1371 4107 esse,
1431 4043 1560 4089 non
1605 4022 2101 4090 Ciceronianam.
2173 4021 2429 4089 Transis
2477 4023 2645 4090 enim
2690 4030 2755 4090 et
2796 4025 2867 4091 in
2910 4025 3093 4092 aliena

772 4146 1000 4226 castra,
1045 4160 1172 4207 non
1217 4144 1520 4227 tanquam
1555 4139 1906 4222 transfuga,
1953 4144 2048 4205 set
2076 4143 2378 4225 tanquam
2409 4139 2769 4227 explorator
2778 4137 2821 4207 ⁴.
2887 4140 3100 4207 Libros·

770 4258 983 4343 igitur,
1031 4256 1140 4343 qui
1186 4255 1355 4342 apud
1398 4277 1513 4323 nos
1554 4261 1722 4339 sunt,
1769 4254 2046 4322 Tullium
2080 4255 2158 4323 de
2192 4254 2330 4340 lege
2374 4256 2625 4340 agraria
2669 4262 2733 4324 et
2760 4256 3090 4345 Phffippioa

915 4413 957 4446 a.
996 4393 1108 4446 BeF.
1140 4416 1180 4444 c.
1304 4398 1349 4444 b.
1388 4398 1538 4445 mittat
1570 4397 1753 4444 addidi.

916 4488 963 4540 1.
1013 4485 1069 4540 d.
1110 4485 1178 4539 10
1221 4482 1357 4541 Dec.
1413 4483 1485 4540 V.
1521 4499 1607 4552 ep.
1635 4483 1742 4538 205
1786 4498 1954 4552 supra
1997 4498 2055 4554 p.
2079 4485 2204 4542 325.
2382 4488 2433 4543 2.
2481 4483 2804 4542 Heinrioum
2851 4488 3084 4571 Leonem.

773 4576 827 4630 3.
862 4573 1198 4630 Heinricum.
1341 4573 1393 4628 4.
1433 4571 1678 4629 Senecae
1713 4588 1799 4643 ep.
1827 4573 1871 4628 1.
1896 4575 1946 4643 2,
1974 4573 2028 4629 4.
