3319 5242
919 432 1219 479 wmALm
1258 430 1634 480 nrm‘romn
1680 430 1898 478 38-40.
2459 416 2587 482 119

236 572 584 756 mag-arum
645 574 922 641 actiones
979 554 1102 640 sibi
1158 572 1381 641 referri
1438 578 1503 640 et
1544 578 1759 640 vestra
1811 573 2247 642 benedictione
2291 573 2586 662 ampliari
2622 581 2759 715 {1137

236 710 313 776 op
449 711 548 756 us.

239 901 357 974 39.
406 905 597 968 Anno
660 905 851 970 abbas
896 903 1175 968 ludensis
1218 901 1500 967 Wibaldo
1558 903 1771 967 scribit
1812 902 1890 967 de
1931 901 2216 969 Ebroino
2260 904 2581 970 monacho.

407 1020 680 1107 Papam
723 1021 791 1085 in
840 1018 1246 1085 Germaniam
1291 1028 1579 1082 venturus
1620 1019 1718 1099 sit,
1767 1021 2026 1106 quaerit.
2303 1017 2411 1101 (M.
2446 1019 2581 1103 21.)

408 1152 688 1220 Domino
757 1157 822 1219 et
888 1152 1090 1219 amico
1159 1170 1272 1217 suo
1326 1146 1614 1214 Wibaldo
1676 1148 2037 1217 Stabulensi
2093 1151 2307 1218 abbati
2360 1149 2582 1219 Anno¹
2620 1157 2758 1213 1147

231 1270 455 1338 cadem
499 1269 708 1353 gratia
751 1268 818 1334 id
865 1268 1031 1354 quod
1076 1271 1193 1350 est,
1240 1264 1511 1331 salutem
1555 1270 1621 1331 et
1665 1265 2084 1333 dilectionem.

406 1385 678 1453 Noverit
720 1385 999 1472 primum
1043 1381 1284 1447 karitas
1330 1385 1563 1465 vestra,
1612 1381 1763 1467 quia
1807 1382 1886 1449 de
1914 1383 2165 1469 vestris,
2210 1388 2431 1471 utpote
2473 1383 2583 1451 do-

230 1503 389 1569 mini
436 1507 506 1568 et
549 1500 737 1567 amici
780 1499 1003 1583 nostri,
1050 1496 1439 1564 successibus
1478 1498 1778 1584 precipue
1807 1500 2269 1583 congaudemus
2302 1505 2366 1566 et
2394 1520 2584 1587 super

229 1619 326 1685 his
387 1617 529 1684 Deo
599 1617 836 1701 gratias
902 1614 1192 1681 hilariter
1254 1613 1680 1700 rependimus.
1863 1613 2268 1699 Suggerimus
2338 1636 2582 1702 quoque

228 1733 601 1801 discretioni
669 1737 947 1816 vestrae,
1021 1729 1187 1817 quod
1253 1728 1519 1795 domnus
1578 1727 1895 1796 Ebroinus
1955 1752 2070 1818 pro
2139 1733 2406 1819 inpensa
2460 1733 2583 1799 sibi

228 1850 470 1918 dudum
531 1869 571 1914 a
622 1849 804 1915 nobis
859 1848 1124 1913 caritate
1177 1865 1293 1910 nos
1352 1845 1714 1929 frequenter
1775 1845 2089 1913 sollicitat.
2174 1848 2374 1926 Quam
2430 1869 2581 1916 sane

226 1967 375 2034 licet
418 1965 685 2033 consilio
731 1969 941 2031 vestro
987 1968 1050 2030 et
1082 1982 1295 2027 amore
1328 1960 1637 2027 tenendae
1684 1963 1857 2048 pacis
1902 1968 1966 2030 et
2013 1964 2240 2049 quietis
2285 1964 2582 2032 ccclesiae

227 2084 390 2149 hanc
439 2083 502 2148 ei
546 2080 898 2165 fecerimus,
946 2084 1161 2146 tamen
1205 2077 1461 2162 quidam
1492 2077 1749 2144 sinistro
1785 2080 2056 2163 nomine,
2105 2082 2430 2167 symoniae
2461 2082 2581 2148 sci-

226 2199 394 2284 licet,
444 2197 567 2263 hoc
610 2197 845 2263 factum
890 2195 1280 2283 improbant3
1330 2212 1445 2260 nec
1489 2198 1704 2260 tamen
1736 2200 1997 2283 propter
2024 2196 2164 2280 hoc,
2212 2202 2308 2263 set
2336 2218 2453 2284 pro
2482 2198 2582 2263 in-

229 2312 728 2403 portunitatibus
781 2311 964 2378 nobis
1022 2315 1086 2376 et
1129 2309 1307 2376 vobis
1360 2310 1554 2378 illatis
1602 2312 1661 2378 ei
1708 2312 1788 2377 ad
1833 2317 2082 2398 tempus
2130 2313 2577 2381 subtraximus.

227 2433 481 2499 Dicitur
541 2449 787 2516 quoque
838 2427 1162 2495 vobiscum
1207 2447 1461 2513 pacem,
1516 2428 1834 2494 mediante
1879 2428 2107 2494 domno
2152 2425 2579 2516 Prumiense²,

230 2549 478 2616 noviter
525 2545 971 2633 composuisse.
1038 2542 1398 2631 Eapropter
1444 2565 1484 2610 a
1526 2544 1706 2611 vobis
1753 2565 2149 2632 summopere
2178 2545 2578 2633 requirimus,

231 2668 283 2733 si
324 2670 583 2734 vestrae
628 2661 969 2729 voluntatis
1016 2666 1113 2727 est
1158 2665 1222 2726 et
1266 2662 1500 2746 absque
1547 2661 1945 2728 cavillatione
1981 2663 2241 2729 sinistra
2271 2684 2407 2731 esse
2436 2669 2580 2750 pot-

232 2783 368 2866 erit,
425 2779 782 2847 condictam
827 2777 1157 2843 caritatem
1202 2778 1268 2843 in
1313 2782 1639 2862 posterum
1684 2776 1780 2844 illi
1823 2778 2322 2865 persolvendam.
2481 2780 2579 2847 De

230 2903 475 2964 caetero
519 2895 712 2963 etiam
742 2894 1129 2982 perscrutari
1159 2892 1445 2959 volumus
1478 2893 1555 2960 de
1585 2895 1856 2978 negotiis
1888 2894 2103 2960 domni
2129 2917 2353 2983 papae,
2401 2897 2577 2962 cuius

229 3035 342 3081 vos
399 3012 723 3080 conscium
779 3009 847 3075 in
904 3013 1087 3097 parte
1131 3008 1475 3094 credimus,
1534 3014 1747 3075 utrum
1794 3009 2034 3076 scilicet
2080 3011 2161 3076 ad
2204 3032 2320 3077 nos
2368 3031 2576 3078 acces-

231 3149 415 3195 surus
460 3127 548 3194 sit
592 3125 694 3194 vel
739 3126 1074 3193 concilium
1117 3125 1186 3191 in
1230 3126 1518 3213 partibus
1564 3125 1798 3192 nostris
1844 3125 2190 3193 habiturus.
2254 3126 2491 3195 valete.

232 3358 361 3429 40.
402 3359 724 3426 Wibaldus
779 3361 1032 3425 Annom'
1087 3360 1295 3424 abbati
1347 3357 1601 3426 hidensi
1654 3359 1733 3424 de
1777 3358 2060 3426 Ebroino
2119 3358 2419 3426 monacho
2474 3385 2573 3426 re-

405 3476 686 3564 spondet.
2292 3473 2402 3556 (M.
2438 3475 2572 3559 22.)

407 3606 775 3675 Reverendo
816 3607 987 3693 patri
1024 3627 1137 3672 suo
1166 3606 1421 3672 Annoni
1449 3606 1736 3673 ludensis
1767 3605 2102 3675 aecclesiae
2136 3608 2351 3675 abbati
2376 3609 2574 3678 frater
2611 3621 2747 3675 1147

231 3723 558 3791 wibaldus
608 3722 999 3790 Stabulensis
1047 3723 1240 3790 abbas
1287 3722 1551 3789 salutem
1598 3727 1663 3788 et
1706 3723 2124 3791 dilectionem.
2251 3776 2257 3786 ,

405 3841 505 3908 De
558 3845 781 3906 nostra
831 3839 1287 3926 prosperitate,
1344 3839 1401 3904 si
1458 3857 1584 3924 qua
1635 3844 1764 3924 est,
1823 3845 2100 3907 vestram
2145 3841 2573 3910 sinceritatem

234 3957 441 4023 animo
498 3956 893 4039 congaudere
948 3975 1076 4021 non
1132 3955 1510 4022 dubitamus.
1592 3955 1681 4022 Et
1735 3959 1904 4022 recte
1960 3975 2140 4039 sane3
2205 3958 2347 4044 pari
2402 3958 2571 4026 enim

237 4072 587 4140 dilectionis
647 4071 874 4139 affectu
921 4091 1072 4156 erga
1113 4091 1227 4137 vos
1268 4070 1549 4138 ferimur.
1731 4071 1872 4137 Non
1919 4077 2016 4138 est
2057 4073 2305 4139 consilii
2347 4076 2569 4161 nostri,

237 4194 309 4254 ut
336 4188 613 4257 Ebroino
657 4188 774 4273 illi,
821 4208 1006 4274 quem
1054 4187 1321 4254 domnus
1365 4208 1536 4275 papa
1560 4187 1883 4272 Eugenius
1931 4208 1969 4254 a
2009 4194 2218 4256 vestro
2255 4196 2321 4256 et
2352 4196 2570 4257 nostro

238 4306 617 4373 monasterio
674 4306 913 4391 scripta
965 4305 1281 4373 sententia
1330 4305 1398 4370 in
1443 4310 1820 4392 perpetuum
1865 4305 2336 4391 exterminavit,
2397 4306 2569 4391 quic-

375 4445 424 4499 1.
477 4443 652 4501 abbas
709 4444 1025 4500 monasterii
1074 4443 1325 4500 ludensis
1379 4460 1425 4499 s.
1471 4442 1528 4500 S.
1564 4443 1804 4500 Cornelii
1862 4445 2060 4512 (Inden
2105 4462 2152 4502 s.
2189 4445 2564 4503 Cornelimfln·

238 4534 372 4599 ster)
405 4549 576 4604 prope
611 4533 1043 4606 Aquisgranum.
1187 4535 1237 4589 2.
1276 4530 1579 4591 Godefrido
1614 4533 1835 4591 abbate.
