3319 5242
1033 475 1264 524 Noun
1308 475 1767 525 commissas
2484 459 2520 523 7
2525 459 2567 524 3

247 617 544 684 venientes
589 617 878 704 plerique
921 615 1167 702 fideles,
1214 619 1282 684 in
1326 619 1628 684 honorem
1674 618 1877 684 sancti
1921 617 2228 704 Stephani
2273 617 2567 684 fraterni-
2614 624 2753 679 1133

247 739 415 802 tatem
475 734 1024 819 collaudaverunt,
1082 735 1184 801 cui
1243 742 1306 801 et
1360 755 1650 802 caereum
1697 735 2071 802 statuerunt.
2163 733 2251 800 Et
2292 734 2361 800 in
2404 734 2565 800 festo
2600 699 2713 756 ΛΨ
2736 699 2765 745 ²

245 851 356 917 eius
407 871 727 939 pauperes
784 850 979 934 largis
1036 849 1394 917 elemosinis
1440 851 1846 935 recreabunt,
1909 870 2197 917 caereum
2243 851 2567 916 annuatim

240 966 536 1049 reficient3
582 968 810 1034 fratres
855 987 1005 1034 vero
1052 966 1128 1033 de
1159 965 1425 1034 Corbeia
1468 988 1685 1035 eorum
1727 967 1967 1033 obitum
1995 966 2231 1050 vigiliis
2264 971 2327 1032 et
2354 967 2566 1033 missis

237 1084 671 1171 procurabunt,
717 1084 976 1170 insuper
1021 1084 1163 1170 ipsa
1208 1082 1309 1149 die
1356 1104 1480 1169 qua
1521 1085 1773 1170 incepta
1802 1087 1898 1149 est
1928 1082 2335 1168 compulsatis
2367 1085 2567 1149 omni-
2621 1078 2629 1085 ’

384 3601 581 3668 Anno
630 3600 942 3667 dominice
986 3599 1441 3666 incarnationis
1494 3601 1695 3683 1241,
1744 3601 1785 3664 2
1832 3597 1991 3665 Non.
2043 3598 2365 3684 Octobris,
2412 3600 2563 3667 luna
2599 3611 2735 3666 1241

224 3716 524 3784 existente
556 3718 665 3800 27,
714 3716 1054 3784 indictione·
1085 3767 1100 3782 .
1131 3766 1180 3799 .,
1231 3720 1454 3801 epacta
1500 3718 1602 3798 17,
1650 3720 2060 3781 concurrente
2093 3766 2107 3781 .
2137 3766 2151 3780 .
2169 3766 2187 3800 ‚
2236 3716 2411 3783 clave
2452 3719 2558 3802 39,
2596 3684 2694 3731 ⁰⁰¹⁸
2713 3687 2743 3733 ⁶

221 3831 366 3899 ciclo
414 3832 611 3900 solari
665 3834 744 3899 18
793 3837 857 3899 et
901 3832 1073 3919 cyclo
1118 3832 1328 3898 lunari
1376 3835 1435 3915 7,
1482 3832 1621 3898 visa
1668 3836 1765 3898 est
1809 3831 2060 3918 eclipsis
2106 3832 2277 3917 solie,
2325 3838 2396 3899 ut
2425 3855 2559 3900 ma-

219 3947 395 4029 gistri
443 3948 832 4015 Parisienses
888 3948 1328 4034 predixerant,
1386 3948 1478 4014 ita
1534 3948 1699 4033 quod
1758 3949 1927 4013 circa
1982 3947 2203 4014 horam
2251 3949 2559 4016 decimam

221 4063 341 4130 diei
383 4066 614 4150 sereni,
660 4066 930 4132 nubibus
975 4085 1102 4130 non
1147 4064 1654 4152 conparentibus,
1702 4066 1869 4131 circa
1898 4065 2093 4131 solem
2122 4066 2380 4133 tenebre
2411 4071 2559 4133 sunt

223 4188 436 4248 exorte
481 4183 560 4248 ad
607 4181 809 4248 instar
852 4182 1054 4248 noctis
1103 4187 1165 4248 et
1211 4181 1389 4249 stelle
1434 4181 1648 4269 plures
1695 4182 2077 4248 viderentur.

356 4322 410 4376 1.
460 4322 613 4377 curia
647 4321 955 4392 Vvlvelage
1000 4327 1285 4390 comparet
1326 4321 1494 4377 etiam
1538 4321 1594 4377 in
1641 4321 1876 4377 Adriani
1920 4320 2000 4377 IV
2046 4336 2222 4390 papae
2268 4321 2422 4377 bulla
2464 4337 2552 4390 ap.

225 4406 434 4466 Erhnd
468 4411 603 4483 Reg.
629 4409 881 4480 westph.
908 4411 980 4466 11.
1018 4410 1153 4467 Cod.
1178 4410 1313 4479 dipl.
1348 4426 1405 4480 p.
1430 4412 1518 4467 80.
1662 4412 1713 4465 2.
1753 4410 2131 4465 nov—1128.
