3319 5242
886 443 1182 491 wmxnm
1224 442 1597 491 nusi-onan
1640 442 1715 488 18.
1750 441 1823 488 19.
2439 422 2525 487 99

214 582 410 668 batem,
458 584 625 650 sicut
667 584 807 670 ipso
854 584 1160 651 referente
1209 583 1563 667 didicimuS,
1609 588 1675 649 et
1717 583 2121 650 commissum
2157 583 2278 649 sibi
2308 602 2526 648 mona·
2582 584 2721 639 1143

212 699 443 765 sterium
501 705 724 766 contra
778 699 1175 766 infestatores
1236 721 1382 765 suos
1429 699 1772 782 adiuvatis,
1833 703 1898 765 et
1938 699 2007 764 in
2053 719 2157 765 eos
2203 704 2526 784 tamquam
2558 657 2667 705 Dec'
2687 659 2745 704 ²⁸

210 815 263 879 in
308 815 638 900 sacrilegos
697 815 943 882 debitae
1000 815 1563 883 animadversionis
1620 814 1996 881 sententiam
2055 814 2522 901 promulgastis,

210 929 314 996 Nos
361 933 612 1017 itaque,
668 951 935 1016 quorum
989 933 1327 1019 praecipue
1383 933 1647 998 interest
1700 930 1863 1002 male
1919 935 2061 996 acta
2105 932 2417 1016 corrigere
2465 936 2528 997 et

210 1044 338 1113 bene
391 1051 575 1131 gesta
626 1046 912 1131 firmare,
971 1048 1635 1114 excommunicationis
1693 1047 2071 1113 sententiam
2118 1047 2414 1113 canonice
2458 1047 2526 1112 in

209 1181 294 1229 eos
350 1162 820 1250 promulgatam
877 1163 1250 1231 auctoritate
1305 1163 1650 1251 apostolica
1706 1161 2146 1230 confirmamus
2203 1168 2266 1229 et
2320 1168 2526 1230 ratam

208 1298 437 1346 manere
484 1300 829 1347 censemus.
897 1279 996 1346 De
1042 1280 1183 1346 aliis
1213 1300 1385 1362 vero,
1435 1280 1540 1364 qui
1570 1280 1802 1346 ioarias
1821 1275 1857 1363 ¹,
1903 1273 2234 1346 maiorias²
2266 1284 2331 1345 et
2360 1277 2526 1344 villi-

206 1395 460 1462 cationes
520 1415 635 1463 nec
680 1417 806 1462 non
853 1402 917 1462 et
958 1394 1292 1479 beneficia,
1350 1416 1509 1479 quae
1556 1416 1593 1460 a
1637 1394 1935 1483 Poppone
1982 1393 2253 1461 secundo
2302 1394 2526 1461 abbate

205 1517 579 1599 acceperunt,
627 1513 802 1580 cuius
849 1512 1259 1578 alienationes
1307 1517 1370 1576 et
1409 1512 1847 1594 distractiones
1879 1532 2098 1594 regum
2128 1510 2359 1576 iudicio
2390 1528 2525 1575 cas·
2588 1522 2592 1526 ’

205 1633 353 1695 satae
400 1633 572 1713 sunt,
618 1633 836 1695 contra
881 1627 1269 1694 voluntatem
1315 1626 1559 1693 abbatis
1605 1627 1880 1710 retinent
1926 1633 1988 1692 et
2027 1627 2290 1693 necdum
2325 1627 2527 1692 eidem

202 1746 533 1812 sententiae
577 1745 921 1828 subiacent,
969 1744 1146 1811 vobis
1192 1743 1584 1827 mandamuS,
1634 1743 1928 1828 quatinus
1976 1763 2080 1809 eos
2125 1743 2376 1809 easdem
2418 1743 2526 1807 ad-

203 1859 680 1927 ministrationes
727 1866 790 1926 et
835 1859 1000 1926 bona
1042 1860 1110 1925 in
1153 1880 1348 1925 manu
1393 1859 1636 1926 abbatis
1667 1859 1862 1925 libere
1894 1858 2210 1925 dimittere
2243 1859 2526 1925 districte

202 1976 651 2043 commoneatis.
745 1975 923 2054 Quod
978 1975 1035 2041 si
1078 1981 1495 2042 contemtores
1541 1975 1898 2058 extiterint,
1957 1975 2374 2041 anathematis
2422 1994 2528 2040 eos

201 2089 433 2158 vinculo
478 2092 812 2158 innodetis.
883 2090 978 2158 Tu
1022 2112 1193 2176 vero,
1237 2092 1434 2158 frater
1480 2091 1793 2178 episcope,
1839 2089 2183 2157 Henricum
2228 2091 2306 2157 de
2350 2088 2528 2176 Rupe

202 2207 476 2276 similiter
520 2228 936 2292 commoneas,
982 2214 1054 2274 ut
1097 2208 1354 2275 domum
1380 2203 1751 2275 Erheberti³
1795 2208 2011 2273 fratris
2057 2208 2182 2273 iam
2232 2207 2383 2273 dicti
2419 2206 2527 2272 ab·

199 2322 370 2408 batis,
417 2346 607 2411 quam
651 2325 818 2391 infra
860 2330 1208 2408 treuguam,
1254 2325 1323 2390 in
1367 2324 1585 2390 diebus
1617 2323 1910 2390 videlicet
1948 2343 2164 2390 sacrae
2193 2323 2527 2408 passioniS,

199 2438 519 2524 destruxit,
567 2446 631 2507 et
675 2461 769 2524 ea,
817 2461 976 2526 quae
1023 2440 1099 2507 de
1132 2441 1311 2507 bonis
1347 2439 1636 2506 abbatiae
1669 2439 1946 2524 abstulit,
1994 2459 2140 2506 cum
2168 2438 2528 2521 integritate

199 2559 495 2625 restituat.
567 2555 746 2635 Quod
789 2557 845 2623 si
889 2556 1056 2621 infra
1098 2559 1187 2624 40
1234 2556 1366 2623 dies
1410 2561 1557 2643 post
1600 2561 1776 2621 tuam
1823 2555 2371 2621 commonitionem
2419 2554 2528 2618 ad-

199 2672 449 2762 implere
505 2673 886 2758 neglexerit,
944 2674 1310 2741 canonicam
1366 2674 1432 2738 in
1479 2694 1623 2739 eum
1667 2674 2045 2739 sententiam
2090 2672 2405 2759 proferas3
2468 2677 2530 2735 et

200 2808 303 2856 nec
336 2791 464 2858 iste
507 2810 624 2856 nec
654 2788 785 2873 alii,
831 2789 908 2856 de
939 2788 1166 2874 quibus
1197 2809 1392 2875 supra
1409 2789 1656 2855 dictum
1691 2795 1806 2873 est,
1855 2788 2280 2870 absolvantur,
2328 2786 2529 2852 donec

201 2905 392 2972 cidem
434 2906 648 2973 abbati
693 2907 879 2990 digne
926 2906 1332 2972 satisfaciant.
1403 2905 1500 2971 De
1544 2905 1931 2991 presbyteris
1974 2924 2121 2971 vero
2168 2905 2245 2969 de
2286 2901 2530 2986 Longia

200 3026 257 3087 et
282 3021 507 3089 Wellin
548 3028 615 3089 et
656 3021 817 3105 aliis,
867 3023 973 3107 qui
1002 3021 1305 3109 praefatis
1335 3021 1911 3104 excommunicatis,
1961 3021 2123 3086 sicut
2154 3019 2528 3105 accepimuS,

202 3139 648 3221 communicare
713 3144 1155 3225 praesumunt,
1221 3137 1531 3204 iustitiam
1597 3136 1864 3202 faciatis.
1960 3136 2129 3202 Data
2195 3133 2526 3201 Lateranis

202 3252 240 3318 5
278 3253 535 3322 Kalend.
581 3253 876 3321 Ianuarii.

212 3507 319 3577 19.
368 3515 671 3579 Robertus
724 3512 1060 3578 monachus
1115 3512 1627 3577 Waloiodorensis
1671 3510 1953 3577 W'obaldo
1999 3512 2188 3575 vitam
2235 3522 2291 3574 et
2335 3513 2525 3576 mira·

371 3631 506 3694 cula
564 3630 727 3695 beati
774 3628 1142 3693 Forannam‘
1200 3652 1242 3692 a
1296 3651 1424 3692 sese
1485 3628 1916 3713 compositam,
1978 3630 2150 3691 cuim
2207 3649 2525 3690 censuram

371 3759 531 3833 aqut,
580 3747 762 3809 mittit
772 3753 810 3807 ⁸.
2576 3835 2587 3847 ·

370 3879 606 3965 Inclyto
653 3877 970 3961 totiusque
1003 3875 1374 3962 prudentiae
1404 3873 1645 3958 fulgore
1675 3873 1909 3958 insigni
1941 3874 2190 3940 domino
2214 3872 2523 3957 Wiboldo,
2546 3885 2857 3939 1131-1151

208 3991 484 4060 abbatum
532 3993 802 4076 egregio,
847 3993 1045 4058 frater
1087 3989 1417 4073 RobertuS,
1465 4010 1723 4056 suorum
1767 3991 2008 4056 utinam
2053 3990 2350 4056 clientum
2379 3990 2525 4055 nlti-

210 4127 357 4192 mus,
400 4107 693 4196 quicquid
736 4107 1131 4195 praeceptori
1176 4106 1482 4173 subditus.

373 4225 529 4309 Non,
576 4245 613 4291 o
658 4229 864 4290 rector
894 4223 1149 4309 inclyte,
1193 4226 1441 4289 vestrae
1473 4221 1864 4288 auctoritatis
1895 4220 2255 4306 indignetur
2281 4222 2524 4306 magni-

345 4379 383 4412 t.
418 4368 666 4415 Midam
708 4368 750 4412 1.
787 4365 1011 4413 mabillon
1043 4367 1163 4411 Acca
1193 4366 1275 4414 SS·
1300 4382 1420 4412 saec.
1454 4365 1506 4411 V.
1537 4381 1586 4425 p.
1615 4364 1732 4421 586,
1774 4365 1819 4410 2.
1849 4364 2115 4423 papebroch
2147 4367 2265 4411 Acen
2296 4366 2380 4413 SS.
2410 4368 2519 4423 Apr.

214 4445 257 4488 ²⁸.
281 4447 363 4491 111.
390 4447 491 4503 807,
524 4449 566 4492 3.
598 4446 832 4501 D’Aehesy
864 4445 1021 4504 Spt'efl.
1048 4447 1110 4492 11.
1140 4445 1244 4491 708.

350 4540 394 4593 1.
436 4540 676 4595 iudicum
715 4554 953 4594 munera.
1053 4540 1104 4593 2.
1142 4538 1488 4610 „maiorum“
1524 4554 1765 4594 munera.
1864 4539 1917 4593 3.
1953 4538 2091 4595 alias
2126 4536 2522 4595 Erchemberti.

2020 4633 2100 4693 7*
