3319 5242
1014 479 1310 526 wmALm
1353 479 1683 529 131>18TOLA
1731 482 1835 529 iso.
2460 470 2591 537 235

290 615 474 684 fideles
515 624 765 686 nostros
811 626 942 686 tam
988 620 1066 687 de
1108 621 1408 689 fiatribus
1454 643 1641 709 quam
1676 625 1865 691 etiam
1909 626 1988 692 de
2029 626 2207 694 laicis
2252 648 2592 698 convocare
2639 635 2778 691 1146

289 733 643 819 deberemuS,
691 741 761 803 ut
806 736 883 803 de
927 738 1138 823 verbo,
1186 739 1353 824 quod
1398 758 1857 827 acceperamus,
1903 763 2154 811 morosa
2198 750 2261 812 et
2307 747 2591 832 diligenti
2623 710 2738 756 Νη
2760 711 2789 759 ¹

288 852 703 920 deliberatione
747 858 1111 937 tractanteS,
1159 874 1238 920 ex
1282 855 1541 922 consilio
1586 858 1966 944 respondere
2008 879 2351 947 possemus,

438 968 612 1048 Quod
658 975 868 1036 autem
913 971 979 1035 in
1027 969 1394 1037 alterutram
1434 978 1683 1058 partem
1714 975 2135 1043 dubitavimus
2166 999 2282 1046 nec
2311 980 2590 1047 oblatum

281 1084 438 1152 nobis
490 1086 746 1152 honoris
800 1085 1007 1151 locum
1073 1086 1284 1153 debita
1346 1085 1722 1157 humilitatis
1789 1091 2156 1161 fortitudine
2212 1098 2587 1183 respuimus,

282 1202 566 1286 quaedam
607 1203 1054 1289 preteritarum
1098 1223 1311 1269 rerum
1354 1206 1704 1273 recordatio
1762 1208 2081 1276 suadebat.
2265 1212 2588 1298 Siquidem

278 1322 333 1383 et
371 1324 550 1385 antea
592 1318 930 1386 nonnullae
975 1319 1311 1387 aecclesiae
1346 1338 1461 1387 nos
1492 1322 1574 1387 ad
1601 1323 1808 1389 locum
1834 1327 2160 1409 regiminis
2192 1336 2587 1416 vocaverant,

278 1430 522 1519 quodam
570 1435 891 1522 popularis
920 1436 1136 1502 iudicii
1167 1437 1463 1524 deceptae
1492 1441 1819 1525 preconi03
1868 1448 1966 1508 set
1994 1463 2107 1509 nos
2139 1446 2431 1532 propriae
2458 1447 2588 1513 fra-

273 1550 512 1633 gilitatis
561 1556 626 1618 et
668 1552 1058 1649 ignorantiae
1101 1553 1353 1638 conscii,
1400 1554 1590 1641 plena
1623 1562 1689 1623 et
1715 1558 1924 1624 veraci
1963 1556 2253 1628 libertate
2298 1559 2455 1628 illud
2495 1564 2585 1631 eis

270 1667 690 1754 propheticum
736 1668 1294 1754 respondebamus:
1354 1672 1507 1737 Non
1561 1696 1700 1738 sum
1751 1677 2056 1757 medicus,
2115 1701 2244 1743 non
2288 1683 2356 1744 in
2402 1683 2584 1747 domo

270 1805 392 1849 mea
418 1788 860 1866 vestimentum,
908 1787 1099 1852 nolite
1135 1810 1233 1852 me
1262 1792 1626 1854 constituere
1643 1793 2005 1878 principem
2022 1796 2259 1882 populi
2273 1791 2306 1859 ¹.
2376 1793 2587 1883 Atque

267 1898 348 1964 ita
371 1900 658 1966 formatis
701 1901 935 1986 absque
965 1903 1240 1969 avaricia
1267 1904 1566 1989 moribus,
1599 1907 1999 1993 contentique
2026 1911 2424 1995 presentibus
2435 1908 2478 1998 ²,
2527 1914 2585 1980 ei

266 2018 653 2101 monasterio,
699 2018 800 2083 cui
844 2018 1103 2105 ascripti
1148 2040 1417 2105 eramus,
1464 2021 1583 2087 etsi
1621 2041 1751 2087 non
1791 2021 1950 2089 bene
1977 2025 2228 2093 vivendi
2275 2028 2583 2117 exemplo,

264 2131 352 2197 vel
394 2131 665 2201 fideliter
710 2135 1214 2202 amministrandi
1257 2137 1464 2203 studio
1496 2137 2018 2207 deserviebamus.
2178 2143 2335 2210 Orta
2363 2150 2460 2211 est
2486 2148 2583 2212 in-

261 2248 452 2335 terim,
499 2251 843 2334 instigante
889 2252 1170 2317 omnium
1212 2252 1519 2319 bonorum
1564 2255 1792 2340 emulo,
1837 2257 2004 2323 inter
2041 2278 2156 2324 nos
2188 2265 2252 2325 et
2279 2263 2583 2346 quosdam

261 2363 487 2433 villicos
536 2365 927 2433 Stabulensis
973 2370 1338 2436 monasterii
1352 2420 1371 2453 ,
1427 2371 1597 2436 viros
1650 2372 1866 2457 utique
1913 2393 2138 2456 genere
2184 2376 2474 2444 clientela
2518 2384 2584 2447 et

261 2481 468 2567 opibus
514 2487 839 2571 potentes,
893 2486 1102 2568 gravis
1147 2490 1213 2551 et
1254 2485 1320 2552 in
1365 2485 1622 2571 longum
1669 2488 1907 2571 agitata
1950 2488 2254 2558 dissensio
2309 2513 2425 2580 pro
2484 2515 2578 2580 eo,

259 2598 411 2682 quod
454 2600 584 2688 ipsi
629 2600 823 2668 villici
853 2601 1148 2669 volebant
1176 2602 1587 2670 hereditarie·
1617 2606 1941 2691 possidere
1972 2609 2396 2677 sanctuarium
2426 2610 2577 2695 Dei3

259 2719 316 2779 et
354 2715 495 2802 ipsa
537 2716 941 2784 villicationis
1002 2716 1209 2785 officia
1262 2739 1340 2784 ex
1399 2721 1790 2788 successione
1845 2728 2111 2810 paterna
2156 2731 2219 2792 et
2264 2729 2433 2795 avita
2476 2748 2579 2796 ca-

255 2817 510 2918 pientes,
544 2833 1030 2901 dominabantur
1050 2836 1116 2901 in
1145 2834 1363 2918 rebus;
1394 2842 1735 2924 nostraque
1766 2845 1830 2906 et
1849 2842 2310 2928 prepositorum
2331 2851 2577 2911 nostro-

254 2966 383 3013 rum
429 2954 675 3017 statuta
729 2951 1178 3020 contumaciter
1229 2954 1686 3040 rescindentes,
1745 2961 1807 3022 et
1860 2955 2109 3023 colonos
2165 2955 2473 3028 indebitis
2514 2967 2581 3029 et

256 3065 512 3132 assiduis
561 3067 990 3134 exactionibus
1036 3070 1476 3156 opprimebant
1518 3077 1582 3138 et
1608 3072 1806 3139 iustas
1836 3075 2168 3160 pensiones
2196 3080 2579 3145 monasterio

251 3199 641 3269 nequaquam
683 3183 1053 3252 inferebant.
1123 3185 1221 3253 Ita
1247 3187 1595 3254 miserabili
1639 3194 1703 3255 et
1747 3191 2102 3277 importuno
2148 3191 2417 3260 clamore
2450 3213 2574 3281 'po—

252 3296 394 3383 puli,
440 3300 621 3366 cuius
667 3304 840 3366 terra
866 3301 995 3368 iam
1027 3297 1158 3370 fere
1188 3309 1434 3370 vastata
1464 3309 1527 3371 et
1556 3304 1837 3371 desolata
1866 3313 2021 3392 erat,
2066 3327 2184 3374 nec
2209 3330 2337 3376 non
2364 3305 2575 3378 inedia

252 3415 693 3482 monachorum
740 3436 813 3483 ac
846 3419 1031 3484 ruina
1060 3419 1296 3487 ordinis
1326 3427 1587 3508 propter
1617 3421 2057 3490 alimentorum
2085 3425 2394 3492 defectum
2425 3447 2575 3514 sepe

252 3532 309 3593 et
346 3532 537 3599 nimis
584 3532 972 3618 exacerbati,
1016 3536 1296 3622 cepimus
1340 3538 1557 3624 iniquo
1601 3543 1885 3625 tempore
1928 3543 2214 3627 tyrannis
2258 3544 2570 3630 resistere,

252 3648 426 3732 certi,
474 3655 783 3735 quantum
829 3651 906 3738 de
948 3652 1177 3718 futuris
1223 3650 1359 3720 fieri
1402 3658 1682 3740 poterat,
1731 3655 1897 3740 quod
1943 3663 2052 3723 aut
2096 3658 2263 3725 circa
2305 3660 2571 3729 salutem

249 3768 522 3831 nostram
565 3767 1099 3854 periclitaremur,
1155 3769 1254 3835 vel
1300 3770 1379 3836 ad
1425 3769 1765 3837 salutarem
1810 3771 2099 3840 effectum
2143 3795 2395 3843 causam
2439 3769 2581 3845 tam?

249 3883 659 3949 necessariam
706 3884 1045 3969 perducere
1089 3906 1215 3951 non
1254 3906 1600 3973 possemus.
1670 3888 1943 3976 Etenim,
1991 3892 2158 3977 quod
2186 3912 2328 3959 cum
2358 3885 2571 3962 dolore

251 4001 308 4061 et
331 4000 572 4081 gemitu
603 3999 888 4086 dicimuS,
912 4002 1055 4067 iura
1083 4003 1212 4069 iam
1240 4004 1633 4088 interierunt,
1657 4005 1828 4090 leges
1860 4008 2298 4094 occubuerunt,
2322 4030 2565 4077 morum

249 4110 575 4202 disciplina
618 4117 895 4183 extincta
940 4125 1063 4202 est,
1124 4121 1502 4189 consuetudo
1547 4123 1878 4188 vetustatis
1934 4123 2168 4191 abolita
2218 4130 2342 4210 est,
2399 4117 2567 4210 regis

252 4232 308 4292 ot
345 4232 707 4319 principum
753 4234 953 4299 virtus
1010 4239 1074 4300 et
1115 4240 1394 4322 potestas
1441 4238 1775 4323 obsolevit,
1831 4238 1978 4306 licet
2019 4241 2352 4327 unicuique
2399 4242 2577 4327 quod·

249 4341 418 4432 libet,
478 4354 546 4414 et
602 4349 769 4435 quod
826 4351 1048 4417 statuit
1100 4352 1230 4418 vim
1283 4352 1440 4438 legis
1499 4353 1755 4421 obtinet.
1935 4353 2094 4420 Cum
2138 4357 2333 4441 igitur
2376 4358 2442 4424 in
2488 4375 2575 4425 ea‘

247 4464 706 4546 perturbatione
735 4464 980 4533 labores
1019 4467 1297 4538 infinitos
1338 4476 1403 4537 et
1433 4491 1739 4558 expensas
1768 4469 2179 4539 toleraremus
2223 4493 2366 4540 cum
2397 4474 2563 4561 apud

379 4593 418 4625 a.
457 4579 693 4627 herediti'e
726 4600 765 4628 c.
1880 4607 1881 4610 ¹

376 4657 426 4712 1.
461 4655 592 4712 ω.
615 4659 667 4727 a,
695 4659 745 4713 7.
839 4661 893 4716 2.
932 4659 1100 4718 Hebr.
1127 4663 1210 4732 13,
1238 4661 1291 4718 5.
