3319 5242
888 465 1186 512 wmALm
1228 464 1601 512 nns‘rom
1642 464 1720 511 ee.
1752 464 1827 511 97.
2400 448 2522 513 171

220 606 274 667 et
317 603 381 669 in
428 604 755 672 meliorem
812 610 1050 672 statum
1106 606 1318 672 omnia
1373 611 1776 673 commutata.
1852 606 2015 673 Nam
2075 612 2139 674 et
2189 605 2358 674 filius
2413 627 2528 674 rex
2565 612 2706 668 1148

220 718 486 788 domnum
532 742 766 809 papam
812 727 877 788 et
920 723 1054 789 eius
1101 723 1353 789 decreta
1394 722 1686 807 vigilanti
1729 722 2017 790 sollercia
2059 723 2418 806 honoravit3
2467 729 2530 790 et

218 856 247 903 e
290 856 580 906 converso
632 839 899 905 domnus
944 859 1114 925 papa
1154 839 1367 925 ipsum
1415 844 1479 905 et
1519 860 1735 924 regem
1779 838 2204 906 Romanorum
2250 839 2529 927 appella·-

217 952 293 1018 vit
330 959 391 1020 et
430 955 709 1042 scripsit,
757 955 924 1041 quod
967 975 1113 1021 raro
1151 960 1335 1022 extra
1362 955 1597 1023 Urbem
1629 956 1876 1040 accidit,
1922 961 1987 1023 et
2014 956 2324 1023 universis
2355 957 2529 1043 prin-

196 1069 432 1155 cipibus
491 1092 637 1137 cum
692 1071 864 1138 omni
920 1071 1346 1139 benivolentia
1398 1078 1463 1138 et
1517 1070 1844 1139 affectione
1898 1077 2167 1159 paterna
2221 1073 2530 1139 monendo

216 1187 467 1274 scripsit,
514 1188 807 1273 quatinus
854 1188 1058 1254 eidem
1104 1188 1364 1275 speciali
1409 1209 1523 1255 suo
1570 1193 1634 1254 et
1679 1188 1847 1255 beati
1875 1187 2049 1255 Petri
2092 1186 2223 1253 filio
2261 1187 2531 1254 fidelita-

218 1306 325 1369 tem
366 1304 708 1372 exhibeant
760 1310 824 1371 et
864 1304 934 1370 in
979 1305 1548 1372 amministratione
1591 1304 1793 1389 regni,
1838 1303 1960 1371 sibi
2005 1325 2043 1370 a
2086 1303 2223 1370 Deo
2268 1324 2345 1370 ex
2391 1323 2530 1398 suc-3

212 1420 471 1487 ooesione
524 1426 794 1506 paterna
849 1420 1091 1505 collati,
1148 1421 1478 1488 consilium
1541 1426 1607 1487 et
1649 1420 1956 1487 auxilium
1999 1420 2223 1486 ferant.
2366 1420 2531 1488 Sane

210 1535 267 1601 in
305 1537 651 1604 amicorum
693 1542 1053 1604 nostrorum
1098 1539 1303 1604 causis
1339 1543 1644 1624 quantum
1680 1537 2150 1624 profecerimus,
2193 1536 2530 1621 malumus,
2615 1520 2628 1534 ⁹

211 1658 270 1717 ut
306 1653 380 1720 ab
426 1653 588 1740 ipsis
635 1674 824 1739 quam
869 1675 911 1719 a
947 1654 1135 1721 nobis
1180 1659 1611 1739 cognoscatur.
1684 1654 1845 1719 Tum
1890 1673 2039 1719 vero
2072 1653 2139 1718 in
2173 1651 2531 1720 Stabulensi

211 1769 497 1836 aecclesia
536 1785 769 1855 magna
808 1771 1087 1838 turbatio
1134 1775 1281 1836 ante
1327 1769 1668 1836 adventum
1697 1775 1988 1836 nostrum
2016 1774 2182 1850 erat3
2231 1769 2312 1836 ad
2342 1790 2531 1855 quam

208 1884 532 1952 sedandam
576 1891 641 1953 et
672 1886 1181 1972 componendam
1225 1885 1403 1952 nulla
1442 1886 1626 1952 nobis
1673 1886 1809 1952 dies
1856 1890 1965 1951 ant
2007 1905 2136 1950 nox
2181 1906 2407 1971 expers
2437 1885 2532 1953 la-

207 1999 355 2068 boris
412 2003 565 2086 fuit,
625 2007 690 2068 et
742 2007 1043 2088 operante
1100 2002 1352 2069 divinae
1408 2002 1665 2089 pietatis
1711 2002 1918 2085 gratia
1973 2022 2151 2088 spem
2206 2002 2533 2069 meliorem

207 2115 513 2202 habemus,
560 2119 726 2204 quod
769 2118 838 2184 in
882 2118 1061 2185 brevi
1103 2123 1388 2205 tempore
1433 2119 1516 2184 ad
1560 2118 1902 2185 salutarem
1934 2122 1997 2185 et
2026 2123 2314 2204 optatum
2341 2117 2531 2186 finem

207 2241 414 2302 cuncta
463 2235 901 2322 perducamus.
1068 2233 1243 2301 Heae
1284 2235 1480 2319 igitur
1525 2240 1590 2301 et
1633 2234 1796 2302 aliae
1839 2234 2221 2321 multiplices
2266 2251 2531 2322 occupa-

207 2350 391 2417 tiones
435 2355 721 2417 nostram
753 2351 1167 2418 intentionem
1198 2352 1494 2436 gravibus
1536 2351 1706 2418 curis
1746 2350 2101 2437 inplicitam
2130 2351 2536 2419 detinuerunt

208 2472 262 2531 et
308 2467 387 2534 ab
444 2465 651 2534 officio
706 2467 1023 2534 salutandi
1078 2488 1193 2535 nos
1249 2469 1550 2535 hactenus
1603 2467 2102 2534 retardaverunt.
2155 2467 2534 2536 ·Salutantes

207 2582 401 2670 itaque
444 2603 615 2651 nunc
644 2584 714 2650 in
744 2582 1018 2651 Domino
1052 2584 1490 2652 excellentiam
1523 2589 1721 2669 tuam,
1766 2603 2062 2668 rogamus
2093 2589 2158 2652 et
2184 2584 2533 2671 hortamur,

206 2706 269 2767 ut
317 2702 375 2767 si
429 2721 557 2788 qua
612 2701 681 2767 in
736 2701 988 2767 tuendis
1048 2706 1112 2768 et
1156 2702 1450 2768 curandis
1504 2702 1692 2769 rebus
1737 2701 1955 2769 fratris
1998 2702 2202 2768 nostri
2256 2702 2534 2770 absentis

209 2815 525 2885 difficultas
572 2817 930 2902 emerserit,
982 2823 1198 2884 nostro
1211 2867 1232 2902 ,
1281 2818 1393 2886 ubi
1436 2824 1816 2905 oportunum
1858 2818 2079 2902 fuerit,
2130 2819 2533 2886 amminiculo

208 2934 387 3001 utaris
430 2940 496 3001 et
540 2934 620 3001 de
661 2934 846 3001 nobis
890 2938 1194 3019 tanquam
1239 2934 1318 3000 de
1358 2954 1508 3000 vero
1554 2939 1618 3000 et
1651 2934 1963 3001 constanti
2002 2935 2203 3001 amico
2234 2933 2530 3001 confidas.

215 3275 321 3347 97.
361 3281 681 3348 wibaldus
709 3281 999 3369 Euqem'o
1028 3281 1140 3347 III
1161 3304 1381 3368 papae
1431 3282 1509 3346 de
1552 3282 1656 3347 lite
1699 3281 2004 3368 Inyrarmi
2033 3282 2271 3348 abbatis
2301 3280 2369 3347 S.
2393 3281 2533 3347 Me·

366 3398 556 3463 dardi
602 3397 1058 3464 Suessionemis
1114 3410 1173 3463 et
1213 3398 1555 3463 Baldovim‘
1611 3398 1893 3463 canonici
1935 3396 2299 3463 Leodc'ensu's
2341 3399 2533 3484 siqni-

353 3517 530 3606 fioat.
2212 3511 2321 3594 (Μ.
2359 3513 2533 3595 122.)

366 3646 734 3714 Reverendo
791 3646 962 3732 patri
1015 3666 1130 3712 s-uo
1188 3650 1252 3712 et
1304 3646 1555 3712 domino
1599 3645 1884 3730 Eugenio
1929 3647 2039 3712 uni
2085 3651 2149 3713 et
2191 3647 2534 3714 universali
2572 3659 2711 3716 1148

213 3762 470 3846 pontifici
523 3763 726 3829 frater
767 3761 1096 3829 Wibaldus
1152 3762 1273 3829 Dei
1329 3763 1536 3846 gratia
1590 3762 1690 3846 id,
1751 3763 1918 3848 quod
1972 3768 2071 3829 est
2110 3763 2180 3829 in
2226 3763 2534 3831 catholica

215 3878 510 3963 aecclesia,
557 3878 958 3946 dilectionem
1000 3878 1117 3945 filii
1163 3884 1228 3945 et
1270 3878 1668 3945 devotionem
1713 3880 1897 3945 servi.

366 3994 759 4063 Venerabilis
802 3996 1001 4083 frater
1042 4001 1259 4062 noster
1302 3994 1704 4080 I(ngrannus)
1751 3996 1944 4063 abbas
1989 3995 2284 4063 ecclesiae
2329 3998 2531 4063 sancti

212 4105 475 4177 Hedardi
493 4107 529 4195 ¹,
577 4132 737 4197 quae
781 4117 1029 4178 vestrae
1074 4111 1301 4177 ditioni
1346 4116 1410 4178 et
1452 4112 1801 4178 defensioni
1845 4113 2205 4199 specialiter
2230 4114 2527 4199 pertinet,

217 4222 250 4287 a
284 4232 490 4293 nostra
534 4228 850 4313 parvitate
896 4228 1191 4314 expetiit,
1247 4232 1320 4293 ut
1364 4228 1676 4295 actionem
1721 4248 1900 4294 suam
1915 4279 1935 4311 ,
1994 4249 2181 4313 quam
2230 4228 2527 4295 adversus

216 4342 563 4424 magistrum
625 4341 1043 4410 Baldovinum
1114 4343 1411 4410 ecclesiae
1476 4343 1844 4410 Leodiensis
1910 4345 2279 4411 canonicum
2345 4344 2527 4412 nobis

340 4481 387 4535 1.
422 4481 848 4540 Suemonensis.
904 4483 1213 4554 Ingranuus
1248 4482 1419 4539 abbas
1453 4483 1618 4539 huius
1643 4484 1961 4541 monasterii
1985 4483 2168 4541 factus
2190 4490 2277 4541 est
2299 4499 2348 4540 a.
2370 4484 2526 4540 1148.

218 4561 279 4621 V.
310 4568 500 4628 Ohron.
524 4571 581 4628 8.
604 4572 852 4629 Medardi
887 4588 977 4642 ap.
1002 4571 1294 4645 D'Achery
1329 4572 1517 4642 Spicil.
1544 4573 1616 4628 11.
1639 4573 1767 4628 489.
