3319 5242
750 421 880 491 252
1518 438 1817 486 wmALm
1860 437 2187 487 amerom
2230 437 2336 484 151.

574 588 713 644 1149
748 583 868 666 ris,
926 579 1191 649 afferens
1236 581 1537 668 parvitati
1582 585 1837 648 nostrae
1881 577 2160 647 litteras¹
2204 585 2453 647 vestrae
2499 581 2892 665 sanctitatis,
2938 603 3080 667 quae

749 699 866 765 hoc
920 698 1448 785 deprecabantur,
1507 702 1579 763 ut
1634 697 1936 763 domnum
1982 696 2348 764 Heinricum
2395 697 2711 782 quondam
2757 698 3081 766 aecclesiae

749 820 1002 882 nostrae
1049 815 1340 882 abbatem
1385 813 1464 880 ad
1510 833 1625 880 nos
1671 813 2220 881 reconciliaremus
2266 819 2331 880 et
2375 811 2687 881 volentem
2733 815 3081 882 conversari

749 933 914 998 inter
968 952 1083 997 nos
1138 950 1262 997 non
1322 929 1789 1016 repelleremus.
1868 930 2045 1008 Quod
2089 950 2237 996 vero
2301 934 2452 996 tunc
2506 931 2574 997 in
2629 932 3082 1016 presentiarum

574 2102 712 2158 1143

745 2210 901 2276 mite
973 2208 1204 2275 Sifrido
1272 2210 1355 2275 ad
1423 2210 1796 2294 dignitatem
1867 2208 2156 2276 abbatiae
2221 2209 2529 2276 violenter
2586 2213 2683 2276 est
2738 2203 3090 2291 intrusus'3

747 2326 972 2393 deinde
1014 2345 1155 2392 cum
1197 2327 1264 2393 in
1292 2324 1642 2413 prelatione
1674 2326 1916 2412 positus
1949 2325 2286 2393 aecclesiae
2314 2325 2557 2392 inutilis
2586 2326 2710 2391 fuit
2736 2330 2802 2391 et
2830 2325 3093 2391 damno-

574 2448 710 2504 1146
747 2463 886 2524 8118;
946 2444 1276 2528 postmodo
1324 2443 1515 2510 etiam
1560 2462 1734 2525 cum,
1794 2463 1871 2509 ex
1917 2441 2039 2509 Dei
2084 2442 2316 2509 iudicio
2362 2442 2713 2529 depositae,
2761 2441 3093 2508 ecclesiam

746 2563 1029 2626 nostram
1075 2559 1291 2626 multis
1340 2564 1403 2628 et
1445 2559 1693 2659 magnis
1739 2559 2009 2644 1111111118,
2066 2559 2134 2626 111
2181 2564 2486 2646 quantum
2532 2557 2758 2646 potuit,
2806 2563 2903 2625 est
2944 2578 3092 2645 per-

745 2680 1013 2743 secutus.
1413 2656 1418 2662 ⁵

925 2791 1278 2877 Siquidem,
1341 2798 1411 2858 ut
1467 2792 1635 2879 apud
1694 2791 2130 2859 excellentiam
2185 2797 2461 2859 vestram
2515 2790 2905 2858 excusabiles
2953 2811 3092 2859 esse

743 2909 1066 2976 valeamus
1080 2959 1099 2992 ,
1145 2908 1484 2976 violentam
1529 2908 1942 2975 intrusionem
1989 2909 2124 2975 eius
2168 2909 2237 2975 in
2283 2908 2599 2976 abbatiam
2643 2907 2863 2993 paucis
2909 2908 3091 2974 vobis

745 3046 1151 3112 exponemuS,
1197 3026 1265 3091 in
1310 3024 1534 3110 quibus
1580 3029 1712 3090 tam
1758 3044 1911 3091 vera
1951 3022 2300 3110 loquemur,
2347 3044 2536 3110 quam
2564 3024 2703 3089 visa
2733 3028 2798 3088 et
2825 3030 3092 3109 experta

550 3150 689 3238 1143
745 3141 1044 3207 dolemus.
1134 3140 1289 3206 Cum
1355 3140 1643 3206 dominus
1702 3144 1918 3206 noster
1969 3141 2114 3227 piae
2168 3140 2470 3207 memorie
2523 3137 2835 3205 Adelbero
2892 3139 3089 3206 abbas

522 3225 625 3273 ’ω
650 3227 709 3273 ²⁹
743 3260 913 3325 viam
959 3258 1289 3324 universae
1333 3257 1540 3322 carnis
1584 3257 1906 3340 ingressus
1953 3252 2173 3341 esset⁸,
2226 3256 2394 3323 idem
2439 3256 2705 3322 domnus
2750 3253 3088 3323 Heinricus

746 3379 883 3442 erat
928 3373 1096 3460 apud
1141 3392 1254 3438 nos
1302 3371 1504 3437 adhuc
1548 3372 1615 3438 in
1663 3373 1843 3438 annis
1889 3373 2364 3457 adolescentiae,
2413 3376 2477 3438 et
2518 3391 2721 3458 nuper
2762 3369 3086 3439 absolutus

745 3490 823 3557 de
880 3490 1143 3572 subiugo
1204 3487 1558 3553 claustralis
1618 3488 1957 3554 custodiae.
2038 3489 2158 3555 Hic
2214 3488 2521 3574 aspiravit
2574 3488 2657 3553 ad
2713 3488 3085 3572 dignitatem

746 3605 1053 3690 abbatiae,
1101 3623 1291 3690 quam
1338 3604 1528 3669 etiam
1574 3604 1842 3690 adeptus
1889 3610 2004 3688 est,
2049 3605 2245 3671 fratre
2291 3625 2403 3671 suo
2450 3605 2677 3671 comite
2710 3603 2946 3671 Sifrido
2984 3626 3084 3672 co-

745 3725 1063 3808 operante.
1133 3719 1310 3786 Misit
1352 3741 1622 3806 namque
1668 3720 1836 3786 idem
1883 3741 2089 3787 comes
2123 3722 2260 3808 ipso
2294 3720 2557 3788 articulo
2587 3722 2914 3808 temporie,
2964 3743 3083 3807 quo

745 3837 937 3909 abbas
984 3836 1194 3903 senior
1240 3836 1609 3920 decesserat,
1658 3843 1932 3904 secretos
1977 3839 2233 3905 nuntios
2280 3838 2361 3904 ad
2397 3836 2836 3922 Moguntinum
2882 3839 3083 3905 archi-

743 3948 1156 4040 episcopum⁴.
1226 3953 1313 4020 Et
1356 3973 1496 4020 cum
1545 3953 1662 4019 hoc
1707 3954 2170 4039 ignoraremus,
2229 3954 2453 4021 callide
2498 3955 2656 4039 egit,
2714 3960 2789 4020 ut
2832 3954 3082 4022 electio-

741 4090 906 4156 nem,
954 4090 1142 4155 quam
1188 4070 1265 4136 de
1310 4071 1760 4138 consuetudine
1807 4071 2171 4138 monasterii
2217 4071 2436 4137 eadem
2481 4071 2583 4137 die
2629 4069 2949 4138 celebrare
2980 4071 3081 4138 de-

555 4210 702 4256 1nn.1
742 4187 1105 4271 bueramuS,
1164 4206 1278 4273 per
1334 4187 1615 4253 triduum
1673 4186 2083 4254 differremus.
2160 4187 2422 4254 Peracto
2479 4187 2719 4272 triduo,
2777 4192 3083 4254 venerunt

739 4302 928 4388 legati
976 4303 1192 4369 domni
1236 4302 1621 4388 Moguntini,
1679 4324 1820 4371 cum
1866 4304 2096 4371 litteris
2141 4304 2342 4391 ipsius
2387 4304 2566 4371 missi
2611 4303 2692 4369 ad
2734 4324 2870 4370 nos.
2950 4304 3080 4371 Lit-

884 4461 932 4515 1.
979 4459 1051 4516 V.
1088 4475 1255 4531 supra
1302 4475 1428 4530 epp.
1455 4461 1559 4516 134
1595 4466 1653 4516 et
1691 4461 1811 4516 135.
1963 4463 2013 4517 2.
2063 4477 2208 4518 anno
2245 4461 2404 4517 1148.
2563 4462 2616 4516 3.
2665 4461 2807 4517 1143
2841 4462 2971 4518 Mai.
2995 4462 3078 4518 29.

738 4550 789 4605 4.
829 4548 1148 4605 Heinricum
1185 4550 1212 4603 Ι
1249 4549 1639 4607 1142—1153.
