3319 5242
1038 466 1340 517 wnmm
1380 466 1712 516 ammom
1756 468 1865 516 224.
2492 451 2625 520 343

281 630 458 703 224.
499 633 826 723 Emensus
869 634 981 702 ΙΠ
1013 659 1199 724 papa
1243 639 1567 725 praelatos
1617 633 1922 703 Poloni'ae
1972 637 2394 725 reprehendit,
2460 641 2631 728 quod

501 753 1194 819 exommunicationem
1224 763 1284 818 et
1308 755 1717 835 interdictvm,
1753 777 1794 819 a
1821 776 1932 819 suo
1963 754 2164 840 leyato
2193 755 2261 818 in
2303 753 2628 822 Wadielat'

500 869 674 934 ducis
718 870 1108 935 adversarios
1142 870 1420 957 prolata,
1466 892 1593 934 non
1638 871 2104 936 observaverint.
2312 867 2421 950 (Μ.
2448 869 2625 952 222.)

450 1000 773 1085 Eugenius
819 1002 1150 1088 episcopus
1197 1021 1416 1069 servus
1462 1022 1788 1070 servorum
1831 1000 1954 1070 Dei
1990 1003 2455 1071 venerabilibus
2497 1005 2625 1071 fra-

267 1118 476 1185 tribus
523 1117 1010 1204 archiepiscopis
1058 1117 1369 1205 episcopis
1419 1124 1483 1185 et
1527 1118 1669 1185 aliis
1716 1117 2159 1186 aecclesiarum
2204 1120 2487 1207 prelatis
2509 1141 2624 1208 per

266 1233 601 1301 Poloniam
643 1234 1004 1300 constitutis
1050 1233 1319 1301 salutem
1364 1240 1428 1301 et
1471 1235 1881 1321 apostolicam
1925 1235 2442 1303 benedictionem.

449 1349 632 1429 Quod
674 1370 787 1417 vos
843 1341 1296 1418 benedictionis
1342 1350 1614 1437 alloquio
1659 1350 2039 1436 salutamus,
2095 1372 2224 1418 non
2270 1373 2350 1419 ex
2394 1353 2623 1420 vestris

263 1466 518 1534 meritis
562 1463 735 1550 fieri,
789 1472 887 1533 set
931 1487 1009 1533 ex
1057 1466 1437 1553 apostolicae
1481 1466 1648 1534 sedis
1694 1468 2080 1552 benignitate
2125 1468 2414 1535 credatis.
2509 1467 2624 1535 Sui

261 1583 439 1650 enim
500 1582 688 1649 debet
738 1582 995 1649 honoris
1054 1582 1269 1649 dolore
1326 1565 1679 1670 prosterni,
1738 1584 2023 1670 quisquis
2069 1583 2430 1672 apostolicis
2475 1605 2623 1652 con-

259 1700 547 1787 tempnit
592 1698 844 1766 obedire
888 1698 1223 1765 mandatiS.
1313 1699 1445 1766 Nos
1486 1700 1829 1786 siquidem,
1875 1721 1991 1788 pro
2036 1702 2238 1768 nostri
2283 1699 2472 1768 officii
2515 1702 2624 1768 de-

258 1817 397 1884 bito
447 1816 528 1883 de
558 1820 772 1883 vestra
816 1821 880 1882 et
923 1815 1142 1903 populi
1172 1817 1349 1884 vobis
1386 1817 1707 1883 commissi
1737 1817 1972 1884 salute*
2003 1817 2278 1902 solliciti,
2326 1817 2621 1885 dilectum

258 1932 471 2000 filium
516 1937 803 1999 nostrum
834 1929 1237 2015 G(uidonem)
1283 1940 1538 2001 sanctae
1580 1933 1903 2000 Romanae
1947 1934 2246 2001 ecclesiae
2290 1934 2623 2001 diaconum

257 2047 657 2116 cardinalem
673 2044 691 2076 ¹
735 2047 816 2114 ad
858 2053 1072 2135 partes
1102 2054 1347 2116 vestras
1393 2049 1544 2116 olim
1589 2049 1958 2135 direximus,
2005 2056 2078 2117 ut
2113 2056 2177 2117 et
2205 2071 2429 2137 pacem
2456 2052 2623 2119 inter

256 2165 733 2247 Wssadislaum)
774 2164 997 2231 ducem
1031 2169 1096 2232 et
1122 2165 1350 2232 fratres
1382 2166 1516 2234 eius
1548 2164 1894 2233 auxiliante
1923 2164 2197 2233 Domino
2228 2166 2623 2253 reformaret,

256 2288 324 2350 et
371 2280 844 2349 aecclesiastica
885 2282 1160 2366 negotia,
1206 2286 1509 2369 tanquam
1555 2279 1936 2369 apostolicae
1980 2282 2150 2348 sedis
2180 2281 2447 2366 legatuS,
2491 2288 2622 2349 tra-

254 2403 487 2466 ctaret.
581 2396 730 2483 Qui,
790 2398 958 2464 sicut
1010 2417 1049 2462 a
1102 2397 1286 2464 nobis
1331 2399 1702 2466 mandatum
1748 2402 2106 2485 acceperat,
2164 2403 2444 2485 partem,
2500 2418 2623 2483 que

253 2515 472 2583 noluit
527 2514 662 2581 eius
716 2514 974 2580 monitis
1028 2513 1316 2599 obedire,
1375 2520 1440 2582 et
1485 2535 1623 2600 eos,
1682 2515 1790 2601 qui
1836 2515 2117 2581 eiusdem
2162 2513 2340 2580 ducis
2386 2519 2621 2580 terram

255 2633 576 2716 detinent,
621 2633 1285 2700 excommunicationis
1314 2631 1564 2699 vinculo
1608 2632 1959 2716 innodavit,
2006 2636 2070 2698 et
2107 2632 2176 2697 in
2204 2636 2377 2698 terra
2404 2631 2623 2699 divina

252 2748 594 2838 prohibuit
635 2746 843 2815 officia
887 2748 1208 2816 celebrari.
1269 2748 1399 2815 Vos
1431 2755 1663 2833 autem,
1709 2750 1874 2815 sicut
1902 2748 2276 2834 accepimus,
2321 2749 2621 2834 quoniam

252 2867 378 2934 hoc
435 2886 585 2933 eum
642 2885 720 2932 ex
780 2865 1078 2932 mandato
1134 2870 1351 2932 nostro
1406 2884 1538 2931 non
1593 2865 1820 2933 fecisse
1873 2865 2186 2948 asseritis,
2243 2865 2621 2932 sententiam

251 2985 474 3072 ipsam
519 2981 782 3048 minime
828 2980 1194 3048 observatis.
1270 2979 1431 3060 Quia
1459 3000 1608 3047 vero
1652 2981 1794 3068 ipse
1838 2980 1957 3048 hoc
2000 2985 2216 3047 nostro
2261 2980 2412 3048 fecit
2437 3001 2618 3047 man-

250 3101 409 3166 dato
425 3149 447 3184 ,
510 3116 625 3164 nos
686 3102 821 3165 tam
876 3097 1538 3164 excommunicationis
1595 3118 1787 3183 quam
1840 3097 2160 3164 interdicti
2217 3098 2615 3183 sententiam,

251 3219 427 3285 sicut
474 3214 555 3282 ab
599 3214 739 3301 ipso
785 3214 937 3280 data
972 3219 1087 3298 est,
1130 3219 1338 3280 ratam
1368 3212 1695 3299 habemus,
1741 3218 1807 3282 et
1846 3219 1921 3281 ut
1949 3233 2061 3279 vos
2102 3232 2241 3280 eam
2272 3212 2615 3281 observetis

251 3340 319 3401 et
366 3330 623 3399 faciatis
663 3327 930 3396 firmiter
959 3329 1302 3415 observari,
1350 3331 1755 3417 precipimus.
1827 3329 1923 3396 Tu
1955 3349 2126 3414 ver0,
2170 3328 2367 3396 frater
2414 3330 2615 3396 archi-

251 3450 595 3538 episcope,
653 3447 757 3513 cui
800 3445 919 3512 hoc
963 3466 1042 3513 ex
1089 3447 1302 3515 debito
1347 3448 1440 3513 tui
1486 3445 1678 3514 officii
1722 3446 2122 3533 potissimum
2166 3446 2487 3531 imminet,
2543 3452 2617 3514 ut

247 3562 725 3634 inexcusabiles
779 3563 938 3647 sint,
999 3563 1289 3629 omnibus
1347 3561 1758 3647 suffraganeis
1815 3564 1942 3629 tuis
1989 3568 2054 3628 et
2097 3561 2239 3629 aliis
2284 3562 2614 3630 aecclesia-

249 3703 406 3751 rum
453 3679 717 3769 prelatis
763 3678 1102 3747 denunciee
1150 3684 1212 3747 et
1257 3680 1635 3747 sententiam
1681 3681 1890 3766 ipsam
1928 3676 2197 3745 firmiter
2226 3679 2519 3746 observes
2551 3684 2616 3747 et

249 3800 462 3868 facias
510 3796 861 3879 observari3
909 3795 1180 3862 sciturus
1226 3796 1395 3882 quia,
1442 3795 1498 3861 si
1543 3795 1685 3881 quis
1729 3801 2011 3862 vestrum
2056 3795 2322 3862 eandem
2365 3801 2614 3862 senten-

251 3916 424 3982 tiam
470 3912 806 3980 observare
849 3912 1142 3997 noluerit,
1188 3912 1354 3980 beati
1390 3911 1565 3978 Petri
1608 3918 1675 3980 et
1716 3918 1970 3979 sanctae
2013 3910 2335 3979 Romanae
2380 3911 2614 3979 aeccle-

251 4033 395 4099 siae
440 4049 573 4096 non
617 4027 874 4113 effugiet
916 4028 1239 4095 ultionem.
1332 4027 1502 4094 Data
1544 4027 1845 4095 Laterani
1896 4031 1979 4095 10
2018 4028 2156 4094 Kal.
2203 4027 2549 4095 Februarii.

408 4206 453 4237 a..
495 4190 642 4237 saluto
670 4189 902 4237 commin}
932 4206 972 4235 c.

406 4288 458 4342 1.
498 4284 556 4341 S.
580 4284 785 4342 Mariae
818 4285 876 4340 in
911 4282 1148 4354 porticu.

1223 4445 1648 4459 —

2682 1015 2822 1070 1150

2660 1089 2753 1137 lan.
2777 1092 2838 1136 23
