3319 5242
925 1195 1224 1281 INITIA
1272 1194 1979 1282 EPISTULARUM

1225 1353 1445 1410 HUIUS
1481 1352 1675 1408 Tom.

244 1731 353 1789 Ab
390 1732 541 1787 exitu
576 1736 763 1787 nostro
800 1749 834 1787 a
872 1774 882 1784 .
959 1774 972 1787 .
1048 1774 1061 1787 .
1136 1774 1149 1787 .

245 1820 582 1891 Accepimus
618 1823 893 1892 querelam
961 1862 973 1875 .
1047 1863 1061 1879 .
1136 1862 1149 1875 .
1224 1862 1236 1875 .

245 1909 526 1979 Acceptis,
564 1910 936 1965 amantissime
962 1951 974 1964 .
1050 1950 1062 1964 .
1139 1952 1150 1964 .

246 1998 509 2068 Acceptis
545 2002 602 2053 et
635 1999 888 2068 perlectis
962 2040 974 2051 .
1049 2040 1061 2052 .
1136 2040 1149 2053 .

246 2086 511 2157 Acceptis
544 2087 739 2142 litteris
774 2087 1092 2144 eruditionis
1139 2128 1152 2141 .
1226 2128 1239 2142 .

247 2175 559 2246 Acephalas
591 2177 801 2231 litteras

247 2265 343 2320 Ad
378 2280 564 2320 eorum
601 2264 1064 2321 subventum..

247 2353 342 2409 Ad
376 2354 708 2424 imperialem
744 2305 1165 2410 munificentiam
1229 2395 1240 2407 .

246 2442 342 2498 Ad
376 2458 494 2512 vos,
533 2458 567 2498 o
602 2442 863 2499 abbatum
965 2485 977 2496 .
1054 2485 1064 2495 .
1140 2484 1153 2496 .
1228 2485 1239 2497 .

247 2531 796 2587 Aecclesiasticorum
834 2532 1097 2589 bonorum
1139 2573 1150 2585 .

249 2619 505 2690 Aequum
542 2627 630 2676 est
664 2628 722 2678 et
753 2621 915 2677 valde
963 2664 975 2674 .
1051 2663 1063 2675 .
1139 2663 1149 2676 .

247 2709 527 2765 Affectum
563 2710 884 2782 dilectionis,
921 2726 1082 2781 quem
1139 2754 1151 2765 .
1227 2753 1238 2765 .

245 2799 398 2855 Ante
434 2799 616 2854 omnia
649 2799 807 2856 vobis

247 2887 397 2942 Ante
432 2904 638 2958 paucos
674 2887 792 2943 dies

247 2976 602 3046 Apostolicae
636 2978 755 3033 sedi
791 2994 1007 3033 omnem
1051 3019 1064 3031 .
1137 3020 1149 3031 .

246 3065 564 3137 Apostolice
600 3065 936 3136 sapientibus
963 3107 975 3120 .
1050 3106 1063 3119 .
1138 3108 1150 3119 .
1225 3107 1237 3119 .

246 3154 548 3224 Apostolus
584 3153 853 3209 Iohannes
963 3194 975 3207 .
1049 3194 1063 3208 .
1138 3195 1151 3208 .

245 3243 498 3312 Arguitis
532 3248 792 3312 nostram,
828 3249 893 3299 ut
963 3282 976 3296 .
1051 3283 1063 3295 .
1139 3282 1153 3297 .
1226 3282 1239 3297 .

247 3331 451 3401 Arguit
485 3347 573 3386 me
608 3332 897 3401 prudentia
965 3373 977 3384 .
1052 3373 1064 3385 .
1140 3371 1153 3385 .

244 3419 615 3476 Attendentes
652 3435 734 3490 ea,
772 3436 914 3492 quae
964 3461 976 3474 .
1051 3462 1063 3474 .
1139 3460 1152 3472 .

246 3508 558 3564 Audierunt
592 3511 746 3564 multi
782 3525 886 3565 ex.
963 3549 976 3563 .
1051 3549 1064 3563 .
1140 3549 1152 3562 .

248 3597 491 3652 Audisse
527 3598 796 3653 credimus
833 3599 1239 3654 excellentiam.

248 3685 460 3740 Audita
494 3687 842 3756 oppressione
876 3692 1064 3742 vestra
1134 3728 1144 3741 .

248 3774 458 3829 Audito
494 3774 734 3830 adventu
768 3779 954 3830 vestro
1050 3816 1062 3827 .
1138 3815 1151 3827 .
1226 3814 1239 3829 .

248 3863 457 3918 Audito
491 3878 590 3933 per
624 3862 825 3919 famam
874 3903 888 3916 .
964 3903 976 3916 .
1052 3904 1064 3915 .
1139 3903 1151 3916 .

249 3951 459 4006 Audito
492 3966 591 4022 per
624 3949 825 4007 famam
875 3991 888 4005 .
964 3991 976 4004 .
1051 3991 1063 4005 .
1139 3992 1151 4006 .

248 4041 578 4097 Audivimus
614 4039 990 4098 conturbatam
1052 4080 1065 4094 .
1141 4082 1152 4094 .

250 4129 657 4187 Benedicimus
692 4131 872 4185 Deum
909 4129 1047 4185 coeli
1138 4169 1150 4182 .
1226 4168 1239 4183 .

250 4219 583 4276 Benedictus
618 4220 786 4289 Deus,
821 4220 915 4289 qui
964 4259 975 4271 .
1051 4257 1064 4271 .
1139 4257 1152 4272 .
1225 4256 1239 4271 .

249 4309 444 4365 Brevis
479 4324 624 4363 nunc
660 4308 731 4363 ad
765 4323 866 4364 vos
963 4347 976 4359 .
1051 4347 1063 4361 .
1139 4348 1151 4361 .

251 4398 577 4468 carissime,
612 4397 877 4468 scripsisti
912 4396 1044 4452 mihi
1140 4436 1152 4450 .

250 4486 577 4543 Carissimus
612 4490 769 4556 pater
802 4491 988 4542 noster
1052 4526 1085 4539 .,
1139 4527 1151 4539 .

249 4574 503 4646 Causam,
540 4565 704 4646 quam
739 4574 811 4630 ad
846 4590 948 4632 nos
1050 4615 1062 4629 .
1137 4614 1149 4629 .
1225 4615 1237 4628 .

875 2217 886 2229 0
961 2217 976 2229 O
1050 2217 1063 2230 C
1138 2216 1152 2230 ·

1310 1670 1415 1715 pag.

1226 1774 1238 1787 .
1312 1735 1417 1789 180

1309 1823 1416 1878 593

1227 1951 1238 1963 .
1308 1911 1417 1965 440

1228 2040 1240 2053 .
1314 2000 1417 2055 104

1311 2089 1419 2144 590

1227 2216 1240 2231 .
1311 2178 1419 2233 344

1227 2305 1239 2319 .
1310 2266 1418 2321 484

1311 2355 1415 2410 457

1349 2445 1416 2498 76

1227 2572 1238 2585 .
1314 2533 1415 2587 151

1227 2663 1240 2675 .
1311 2623 1418 2678 599

1312 2714 1417 2768 262

1227 2841 1238 2854 .
1311 2803 1416 2857 296

1226 2930 1239 2943 .
1314 2891 1417 2945 189

1226 3018 1238 3031 .
1311 2980 1417 3034 583

1311 3069 1416 3122 589

1226 3195 1239 3208 .
1311 3157 1414 3210 351

1311 3245 1416 3299 263

1226 3370 1239 3384 .
1309 3333 1417 3387 403

1228 3460 1240 3473 .
1314 3421 1416 3475 196

1229 3549 1239 3562 .
1314 3510 1417 3564 132

1310 3598 1419 3654 494

1225 3726 1238 3741 .
1309 3688 1417 3742 408

1314 3777 1417 3831 139

1227 3903 1239 3916 .
1309 3866 1417 3919 494

1226 3992 1240 4005 .
1309 3954 1417 4008 495

1227 4081 1240 4094 .
1311 4043 1414 4097 227

1314 4130 1414 4185 131

1314 4219 1418 4274 120

1226 4347 1239 4360 .
1311 4309 1419 4364 314

1226 4436 1240 4450 .
1311 4398 1416 4452 339

1227 4525 1240 4540 .
1313 4488 1418 4542 190

1313 4576 1416 4630 182

1487 1732 1635 1788 Certi
1672 1748 1877 1803 sumus,
1915 1733 2062 1804 quod
2097 1734 2166 1790 de
2199 1774 2211 1787 .
2286 1775 2298 1789 .
2375 1776 2387 1790 .
2460 1776 2474 1790 .

1488 1821 1634 1877 Certi
1669 1837 1874 1891 sumus,
1912 1822 2059 1892 quod
2093 1828 2207 1877 tam
2286 1865 2297 1877 .
2373 1864 2386 1878 .
2461 1865 2475 1880 .

1486 1910 1709 1966 Certum
1746 1927 1812 1965 ac
1846 1909 2061 1967 firmum
2097 1912 2171 1967 sit
2197 1954 2209 1965 .
2287 1954 2297 1965 .
2373 1955 2385 1966 .
2461 1954 2473 1968 .

1486 1999 1710 2055 Certum
1745 2005 1832 2054 est
1865 2004 1924 2055 et
1956 2001 2134 2055 nullus
2200 2040 2213 2054 .
2287 2040 2301 2054 .
2376 2042 2387 2055 .
2463 2043 2475 2056 .

1487 2087 1708 2143 Certum
1745 2092 1847 2157 est,
1883 2088 2013 2156 quia

1486 2176 1729 2231 Clericus
1763 2181 1949 2231 noster
1983 2176 2270 2232 Heinricus
2288 2217 2301 2231 .
2375 2219 2388 2233 .
2462 2220 2476 2234 .

1487 2264 1873 2334 cognovimus,
1908 2265 2218 2320 venerande
2285 2305 2298 2320 .
2374 2308 2386 2319 .
2461 2308 2474 2321 .

1487 2352 1825 2409 Coloniensis
1861 2354 2127 2409 aecclesia
2198 2395 2211 2407 .
2287 2395 2299 2408 .
2375 2395 2387 2408 .
2462 2397 2474 2408 .

1487 2442 1943 2497 Commendamus
1977 2443 2289 2512 paternitati
2374 2484 2386 2497 .
2462 2486 2473 2499 .

1487 2530 1943 2586 Commendamus
1977 2532 2291 2601 paternitati
2376 2572 2389 2587 .
2461 2573 2476 2588 .

1486 2617 1943 2676 Commendamus
1977 2621 2257 2676 serenitati
2288 2662 2299 2675 .
2374 2661 2387 2676 .
2461 2663 2475 2677 .

1487 2708 1959 2780 Commendamus,
1995 2711 2305 2767 venerande
2375 2752 2396 2766 ..
2461 2753 2473 2766 .

1486 2797 1814 2867 Comparata
1845 2798 2003 2855 nobis
2037 2805 2254 2855 vestrae
2287 2843 2299 2853 .
2375 2843 2386 2855 .
2463 2843 2474 2856 .

1490 2885 1827 2942 Confidimus
1861 2888 1932 2943 de
1966 2889 2334 2945 misericordia
2376 2932 2388 2945 .
2461 2931 2475 2945 .

1489 2973 1824 3030 Confidimus
1861 2975 1930 3031 de
1965 2983 2182 3032 vestrae
2285 3018 2297 3031 .
2374 3020 2385 3032 .
2461 3019 2473 3032 .

1490 3062 1942 3133 Congratulamur
1976 3067 2291 3134 paternitati
2374 3107 2388 3121 .
2462 3107 2474 3121 .

1489 3151 1783 3208 Cuiusdam
1820 3154 2080 3223 sapientis
2114 3155 2286 3211 verba
2374 3196 2387 3210 .
2462 3196 2475 3209 .

1487 3240 1625 3296 Cum
1662 3241 1730 3296 de
1766 3242 1958 3297 salutis
1993 3250 2208 3298 vestrae
2287 3284 2299 3298 .
2375 3284 2388 3298 .
2462 3284 2475 3299 .

1488 3329 1625 3384 Cum
1663 3344 1908 3385 essemus
1948 3331 2003 3385 in
2041 3331 2203 3388 domo
2287 3372 2300 3386 .

1488 3417 1624 3472 Cum
1663 3433 1908 3473 essemus
1943 3419 1999 3473 in
2033 3421 2247 3492 synodo
2285 3461 2298 3474 .
2373 3463 2386 3476 .
2461 3462 2474 3477 .

1488 3506 1625 3561 Cum
1662 3507 1717 3561 in
1754 3507 1858 3562 hoc
1893 3508 2097 3564 mundo
2197 3550 2209 3563 .
2285 3551 2298 3564 .
2373 3551 2386 3565 .
2461 3551 2474 3566 .

1488 3595 1625 3650 Cum
1663 3596 1719 3651 in
1753 3601 1853 3651 tua
1885 3597 2227 3653 venissemus
2287 3639 2299 3652 .
2375 3640 2387 3653 .
2462 3641 2473 3653 .

1489 3683 1625 3740 Cum
1662 3685 1821 3741 nobis
1857 3686 1930 3740 sit
1963 3686 2238 3742 insolitum
2287 3729 2298 3741 .
2374 3728 2387 3741 .
2462 3729 2473 3742 .

1489 3773 1626 3829 Cum
1663 3775 1880 3845 quidem
1916 3775 2069 3831 Deus
2103 3791 2213 3832 non
2287 3817 2299 3830 .
2375 3817 2387 3830 .
2460 3817 2473 3831 .

1488 3862 1626 3918 Cum
1663 3867 1814 3919 tuam
1850 3879 1959 3919 non
1994 3865 2298 3934 possimus.
2374 3905 2386 3919 .
2460 3905 2473 3919 .

1489 3952 1626 4007 Cum
1662 3956 1803 4022 tuas,
1839 3953 2186 4009 dilectissime
2286 3993 2298 4007 .
2372 3993 2384 4006 .
2460 3992 2474 4007 .

1488 4040 1625 4096 Cum
1662 4042 2001 4096 venissemus
2035 4041 2091 4096 in
2199 4082 2210 4094 .

1489 4131 1591 4184 De
1626 4131 2011 4199 controversia,
2048 4145 2188 4199 quae
2222 4137 2308 4186 est
2369 4170 2382 4182 .
2457 4171 2469 4184 .

1487 4218 1573 4274 De
1609 4219 1993 4288 controversia,
2030 4234 2171 4288 quae
2206 4219 2346 4275 inter
2371 4261 2381 4271 .
2458 4259 2470 4272 .

1487 4308 1868 4377 Decreveram,
1903 4312 2060 4377 pater
2109 4348 2120 4360 .
2197 4349 2209 4360 .
2283 4349 2293 4360 .
2371 4348 2383 4361 .

1487 4396 1591 4451 Dei
1627 4396 2012 4467 omnipotentis
2047 4395 2224 4466 gratia
2281 4435 2295 4450 .
2368 4435 2381 4449 .
2455 4435 2470 4450 .

1486 4485 1593 4541 Dei
1627 4486 1908 4556 sapientia,
1945 4500 2051 4556 que
2108 4525 2120 4538 .
2195 4525 2207 4538 .
2282 4525 2294 4538 .
2368 4524 2382 4539 .

1486 4574 1802 4630 Delectatus
1838 4591 1976 4646 sum,
2012 4573 2180 4631 frater
2279 4613 2296 4628 .
2368 4613 2381 4627 .
2456 4613 2470 4628 .

2110 2127 2124 2140 0
2199 2128 2212 2140 0
2287 2129 2300 2143 Ο
2377 2130 2389 2143 0
