3319 5242
876 451 1174 498 wmALm
1214 449 1591 499 EPISTOLAE
1635 450 1851 498 94-96.
2407 435 2532 501 169

237 591 479 677 kuinum,
508 592 684 679 pacis
722 592 1100 660 constitutae
1129 593 1196 659 in
1227 613 1410 660 sacra
1439 593 1734 680 passione
1763 593 2080 661 dominica
2096 590 2112 620 ¹
2140 593 2529 679 violatorem,
2569 598 2708 654 1148

236 714 423 775 cuncta
460 709 790 776 restituere
837 715 902 775 et
945 709 1310 777 satisfacere
1354 715 1749 776 commoneat
1793 708 1895 776 vel
1941 711 2057 778 sub
2089 731 2255 797 pena
2283 731 2532 778 excom-

231 825 631 892 municationis
674 825 1030 913 compellat.

233 1034 331 1107 95.
372 1039 696 1107 Heius-icus
738 1043 1170 1108 Romanorum
1217 1063 1331 1105 rea·
1374 1039 1663 1126 Euymio
1708 1041 1814 1107 ΠΙ
1854 1043 2095 1128 qratias
2138 1044 2270 1128 ayie
2314 1043 2391 1108 de
2433 1043 2533 1109 lit-

372 1158 510 1222 teris
560 1158 648 1222 ad
678 1158 998 1244 principes
1041 1158 1255 1221 missis.
1324 1156 1681 1223 Ebruinwm
1726 1159 2116 1245 capellanum
2163 1171 2431 1224 exat-sat.

370 1287 794 1357 Dilectissimo
848 1290 918 1355 in
961 1288 1214 1355 Christo
1259 1290 1428 1375 patri
1473 1310 1586 1356 suo
1628 1289 1914 1374 Eugenio
1962 1297 2205 1358 summo
2250 1289 2535 1377 pontifici
2570 1294 2709 1350 1148

222 1401 521 1471 Heinricus
580 1405 702 1472 Dei
769 1406 976 1490 gratia
1028 1405 1456 1472 Romanorum
1516 1426 1629 1472 rex
1686 1405 1942 1474 filialem
2001 1428 2117 1493 per
2172 1408 2384 1474 omnia
2437 1407 2534 1474 di-

219 1517 519 1588 lectionem
569 1528 635 1588 et
677 1522 955 1589 debitam
998 1522 1068 1588 in
1112 1521 1386 1589 Domino
1429 1515 1867 1589 reverentiam.

372 1636 706 1704 Sanctitati
761 1643 1008 1706 vestrae
1074 1638 1381 1726 plurimas
1444 1639 1792 1723 gratiarum
1847 1639 2125 1706 actiones
2183 1639 2533 1725 referimus,

219 1752 362 1836 quod
401 1760 687 1821 nostram
732 1759 963 1821 etatem
1008 1760 1272 1841 paterno
1315 1753 1543 1822 affectu
1570 1755 1832 1822 visitare
1862 1761 1927 1822 et
1955 1755 2266 1823 consolari
2293 1756 2538 1841 dignati

220 1868 349 1935 estis
392 1890 465 1936 ac
507 1871 900 1958 principibus
944 1871 1125 1954 regni
1168 1871 1348 1938 nobis
1381 1872 1419 1938 a
1445 1871 1582 1938 Deo
1612 1871 1825 1938 collati
1854 1872 2125 1939 sollicita
2150 1872 2537 1958 benignitate

220 1985 464 2053 scribere
473 1983 519 2072 ¹,
579 1987 873 2074 quatinus
929 1988 1111 2055 nobis
1165 1986 1353 2054 fidem
1409 1993 1474 2054 et
1528 1988 1927 2055 dilectionem
1980 1989 2318 2057 exhibeant
2361 1994 2425 2056 et
2468 1991 2535 2056 in

219 2104 763 2171 amministratione
805 2105 985 2188 regni
1028 2103 1211 2171 nobis
1257 2103 1587 2170 consilium
1632 2110 1697 2171 et
1740 2111 2121 2191 oportunum
2157 2106 2536 2172 adiutorium

216 2217 415 2286 ferant.
507 2220 606 2288 Ob
663 2241 854 2306 quam
907 2241 1043 2287 rem
1087 2225 1334 2286 vestrae
1388 2241 1695 2307 personae
1752 2227 1818 2288 et
1867 2226 2304 2289 sacrosanctae
2346 2223 2538 2289 matri

216 2340 441 2403 nostrae
483 2335 807 2404 Romanae
854 2337 1153 2404 ecclesiae
1205 2337 1433 2403 intima
1488 2337 1753 2404 caritate
1808 2338 2018 2405 devoti
2077 2343 2141 2405 et
2198 2338 2279 2405 ad
2303 2338 2537 2405 „defen-

216 2449 430 2518 sionem
474 2452 823 2521 catholicae
868 2453 1165 2521 ecclesiae
1206 2474 1326 2540 pro
1370 2453 1610 2520 viribus
1654 2454 1893 2541 parati,
1949 2454 2384 2522 excellentiam
2429 2476 2537 2523 ve-

217 2571 391 2635 stram
442 2568 629 2637 filiali
687 2570 1047 2639 sinceritate
1103 2570 1480 2654 salutamus,
1539 2570 1828 2638 obtantes
1843 2621 1862 2657 ,
1920 2576 1993 2638 ut
2048 2571 2226 2639 vobis
2280 2577 2414 2639 tam
2466 2573 2535 2640 in

215 2685 403 2753 anima
445 2708 639 2773 quam
684 2688 753 2754 in
797 2707 1057 2775 corpore
1089 2688 1302 2755 omnia
1330 2702 1637 2774 prospera
1666 2689 2003 2756 succedant
2034 2694 2097 2755 et
2125 2694 2198 2754 ut
2225 2688 2537 2757 Dominus

211 2806 473 2871 conterat
530 2804 863 2871 sathanam
916 2805 1032 2872 sub
1075 2804 1342 2891 pedibus
1385 2804 1633 2870 vestris.
1812 2804 2131 2872 Ebruinus
2176 2806 2537 2892 capellanus

212 2920 390 3002 patris
446 2920 655 2987 nostri
712 2926 776 2987 et
832 2924 1046 2987 noster
1102 2920 1268 3007 apud
1325 2920 1761 2987 celsitudinem
1806 2927 2083 2988 vestram
2134 2922 2535 2991 insimulatus

213 3041 312 3120 est,
356 3038 539 3123 quasi
586 3042 835 3104 vestrae
880 3037 1203 3105 sanctitati
1246 3037 1439 3104 verbo
1483 3036 1817 3103 temerario
1853 3043 1962 3103 aut
1990 3037 2398 3124 petulantiori
2428 3040 2537 3107 de-

213 3153 478 3220 traxerit.
558 3153 740 3232 Quod
784 3155 903 3221 etsi
948 3156 1016 3221 in
1060 3156 1327 3221 veritate
1372 3157 1709 3236 constaret,
1755 3147 2278 3220 contemnendum
2322 3160 2536 3222 tamen

211 3272 264 3333 et
300 3290 561 3355 prorsus
593 3270 989 3337 abiciendum
1022 3272 1061 3337 a
1088 3275 1303 3338 vestra
1330 3269 1707 3337 discretione
1738 3274 1921 3336 esset.
1990 3270 2189 3354 Igitur
2218 3272 2535 3358 quoniam,

208 3391 452 3469 urgente
499 3386 763 3453 alterius
808 3386 1164 3471 maledicto,
1213 3387 1511 3473 quiddam
1554 3386 1800 3452 locutus
1847 3392 1962 3471 est,
2009 3388 2177 3472 quod
2222 3389 2537 3457 detractor

209 3519 341 3568 suus
385 3502 705 3571 delatione
747 3503 1151 3590 depravavit,
1205 3502 1409 3569 nostri
1452 3522 1693 3569 memor
1737 3503 1985 3570 bonitas
2029 3510 2241 3571 vestra
2281 3506 2536 3593 inpuni-

206 3621 327 3685 tum
370 3640 519 3688 eum
565 3626 630 3688 et
675 3619 1029 3687 absolutum
1072 3620 1141 3686 in
1181 3619 1575 3706 plenitudine
1619 3620 1861 3703 gratiae
1907 3620 2199 3689 dimittet.

209 3828 318 3900 96.
362 3834 687 3901 Wibaldus
729 3834 1049 3918 Hadwidi,
1095 3839 1300 3902 sorori
1335 3838 1603 3902 Amoldi
1646 3836 2021 3919 cancellarii,
2069 3861 2134 3903 se
2178 3838 2256 3902 ds
2299 3838 2533 3905 littera-

363 3976 513 4016 mm
556 3954 891 4018 cessatione
937 3964 1200 4019 excusat.
1268 3954 1373 4019 De
1417 3955 1544 4017 suis
1584 3954 1845 4038 negotiis
1890 3953 2081 4017 addit.
2254 3951 2362 4033 (M.
2400 3953 2531 4034 79.)

366 4082 595 4151 Frater
628 4083 1005 4168 W(ibaldus)
1037 4085 1158 4152 Dei
1195 4087 1402 4170 gratia
1443 4086 1531 4169 id,
1578 4085 1746 4171 quod
1793 4090 1888 4151 est
1931 4085 1999 4150 in
2042 4085 2350 4152 catholica
2394 4105 2532 4153 aec-
2568 4103 2707 4158 1148

203 4197 399 4285 olenio„
448 4200 718 4268 dilectae
763 4202 964 4268 sorori
1010 4222 1161 4268 suae
1195 4201 1488 4269 Hadwidi
1533 4201 2029 4269 benedictionem
2076 4205 2141 4267 et
2183 4202 2381 4268 vitam
2426 4223 2531 4269 us-

203 4333 310 4400 que
351 4317 422 4384 in
468 4317 769 4384 seculum.

365 4433 794 4521 Reprehendit
835 4453 952 4501 nos
997 4434 1284 4501 fortassis
1332 4440 1397 4502 et
1441 4434 1650 4519 arguit
1696 4432 1946 4500 dilectio
1981 4437 2112 4518 tua,
2158 4434 2344 4520 quod,
2390 4438 2529 4501 tan-

333 4566 384 4621 1.
428 4565 569 4622 1148
600 4565 758 4622 Mart.
783 4566 874 4622 28.
1015 4566 1070 4621 2.
1106 4563 1192 4623 Of.
1229 4580 1355 4637 epp.
1380 4566 1454 4622 80
1486 4570 1547 4622 et
1578 4567 1645 4621 81
1687 4579 1855 4635 supra
1887 4580 1945 4635 p.
1970 4564 2076 4620 154
2097 4569 2158 4621 et
2180 4564 2300 4621 155.
