3319 5242
888 453 1184 500 wmanm
1228 451 1600 499 npmronaa
1642 449 1748 495 161.
1784 449 1889 495 162.
2419 430 2549 495 269

240 598 338 677 est,
378 599 450 659 ut
489 594 880 661 subveniatis
914 614 1235 680 oppresso,
1281 613 1363 659 ne
1391 593 1573 676 forte,
1619 593 1903 659 desertus
1936 609 1979 657 a
2012 589 2443 657 misericordia
2488 595 2552 657 et
2587 594 2728 650 1149

236 709 483 793 iusticia,
532 711 857 797 suppremi
902 710 1124 776 iudicis
1172 710 1567 776 clementiam
1612 713 1872 791 cogatur
1915 707 2250 793 inplorare.

396 826 492 892 De
521 827 709 893 rebus
743 847 888 893 vero
920 826 1384 892 Kaminatensis
1418 824 1756 892 aecclesiae
1785 829 2062 890 vestram
2100 823 2551 907 benignitatem

2594 2357 2732 2411 1149

240 2820 434 2898 patres
492 2822 560 2882 et
616 2815 855 2881 domini
899 2817 1129 2899 nostri,
1188 2816 1443 2883 abbates
1489 2815 1781 2882 videlicet
1827 2813 2168 2896 Saxoniae,
2227 2814 2559 2879 convenire

241 2932 461 3013 pariter
505 2932 853 3018 disponunt
898 2938 961 2998 et
1004 2933 1081 2999 de
1127 2933 1224 2998 his
1269 2932 1455 2998 rebus
1500 2932 1779 3018 pressius
1826 2936 1889 2996 et
1923 2930 2261 2996 studiosius
2289 2935 2571 2995 tractare

241 3051 297 3110 et
338 3049 656 3131 ordinare,
718 3068 877 3133 quae
922 3049 1003 3114 ad
1048 3049 1215 3115 vitae
1257 3052 1509 3114 nostrae
1555 3048 2000 3113 correctionem
2046 3052 2110 3112 et
2151 3046 2560 3111 monasterio-

240 3180 368 3228 rum
431 3170 794 3230 nostrorum
864 3164 1259 3251 disciplinam
1328 3165 1644 3250 pertinere
1710 3167 2068 3228 noscuntur.
2172 3162 2289 3228 Cui
2344 3167 2559 3226 sancto

241 3280 560 3347 conventui
603 3301 739 3364 noS,
787 3280 1067 3346 omnium
1112 3279 1380 3346 extremi
1421 3278 1662 3362 famuli,
1709 3279 1985 3363 gratanti
2019 3278 2226 3343 animo
2257 3279 2560 3344 interesse

228 3392 726 3474 ,desideraremus
782 3401 845 3462 et
899 3416 1113 3462 eorum
1169 3401 1425 3483 aspectu
1472 3400 1658 3481 atque
1703 3394 2009 3480 colloquio
2056 3394 2163 3460 diu
2208 3394 2560 3461 desiderato

242 3512 486 3595 perfrui,
533 3514 659 3578 nisi
688 3513 874 3598 quod,
907 3513 1277 3597 quibusdam
1307 3513 1473 3579 curis
1502 3510 2068 3598 interpellantibus,
2100 3532 2317 3577 versus
2347 3516 2561 3597 partes

243 3622 673 3713 Lotharingiae
717 3648 882 3694 nunc
912 3648 1263 3695 avocamur.
1358 3629 1585 3695 Aderit
1624 3628 1801 3694 vobis
1849 3627 2123 3714 Spiritus
2169 3633 2451 3709 sanctus3
2499 3634 2563 3694 et

243 3761 366 3828 nos,
409 3746 734 3813 vobiscum
779 3750 989 3812 mente
1035 3747 1466 3829 consistentes,
1514 3744 1593 3810 ad
1629 3743 1916 3810 effectum
1946 3744 2288 3830 perducere
2317 3743 2562 3809 curabi-

244 3877 401 3946 mus,
458 3881 863 3948 quaecunque
920 3862 999 3927 ad
1059 3861 1345 3929 decorem
1400 3862 1621 3927 domus
1667 3860 1788 3926 Dei
1842 3860 2060 3927 eodem
2112 3860 2456 3927 mediatore
2500 3865 2565 3925 et

247 3982 481 4045 auctore
526 3979 983 4045 ordinaveritis.
1134 3978 1304 4043 Inter
1348 3982 1596 4043 caetera
1638 3976 1733 4042 illi
1777 3976 1942 4043 malo
1983 3977 2208 4043 fortius
2237 3995 2562 4043 occurren-

246 4089 381 4160 dum
424 4095 565 4179 erit,
612 4095 778 4180 quod
816 4089 1373 4161 Herseveldenses⁸
1403 4092 1692 4160 monachi
1729 4093 1989 4160 fratrem
2020 4099 2324 4174 nosm,
2372 4090 2561 4157 abba-

249 4210 363 4274 tem
405 4207 640 4293 suum‘,
693 4211 772 4277 de
816 4210 1090 4278 claustro
1137 4216 1201 4277 et
1244 4211 1320 4277 de
1367 4210 1619 4277 abbatia
1663 4230 1778 4276 sua
1822 4209 2224 4296 expulerunt3
2285 4211 2347 4273 et
2390 4205 2562 4272 nullo

250 4319 309 4386 in
360 4345 499 4393 eum
552 4325 920 4394 iudiciariae
978 4327 1242 4394 actionis
1302 4326 1520 4392 ordine
1573 4326 1883 4393 celebrato
1897 4375 1916 4410 ,
1973 4326 2149 4411 prius
2202 4322 2456 4390 exulare
2500 4326 2565 4388 et

377 4468 424 4520 1.
469 4466 539 4522 V.
577 4483 662 4536 ep.
693 4467 763 4521 83
810 4482 976 4536 supra
1024 4482 1078 4535 p.
1108 4466 1227 4520 15⁷.
1381 4469 1431 4521 2.
1482 4467 1665 4535 papali
1712 4465 1967 4522 Gnidoni.
2024 4464 2095 4520 V.
2131 4479 2219 4533 ep.
2250 4464 2352 4519 160
2397 4479 2564 4533 supra

252 4562 300 4617 p.
320 4553 431 4610 266.
574 4557 629 4611 3.
664 4572 711 4611 s.
736 4555 1211 4613 Rosenfeldenses.
1352 4555 1404 4610 4.
1440 4555 1714 4613 Adonem.
