3319 5242
934 444 1227 491 wmALm
1266 444 1643 492 ‹amsa-onan
1685 445 1760 490 32.
1793 444 1867 490 ss.
2442 428 2562 492 111

236 582 401 669 poris
433 603 509 649 ac
536 601 786 650 morum
818 584 1086 669 qualitas
1118 584 1540 671 periculosior.
1599 584 1757 651 Cum
1790 585 2299 671 occupationibus
2330 585 2564 651 nostris
2604 589 2739 644 1147

235 697 620 784 explicandis
674 705 809 766 tota
852 700 984 767 dies
1030 721 1155 767 non
1201 699 1499 786 sufficiat,
1555 700 1709 767 haec
1753 706 1998 767 vestrae
2044 701 2394 767 sinceritati
2437 721 2567 767 una

232 820 371 900 post
414 817 760 881 matutinas
791 816 1038 900 vigilias
1066 817 1608 884 lucubratiuncula
1637 818 1894 902 propria
1922 837 2114 882 manu
2147 818 2564 902 exaravimus,

232 930 499 997 multum
529 931 976 1018 supplicantes,
1022 939 1112 1015 ut,
1158 935 1321 999 sicut
1350 933 1427 1000 de
1455 938 1669 1000 vestra
1698 934 1931 1019 pietate
1963 931 2349 1018 confidimus,
2384 953 2566 999 orare

233 1066 340 1133 pro
386 1047 572 1113 nobis
618 1047 979 1132 dignemini.
1051 1047 1289 1115 Valete.

235 1371 351 1444 33.
406 1377 730 1442 conradus
768 1377 876 1443 HI
908 1401 1021 1443 rex
1066 1378 1352 1465 Euqem'o
1386 1379 1498 1444 ΠΙ
1522 1402 1734 1466 papae
1777 1379 2105 1465 respondet
2147 1379 2223 1442 de
2269 1377 2561 1443 Heinrico

391 1493 542 1584 filio
587 1516 729 1579 ’τρε
776 1494 957 1559 electo
1005 1495 1199 1582 deque
1236 1517 1412 1559 mee
1441 1505 1740 1581 suscepta.
1810 1494 1980 1559 Eum
2010 1495 2389 1580 Arqentinae
2417 1516 2560 1558 con-

402 1611 615 1672 venire
657 1609 799 1673 vult.
870 1608 1141 1696 Leyatos
1185 1633 1327 1674 suos
1374 1612 1774 1676 commendat.
2283 1606 2391 1688 (M.
2427 1609 2559 1689 20.)

404 1756 833 1824 Dilectissimo
888 1759 954 1825 in
1009 1759 1259 1826 Christo
1328 1761 1494 1845 patri
1563 1780 1676 1825 suo
1731 1758 2067 1843 E(ugenio)
2137 1763 2388 1824 sanctae
2438 1757 2561 1824 Ro-
2599 1771 2733 1825 1147

228 1893 450 1940 manae
500 1873 834 1942 aecclesiae
890 1896 1133 1942 summo
1191 1873 1467 1962 pontifici
1513 1874 1888 1956 C(onradus)
1935 1875 2056 1941 Dei
2100 1876 2304 1959 gratia
2334 1873 2561 1958 Roma·
2599 1844 2728 1889 '¹⁸¹¹'

227 2010 449 2056 norum
510 2011 622 2056 rex
680 1997 743 2057 et
799 2012 1046 2078 semper
1104 1997 1404 2075 augustus
1448 1990 1705 2058 filialem
1749 2012 1863 2077 per
1907 1992 2121 2057 omnia
2164 1991 2557 2058 dilectionem

227 2111 286 2172 et
327 2105 613 2173 debitam
657 2108 723 2173 in
770 2107 1040 2174 Domino
1085 2108 1519 2188 reverentiam.

368 2222 679 2289 ,Litteras
746 2223 1098 2290 sanctitatis
1166 2229 1410 2290 vestrae
1466 2244 1582 2310 per
1635 2223 1914 2307 legatum
1970 2227 2250 2289 vestrum
2264 2273 2282 2306 ,
2353 2225 2558 2291 virum

226 2339 476 2424 utique·
508 2338 687 2405 nobis
733 2359 875 2405 cum
910 2340 1080 2405 omni
1110 2339 1440 2405 dilectione
1471 2345 1534 2406 et
1563 2339 1798 2405 honore
1829 2339 2300 2424 nominandum,
2333 2340 2558 2421 T(heo-

227 2454 547 2535 devinam)
594 2460 844 2521 sanctae
889 2454 1147 2521 Rufinae
1206 2456 1568 2543 episcopum
1622 2455 1851 2520 missas
1905 2456 2263 2539 gratissime
2316 2458 2559 2543 accepi-

226 2590 360 2638 mus
421 2575 517 2655 et,
577 2591 734 2657 quae
788 2571 855 2638 in
911 2572 1067 2659 ipsis
1124 2573 1633 2656 continebantur,
1692 2569 1868 2638 filiali
1914 2577 1976 2639 et
2021 2573 2242 2639 intima
2287 2572 2558 2640 karitate

228 2687 305 2753 ad
357 2687 648 2754 effectum
710 2688 1135 2773 perduximus.
1209 2688 1531 2773 Siquidem
1587 2687 1663 2754 de
1716 2688 2108 2755 ordinatione
2155 2692 2331 2773 regni
2376 2690 2557 2757 nobis

229 2802 266 2867 ὁ,
306 2803 442 2869 Deo
490 2805 801 2887 concessi,
861 2823 1049 2890 super
1095 2825 1219 2889 qua
1263 2824 1376 2870 nos
1423 2811 1688 2891 paterna
1731 2803 2148 2871 sollicitudine
2192 2825 2447 2872 monere
2494 2812 2557 2872 et

228 2919 546 2985 exhortari
604 2920 900 3002 curastis,
958 2939 1191 3003 magna
1246 2939 1387 2986 cum
1445 2921 1788 2987 attentione
1842 2925 1906 2987 et
1948 2918 2276 3003 diligentia
2319 2923 2385 2987 in
2428 2922 2554 2988 fre-

227 3036 438 3120 quenti
495 3036 851 3122 principum
904 3041 1214 3101 conventu
1271 3036 1436 3121 apud
1482 3034 1983 3121 Frankenevort,
2040 3038 2146 3105 ubi
2199 3036 2552 3123 generalem

227 3152 463 3218 curiam
525 3151 887 3233 habuimus,
945 3151 1220 3217 studiose
1279 3157 1342 3217 et
1398 3150 1732 3219 efficaciter
1776 3152 1911 3220 Deo
1958 3157 2277 3239 prestante
2322 3158 2554 3219 tracta-

227 3268 448 3353 vimus,
496 3267 906 3352 ordinataque
952 3272 1015 3333 et
1057 3266 1305 3333 firmata
1348 3269 1666 3334 communi
1709 3290 1823 3356 per
1864 3290 2079 3336 omnes
2108 3270 2288 3353 regni
2317 3269 2552 3336 nostri*
2640 3323 2647 3331 .

228 3389 435 3469 partes
481 3382 684 3450 solida
727 3402 902 3470 pace,
948 3381 1146 3448 filium
1179 3389 1463 3449 nostrum
1495 3384 1861 3451 Heinricum
1890 3385 1956 3452 in
1987 3406 2198 3469 regem
2229 3390 2291 3452 et
2321 3385 2554 3472 sceptri

228 3500 421 3565 nostri
467 3519 889 3566 successorem
923 3500 1205 3566 unanimi
1242 3500 1597 3586 principum
1629 3502 2013 3568 coniventia⁶
2046 3506 2109 3569 et
2138 3502 2332 3567 alacri
2361 3502 2552 3568 totius

226 3615 403 3698 regni
446 3616 891 3682 acclamatione
938 3616 1223 3699 electum,
1269 3616 1583 3683 mediante
1628 3616 1746 3682 hac
1793 3618 2267 3702 quadragesima
2285 3614 2301 3644 ¹
2345 3618 2410 3684 in
2438 3639 2552 3705 pa-

226 3727 376 3797 latio
409 3732 796 3817 Aquisgrani
840 3748 1135 3799 coronare
1150 3732 1193 3816 ‘¹,
1241 3731 1455 3798 divina
1498 3740 1799 3819 preeunte
1845 3733 2292 3817 misericordia,
2340 3733 2552 3800 decre-

229 3847 442 3913 vimus.
627 3848 790 3914 Sane
837 3847 1000 3933 quod
1047 3847 1437 3914 dulcedinem
1483 3855 1757 3915 vestram
1802 3851 2018 3933 movit,
2074 3870 2187 3915 nos
2231 3870 2367 3916 rem
2411 3855 2552 3916 tan-

229 3967 376 4047 tam,
420 3964 657 4031 scilicet
701 3964 778 4029 de
824 3965 1001 4047 signo
1047 3963 1328 4030 vivificae
1370 3966 1570 4030 crucis
1603 3971 1666 4031 et
1695 3966 1772 4031 de
1801 3971 2015 4032 tantae
2045 3971 2297 4050 tamque
2327 3965 2550 4049 longae

233 4080 636 4164 expeditionis
699 4060 1053 4167 proposito,
1121 4080 1352 4165 absque
1410 4086 1621 4146 vestra
1680 4082 2061 4147 conscientia
2114 4082 2546 4167 assumpsisse,

234 4191 311 4258 de
338 4214 554 4279 magno
584 4216 771 4262 verae
800 4196 1151 4262 dilectionis
1183 4194 1407 4262 affectu
1439 4198 1762 4282 processit.
1828 4195 1937 4263 Set
1969 4196 2241 4284 Spiritus
2273 4202 2545 4281 sanctus,

370 4358 407 4390 ι.
436 4347 574 4406 itique
608 4364 648 4392 c.
742 4362 752 4373 ⁴
769 4345 815 4392 b.
856 4346 945 4392 mei
975 4348 1018 4391 t‘n
1053 4347 1156 4392 cod.
1189 4356 1428 4393 correctum
1460 4358 1526 4395 est
1557 4350 1600 4393 in
1633 4347 1792 4394 nostri.
1917 4361 1956 4394 c.
1997 4350 2066 4393 εἰσ
2096 4350 2139 4394 fn
2174 4348 2277 4395 cod.
2309 4357 2545 4394 correctum

231 4431 301 4470 a!
328 4426 640 4474 murmontis.
762 4425 809 4473 d.
838 4429 908 4473 εἰι·
937 4444 1050 4472 corr.
1082 4425 1225 4493 eu'n‘p
1257 4428 1359 4474 cod.
1391 4426 1615 4475 ordinare.

374 4520 416 4573 1.
454 4521 487 4575 i.
514 4536 562 4577 e.
599 4520 691 4577 die
727 4521 797 4576 30
834 4537 904 4577 m.
932 4521 1125 4577 Martii.
