3319 5242
708 447 841 513 214
1377 464 1676 511 wmALm
1718 463 2098 512 nme-rom
2135 463 2241 510 ise.
2278 464 2385 509 1117.

528 610 673 667 1148
706 607 892 690 ginae
947 610 1224 672 vestram
1279 606 1696 675 eruditionem
1752 606 2086 672 manifeste
2144 605 2508 672 docuerunt.
2579 605 2698 672 His
2752 606 3049 673 nimirum

708 728 773 789 et
827 721 968 788 aliis
1021 742 1236 789 rerum
1280 720 1755 788 difficultatibus
1800 720 2153 809 perterriti,
2216 721 2367 807 quid
2412 727 2663 789 vestrae
2707 722 3051 809 sapientiae

702 838 1083 925 respondere
1129 838 1466 905 debeamus
1513 843 1624 905 aut
1667 839 1736 904 in
1782 859 1903 924 quo
1951 837 2290 904 aecclesiae
2336 839 2516 905 nobis
2564 839 2940 905 commissae
2985 857 3054 904 ae

704 960 958 1021 nostrae
1004 955 1199 1040 quieti
1245 954 1641 1021 consulamus
1657 1004 1677 1039 ,
1734 975 1813 1022 ex
1870 953 2305 1021 imbecillitate
2347 956 2581 1021 mentis
2624 960 2885 1022 nostrae
2928 975 3052 1020 non

702 1068 888 1138 facile
943 1071 1292 1156 disquirere
1337 1071 1677 1157 potuimus.
1751 1070 1863 1136 Set
1907 1070 2332 1136 considerabit
2376 1075 2443 1137 et
2487 1071 2949 1138 animadvertet
2998 1076 3056 1138 et

705 1186 893 1271 eliget
947 1187 1242 1254 discretio
1299 1192 1542 1270 vestra,
1601 1185 1752 1272 quid
1811 1190 2032 1252 sancta
2073 1191 2280 1253 mater
2322 1192 2543 1253 nostra
2584 1186 2872 1254 Romana
2918 1199 3057 1254 aeo-

702 1302 896 1371 clesia
939 1304 1008 1369 in
1051 1303 1170 1370 hac
1214 1323 1406 1369 causa
1450 1302 1605 1368 velit
1649 1302 1983 1369 admittere
1996 1352 2016 1385 ,
2074 1303 2227 1388 quid
2272 1302 2670 1370 Corbeiensis
2716 1303 3060 1371 aecclesiae

700 1421 846 1505 paci
890 1419 1254 1503 conveniat,
1309 1418 1461 1503 quid
1505 1423 1759 1485 nostrae
1805 1418 2003 1502 quieti
2048 1417 2368 1505 proficiat,
2415 1420 2569 1504 quid
2612 1420 2871 1487 tandem
2919 1441 3058 1488 aec-

701 1535 895 1602 clesia
949 1535 1028 1602 de
1073 1534 1410 1601 Aldesleve
1428 1532 1444 1561 ¹
1489 1538 1552 1600 et
1611 1534 1852 1600 amicus
1908 1539 2126 1601 noster
2181 1535 2464 1602 marchio
2520 1536 2590 1602 in
2641 1537 2761 1603 hoc
2802 1538 3058 1622 negotio

701 1657 837 1719 tute
890 1652 1172 1737 recipere
1229 1650 1457 1717 valeat,
1538 1650 1704 1716 Nam
1760 1650 2024 1717 verbum
2080 1651 2158 1718 de
2213 1649 2581 1736 Aldesleve,
2647 1653 2816 1739 quod
2872 1654 3060 1721 nobis

701 1788 818 1854 per
871 1768 1164 1833 nuntium
1220 1773 1532 1851 vestrum,
1588 1787 1718 1832 non
1771 1768 1842 1831 in
1892 1765 2154 1851 litteris,
2215 1771 2519 1852 tanquam
2564 1789 2702 1835 rem
2748 1776 3061 1837 secretam

701 1884 1083 1967 mandastis,
1138 1883 1270 1948 iam
1331 1882 1496 1969 apud
1555 1903 1669 1948 nos
1727 1882 2056 1966 vulgatum
2109 1887 2263 1949 erat4
2338 1883 2666 1969 Siquidem
2721 1885 2833 1952 ille
2889 1887 3062 1953 idem

702 1999 903 2065 bonus
949 2000 1049 2064 vir
1094 1997 1283 2064 solita
1326 1997 1582 2065 levitate
1625 2018 1757 2065 non
1802 1999 2021 2065 amicis
2067 2004 2167 2065 set
2211 1994 2674 2086 depositoribus
2721 2001 2876 2085 suis,
2936 2022 3062 2069 non

702 2114 1119 2181 familiaribus
1154 2120 1252 2181 set
1276 2121 1427 2201 post
1454 2115 1913 2201 depositionem
1944 2135 2126 2180 suam
2169 2115 2360 2182 etiam
2390 2116 2847 2184 infamantibus
2882 2128 3065 2185 611111·

701 2231 817 2299 1166
847 2232 1080 2298 eadem·
1094 2230 1571 2318 propalaverat3
1620 2236 1687 2297 et
1729 2231 2002 2315 eosdem,
2049 2236 2121 2297 ut
2151 2231 2231 2297 ad
2263 2232 2451 2317 diem,
2501 2253 2623 2318 quo
2662 2254 2780 2300 nos
2812 2240 2881 2301 et
2925 2235 3067 2322 ipse

701 2349 1071 2415 conventuri
1116 2367 1388 2430 eramus,
1434 2346 1743 2430 venirent,
1790 2351 2144 2431 rogaverat,
2192 2366 2338 2414 cum
2369 2369 2484 2415 nos
2515 2349 2595 2416 de
2622 2350 2742 2416 hac
2786 2370 3067 2418 conven-

701 2466 872 2531 tione
904 2484 1162 2551 prorsus
1192 2463 1650 2547 ignoraremus,
1699 2468 1889 2548 atque
1929 2463 2070 2529 ideo
2113 2464 2645 2532 reconciliationis
2675 2466 3069 2553 colloquium

702 2581 878 2668 prius
922 2580 1047 2647 fuit
1088 2578 1271 2647 nobis
1317 2584 1682 2667 suspectum
1728 2599 1919 2665 quam
1962 2580 2305 2665 cognitum.

709 2794 743 2863 1
760 2793 883 2865 37.
923 2796 1283 2860 Reinardus
1308 2797 1499 2861 abbas
1520 2795 1995 2861 Reinehmensis
2030 2795 2385 2862 wibaldum
2412 2809 2613 2884 roqat,
2639 2797 3020 2874 Heinn‘eQm
3042 2797 3085 2864 I

927 2913 1226 2977 deiectum
1257 2913 1539 2976 abbatem
1571 2911 1993 2978 Corbeiemem
2023 2913 2411 2999 indulqenter
2437 2911 2676 2979 habeat.
2731 2911 2846 2992 (Μ.
2884 2914 3072 2994 119.)

527 3060 667 3118 1148
880 3043 1130 3111 1)6111116
1152 3042 1493 3125 W(ibaldo)
1527 3043 1874 3110 venerabili
1904 3042 2271 3110 Corbeiensi
2302 3044 2514 3111 abbati
2542 3044 2741 3112 frater
2767 3045 3076 3130 R(einar-

704 3161 846 3242 dus)
886 3161 957 3226 in
1000 3160 1297 3227 abbatum
1327 3180 1592 3225 numero
1627 3159 1951 3244 minimus,
1999 3160 2297 3245 quicquid
2326 3159 2728 3228 fidelissimus
2765 3182 2847 3230 ac
2876 3164 3079 3231 devo-

705 3279 988 3345 tissimus
1036 3275 1304 3341 animus.

883 3391 1257 3459 Dilectionis
1286 3395 1535 3456 vestrae
1576 3391 1955 3474 presentiae,
2000 3390 2283 3456 virorum
2311 3392 2667 3477 karissime,
2714 3413 3083 3481 proposue-

706 3529 843 3575 ram
888 3527 991 3575 me
1036 3505 1449 3593 corporaliter
1495 3504 1822 3591 exhibere,
1881 3512 1979 3573 set
2020 3527 2102 3573 ne
2146 3507 2216 3573 id
2257 3506 2467 3592 fieret,
2516 3510 2917 3593 equitatui-e·
2969 3513 3083 3579 de-

706 3626 906 3692 fectus
937 3622 1283 3711 prohibuit,
1315 3641 1502 3707 quem
1529 3621 1689 3687 mihi
1721 3622 2048 3689 cuiusdam
2069 3624 2217 3690 vani
2241 3630 2306 3691 et
2326 3623 2553 3710 perfidi
2581 3624 2860 3693 hominis
2892 3629 3084 3696 fraus

710 3747 774 3808 et
804 3741 1089 3827 deceptio
1120 3740 1289 3805 fecit.
1360 3738 1560 3822 Igitur
1588 3739 1773 3804 venio
1806 3759 1919 3825 per
1948 3738 2194 3807 litteras
2233 3746 2299 3806 et
2327 3741 2642 3827 spiritum,
2674 3762 2747 3808 eo
2776 3751 3085 3813 vestram

708 3857 1113 3923 dilectionem
1168 3855 1450 3921 salutans
1508 3851 1767 3937 affectu,
1827 3876 2014 3940 quem
2058 3875 2172 3920 vos
2218 3875 2298 3920 ex
2342 3854 2530 3940 longo
2575 3858 2887 3943 probasse
2950 3882 3085 3928 non

710 3973 944 4039 dubito.
1016 3972 1289 4039 Causam
1343 3991 1492 4037 vero
1506 4020 1525 4055 ,
1586 3991 1706 4056 que
1751 3991 1854 4037 me
1908 3970 2028 4038 hoc
2083 3977 2369 4058 tempore
2418 3978 2635 4060 preter
2678 3972 3088 4044 visitationis

707 4094 955 4157 vestrae
1002 4087 1383 4154 desiderium
1427 4087 1645 4153 venire
1691 4086 1995 4172 voluerat,
2039 4088 2526 4174 probatissimae
2566 4089 2952 4159 discretioni
2997 4095 3087 4160 si-

708 4205 965 4290 mulque
1010 4204 1235 4292 pietati
1277 4208 1526 4271 vestrae
1572 4203 1919 4288 committo,
1968 4204 2262 4289 quatinus
2295 4204 2465 4291 apud
2506 4224 2648 4271 eam
2675 4224 2803 4271 non
2852 4209 3088 4276 minus

710 4341 827 4408 pro
862 4341 939 4388 ea
978 4341 1124 4386 mea
1166 4321 1407 4407 scripta
1435 4339 1625 4406 quam
1655 4320 1838 4386 vivae
1868 4320 2039 4386 vocis
2068 4319 2263 4388 verba
2292 4319 2565 4404 valeant,
2591 4325 2656 4386 et
2682 4320 2770 4405 hi,
2819 4323 2947 4407 qui
2978 4346 3090 4393 me

857 4486 898 4518 a.
941 4471 1263 4518 infamantibus
1295 4485 1398 4518 eum
1429 4473 1596 4530 scripsi·
1617 4487 1705 4530 pro
1736 4470 1905 4517 insama
1935 4471 2038 4518 cod.
2161 4470 2207 4517 b.
2241 4470 2443 4531 equitare
2476 4489 2514 4518 c.

858 4567 911 4620 1.
947 4565 1280 4635 Oldisleben‚
1318 4580 1479 4621 coen.
1501 4565 1555 4620 d.
1582 4565 1958 4636 moguntinae,
1993 4565 2065 4622 ab
2100 4564 2360 4624 Erfordia
2392 4565 2465 4621 ad
2499 4565 2965 4635 septemtriones.
