3319 5242
1006 473 1303 521 wmALm
1345 473 1678 522 musmona
1719 473 1795 521 87.
2447 460 2572 526 117

239 609 356 682 3⁷.
407 614 797 680 Corbet'enses
842 614 1163 681 Widonem
1208 617 1643 683 cancellarium
1681 618 1982 704 papalem
2025 630 2280 705 royant,
2336 631 2405 684 ut
2444 620 2573 686 Wi-

406 730 581 795 baldu‘
620 732 882 817 negotiis
912 731 1154 819 faveat.
2297 732 2406 815 (Μ.
2441 735 2572 817 16.)
2663 766 2670 772 ·

406 861 679 928 Domino
727 869 791 929 et
832 864 1036 950 patri·
1064 863 1410 931 venerabili
1438 863 1764 949 W(idoni),
1813 885 2093 933 summae
2124 867 2291 933 sedis
2322 873 2573 954 aposto-

231 977 386 1045 licae
432 978 806 1045 cancellario
821 1029 840 1064 ,
892 980 1174 1047 universi
1215 982 1443 1047 fratres
1491 979 1887 1047 Corbeiensis
1933 982 2269 1049 aecclesiae
2314 983 2572 1068 exiguas

231 1095 547 1161 orationes
590 1095 659 1161 in
702 1094 992 1162 Domino.

407 1210 718 1288 Quoniam
771 1211 1112 1278 multorum
1154 1212 1592 1296 religiosorum
1637 1217 1703 1279 et
1746 1217 2105 1278 sanctorum
2149 1213 2429 1279 virorum
2474 1214 2570 1280 in-

229 1326 390 1393 dicio
436 1327 639 1393 mirae
683 1332 747 1394 et
788 1328 1228 1395 inestimabilis
1275 1330 1731 1416 compassionis
1777 1330 1944 1396 circa
1989 1326 2251 1395 afflictos
2283 1335 2348 1396 et
2374 1331 2570 1398 variis

228 1442 660 1510 calamitatum
702 1444 974 1511 miseriis
1021 1465 1353 1532 oppressos
1400 1466 1510 1511 vos
1557 1466 1695 1512 esse
1735 1444 2174 1531 comperimus,
2223 1465 2404 1512 aures
2433 1447 2572 1533 pie-

224 1560 371 1626 tatis
416 1564 671 1627 vestrae
720 1581 836 1646 pro
884 1561 1180 1628 ecclesiae
1225 1566 1480 1628 nostrae
1526 1561 1780 1628 diversa
1820 1560 2294 1647 perturbatione
2339 1561 2569 1628 litteris

224 1675 592 1761 exiguitatis
637 1680 889 1743 nostrae
936 1677 1287 1744 studuimus
1333 1677 1770 1764 interpellare,
1816 1681 1918 1762 ut,
1967 1678 2264 1763 quoniam
2306 1679 2569 1746 nuncios

222 1797 474 1858 nostros
520 1791 603 1858 ad
647 1792 946 1859 domnum
993 1814 1224 1880 papam
1270 1813 1386 1881 pro
1433 1794 1639 1860 causis
1688 1792 2024 1860 aecclesiae
2071 1793 2327 1877 agendis
2364 1798 2570 1861 trans-

221 1907 543 1992 misimus,
612 1914 825 1975 vestra
878 1909 1288 1996 opitulatione
1345 1909 1592 1976 facilius
1650 1909 1797 1976 inde
1854 1909 2281 1996 expediamur.
2371 1909 2570 1995 Igitur

220 2029 470 2091 vestrae
513 2025 1023 2109 magnanimitati
1064 2026 1478 2111 suggerimus,
1528 2026 1823 2113 quoniam
1861 2025 2125 2091 domnus
2157 2025 2566 2111 H(einricus),

221 2141 323 2227 qui
367 2140 564 2207 huius
610 2141 948 2209 aecclesiae
994 2141 1186 2210 abbas
1235 2144 1465 2227 extitit,
1516 2142 1685 2230 apud
1729 2141 2029 2208 domnum
2060 2141 2364 2207 Thomam
2401 2143 2567 2210 sedis

220 2257 604 2344 apostolicae
662 2257 972 2342 legatum,
1032 2278 1176 2324 cum
1223 2264 1389 2325 esset
1430 2259 1500 2324 in
1541 2257 1679 2325 loco
1723 2262 1972 2341 nostro,
2030 2277 2145 2343 pro
2193 2258 2568 2342 quibusdam

220 2373 514 2461 capitulis
584 2380 909 2441 accusatus
979 2380 1043 2441 et
1102 2375 1368 2441 testibus
1435 2375 1711 2441 inductis
1767 2372 2131 2440 indefensus
2186 2374 2448 2461 insuper
2504 2380 2569 2442 et

219 2490 450 2557 suimet
507 2491 898 2558 confessione
953 2512 1097 2558 reus
1141 2491 1610 2574 manifestatus,
1672 2489 1863 2574 digna
1907 2489 2218 2555 sententia
2262 2510 2413 2557 suae
2458 2490 2567 2559 de-

218 2607 552 2694 positionis
607 2607 910 2675 multatus
976 2611 1104 2691 est3
1170 2612 1234 2674 et
1286 2607 1354 2674 in
1413 2606 1620 2673 locum
1679 2606 1812 2673 eius
1869 2605 2134 2672 domnus
2180 2604 2564 2691 H(einricus)

218 2724 580 2812 prepositus
627 2729 723 2790 est
768 2728 1147 2810 assumptus.
1220 2723 1411 2789 Cuius
1457 2723 1747 2790 electioni
1784 2742 1926 2789 cum
1958 2723 2168 2806 gravis
2200 2721 2564 2791 reclamatio

217 2843 280 2906 et
334 2839 735 2927 quorundam
787 2841 1056 2906 fratrum
1101 2845 1459 2905 nostrorum
1506 2844 1571 2906 et
1615 2840 1808 2906 etiam
1852 2838 2159 2905 laicorum
2202 2844 2564 2906 nostrorum

216 2953 395 3023 fieret
445 2959 513 3023 et
557 2957 735 3040 gravi
782 2956 1098 3023 discordia
1141 2954 1443 3023 aecclesia
1485 2954 1992 3042 perturbaretur,
2048 2954 2251 3039 Deus,
2310 2957 2563 3023 univer-

217 3092 430 3138 sorum
488 3071 679 3139 saluti
735 3072 922 3139 solita
975 3072 1210 3159 pietate
1268 3070 1628 3155 consulens,
1691 3090 1835 3137 eum
1895 3071 2127 3136 exemit
2184 3070 2263 3137 de
2319 3072 2559 3155 medio;

217 3207 364 3254 nam
406 3189 521 3255 vix
567 3193 836 3274 quatuor
877 3188 1197 3255 mensibus
1239 3188 1490 3275 prefuit.
1562 3187 1698 3265 Quo
1730 3186 2083 3272 absumpto,
2130 3186 2395 3253 domnus
2427 3186 2560 3255 Wi-

217 3303 439 3371 boldus
500 3304 694 3371 abbas
743 3303 1133 3371 Stabulensis
1187 3304 1471 3370 unanimi
1524 3323 1833 3370 consensu
1876 3301 2324 3368 monachorum
2371 3303 2561 3370 simul

218 3425 281 3487 et
329 3420 640 3489 laicorum
685 3440 829 3488 cum
871 3440 1104 3504 magna
1147 3420 1482 3487 concordia
1525 3418 1838 3502 omnium,
1893 3417 2290 3504 presentibus
2334 3416 2560 3500 B(ern-

215 3520 439 3621 mdo)
476 3532 1014 3605 Patherburnensi
1060 3537 1353 3624 episcopo
1398 3534 1497 3604 et*
1543 3534 1943 3602 Heremanno
1988 3534 2216 3601 comite
2261 3534 2559 3603 ecclesiae

214 3646 470 3721 nocta-ae
540 3652 842 3719 advocato
914 3657 977 3719 et
1039 3653 1107 3718 in
1164 3652 1415 3719 laudem
1471 3651 1793 3719 electionis
1854 3650 1986 3717 eius
2044 3648 2555 3737 acclamantibus,

214 3788 447 3854 magna
489 3787 636 3836 cum
679 3768 1009 3835 devotione
1055 3767 1325 3853 eligitur.
1396 3768 1515 3847 Qui
1561 3787 1707 3834 cum
1751 3766 1829 3833 de
1869 3766 2253 3833 monasterio
2296 3788 2408 3834 suo
2438 3789 2556 3854 pro

215 3883 452 3951 honore
495 3883 867 3972 prelationis
914 3884 1050 3951 erui
1092 3904 1220 3950 non
1264 3890 1499 3972 posset,
1546 3905 1624 3952 ex
1671 3888 1968 3971 precepto
2003 3882 2172 3967 regis
2204 3883 2284 3950 ad
2314 3883 2555 3950 curiam

220 4006 317 4067 est
383 4006 708 4086 evocatus,
777 4001 887 4068 ubi
949 4000 1234 4086 quamvis
1292 4001 1499 4088 primo
1555 3999 1825 4067 multum
1880 4000 2235 4084 resisteret,
2298 3999 2554 4065 tandem

218 4116 429 4201 regiae
493 4115 805 4184 voluntati
817 4127 859 4201 ⁰,
930 4117 1211 4183 omnium
1274 4116 1567 4203 precibus
1637 4117 1876 4184 evictus
1889 4166 1908 4201 ,
1977 4135 2118 4182 cum
2174 4115 2366 4181 reniti
2426 4136 2554 4182 non

219 4239 462 4319 posset,
532 4233 681 4301 licet
737 4233 975 4299 invitus
1031 4233 1360 4319 acquievit.
1439 4232 1535 4299 Eo
1593 4234 1790 4318 igitur
1846 4233 1928 4299 ad
1985 4252 2098 4298 nos
2155 4231 2550 4317 adventante,

218 4347 412 4414 nichil
452 4349 589 4416 Deo
648 4349 924 4437 propitio
979 4348 1048 4415 in
1109 4369 1356 4416 morum
1412 4348 1735 4416 honestate
1791 4353 1856 4415 et
1908 4349 1977 4414 in
2031 4347 2352 4414 doctrinae
2398 4348 2551 4414 emi-

219 4464 433 4531 nentia
475 4471 538 4533 et
580 4466 651 4532 in
689 4465 1144 4532 consultatione
1175 4471 1241 4532 et
1268 4465 1624 4551 provisione
1655 4465 2011 4531 divinarum
2042 4468 2106 4531 et
2132 4464 2548 4531 humanarum

346 4601 387 4635 n.
413 4590 529 4652 patri
560 4591 743 4638 adasai.
865 4590 911 4638 b.
943 4592 990 4638 et
1021 4590 1203 4639 adasai.
1328 4603 1367 4638 ο.
1403 4592 1473 4639 εἰσ
1503 4599 1569 4638 eet
1599 4593 1643 4639 in
1678 4589 1781 4640 cod.
1813 4598 2054 4639 comeum
2082 4589 2406 4653 indulgentiae.

2612 872 2748 927 1147
