3319 5242
1097 436 1528 487 wanno
1575 437 1630 486 s.
1662 438 1804 486 vm
2584 422 2623 486 7

274 575 566 644 dictionis
628 577 1010 663 adduxerat,
1065 599 1183 666 per
1233 580 1619 647 monasteria
1662 578 2050 646 Francorum
2095 579 2449 664 distribuit,
2509 579 2625 646 ad·
2664 585 2947 642 772—803

272 692 470 777 legem
536 713 787 779 quoque
840 702 1124 762 sanctam
1179 700 1368 782 atque
1419 696 1836 763 monasticam
1891 695 2292 783 disciplinam
2307 695 2330 732 ¹³
2375 696 2625 762 institui

270 811 615 896 praecepit.
706 809 991 896 Denique
1005 860 1025 895 ,
1085 812 1234 897 quia
1286 811 1355 878 in
1399 811 1668 878 Corbeia
1684 808 1701 839 ¹
1742 813 2125 879 monasterio
2167 811 2504 879 laudabilis
2550 831 2625 879 eo

271 931 555 1012 tempore
609 924 834 1009 religio
890 927 1341 994 monachorum
1394 927 1773 1012 habebatur,
1831 927 2062 995 multos
2109 928 2268 995 inibi
2314 928 2623 996 eiusmodi

270 1041 437 1107 viros
483 1041 624 1108 fore
670 1042 1016 1109 constituit.

442 1156 609 1223 Erat
651 1158 848 1240 igitur
890 1158 1112 1225 eodem
1154 1163 1439 1246 tempore
1467 1159 1536 1224 in
1562 1159 1850 1246 praefato
1879 1159 2263 1227 monasterio
2295 1160 2476 1244 abba,
2522 1160 2623 1226 vir

270 1273 435 1339 vitae
475 1273 856 1340 venerabilis
899 1275 1253 1359 meritoque
1296 1275 1587 1359 eximius,
1632 1274 2036 1342 Adalhardus
2066 1275 2342 1359 nomine,
2387 1275 2620 1341 nobilis

269 1409 497 1473 genere
550 1388 663 1456 sed
702 1389 975 1456 nobilior
1024 1388 1177 1474 fide,
1234 1390 1483 1457 fervens
1528 1392 1630 1457 in⁶
1677 1391 2014 1478 disciplina
2056 1391 2202 1457 sed‘¹
2246 1390 2471 1478 plenus
2516 1411 2621 1457 ca-

270 1505 478 1589 ritate,
525 1505 779 1592 sapiens
822 1506 891 1572 in
935 1506 1280 1592 locutione,
1325 1505 1551 1594 plenus
1598 1507 1962 1592 dilectione,
2009 1507 2326 1574 studiosus
2371 1508 2438 1572 in
2481 1507 2621 1592 lege

272 1621 487 1687 divina
530 1626 598 1688 et
640 1620 863 1707 plenus
910 1622 1303 1690 discretione.
1374 1622 1495 1689 Hic
1539 1643 1683 1689 oum
1730 1629 1897 1690 esset
1938 1623 2106 1689 inter
2149 1624 2460 1710 primores
2505 1643 2621 1709 pa-

271 1736 404 1804 latii
461 1742 654 1823 atque
712 1727 1136 1805 consiliarius·
1181 1740 1349 1824 regis
1362 1789 1382 1825 ,
1442 1739 1683 1806 scilicet
1738 1740 1887 1827 quia
1939 1752 2077 1806 erat
2120 1739 2620 1823 consanguineus

274 1854 555 1920 eiusdem
564 1847 610 1938 ²,
655 1852 945 1921 voluntas
1002 1856 1351 1942 supradicti
1404 1856 1572 1940 regis
1628 1856 1688 1922 ei
1744 1855 2042 1922 abscondi
2085 1856 2347 1922 minime
2391 1855 2618 1942 potuit.

274 1968 391 2035 Sed
451 1970 605 2053 quia
657 1990 784 2036 non
842 1977 980 2037 erat
1022 1971 1283 2037 inferior
1325 1971 1435 2037 illo
1482 1972 1814 2039 devotione
1827 2021 1847 2056 ,
1906 1992 2229 2055 regressus
2276 1971 2358 2037 ad
2401 1991 2620 2037 mona-

272 2086 531 2153 sterium
545 2135 566 2171 ,
614 2086 693 2152 ab
741 2086 852 2170 eis,
899 2086 1010 2171 qui
1052 2087 1288 2155 ibidem
1334 2093 1516 2155 erant
1559 2087 1623 2155 e‘
1667 2093 1852 2172 gente
1895 2087 2228 2171 Saxonica,
2275 2086 2620 2153 sciscitari⁸

272 2202 508 2289 coepit,
567 2201 626 2268 si
668 2201 873 2289 possit
913 2201 1026 2268 illa
1068 2203 1137 2269 in
1180 2204 1393 2289 patria
1434 2204 1708 2271 inveniri
1751 2203 1958 2288 locus,
2016 2204 2126 2271 ubi
2169 2203 2621 2269 monachorum

271 2318 723 2385 monasterium
766 2318 1045 2384 construi
1081 2319 1544 2388 rationabiliter
1571 2326 1807 2407 posset.
1876 2319 1931 2387 E
1967 2320 2191 2407 quibus
2222 2340 2384 2386 unus
2417 2319 2619 2385 Theo-

271 2434 499 2500 dradus
548 2434 805 2501 nomine
861 2435 981 2501 ait:
1046 2435 1192 2502 Scio
1247 2436 1457 2522 inquit
1510 2440 1578 2503 in
1622 2440 1833 2525 patris
1884 2440 2008 2503 mei
2049 2439 2437 2524 possessione
2493 2459 2621 2501 esse

270 2550 495 2633 lom,
564 2552 677 2616 ubi
743 2576 820 2617 ex
874 2563 1139 2642 uvaque
1194 2564 1384 2641 parte
1422 2553 1581 2643 som
1648 2557 1821 2620 vivus
1889 2565 2168 2638 emanat3
2239 2562 2299 2617 et
2360 2552 2621 2617 multum

272 2678 445 2753 epm
503 2668 596 2732 ad
645 2667 763 2734 Ιιοο
818 2693 974 2756 opus
1028 2668 1183 2734 mihi
1239 2693 1365 2735 esse
1419 2672 1676 2735 videtur.
1786 2668 1980 2736 Cuius
2046 2667 2456 2756 responsione
2511 2667 2619 2734 de-

268 2779 530 2849 lectatus
576 2782 953 2850 venerabilis
996 2787 1180 2870 pater
1225 2804 1370 2850 eum
1416 2785 1634 2851 statim
1678 2785 1821 2852 illas
1865 2786 1934 2851 in
1978 2791 2194 2873 partes
2239 2783 2501 2866 direxit,
2547 2788 2622 2849 ut

271 2897 602 2982 diligenter
644 2918 783 2965 rem
825 2898 1139 2985 prolatam
1183 2900 1596 2985 investigaret
1640 2905 1737 2985 et,
1797 2906 2011 2967 utrum
2055 2905 2238 2988 pater
2282 2904 2346 2966 et
2389 2898 2620 2985 reliqui

270 3014 714 3098 consanguinei
772 3015 891 3082 hoc
936 3016 1288 3083 consentire
1330 3016 1595 3102 vellent,
1652 3018 2018 3103 inquireret.
2111 3015 2232 3094 Qui
2277 3035 2420 3082 cum
2462 3016 2620 3081 isset

272 3135 331 3195 et
369 3130 573 3216 patris
617 3131 986 3216 matrisque,
1033 3131 1324 3199 avunculi
1371 3137 1559 3216 atque
1602 3133 1909 3220 patruelis
1954 3132 2344 3198 voluntatem
2389 3151 2618 3214 cogno-

271 3246 490 3331 visset,
546 3266 841 3313 reversus
899 3246 981 3313 ad
1023 3249 1473 3314 monasterium
1486 3297 1506 3332 ,
1565 3254 1639 3315 ut
1681 3249 1801 3316 hoc
1843 3247 2024 3316 fieret
2069 3247 2211 3314 eos¹¹
2258 3247 2615 3314 desiderare

271 3362 473 3447 potius
518 3382 712 3447 quam
755 3363 1051 3430 resistere
1095 3363 1256 3430 velle
1300 3365 1635 3430 nuntiavit.

444 3477 570 3545 Sed
625 3478 756 3544 iam
812 3479 979 3545 dicto
1037 3479 1253 3546 abbati
1303 3480 1413 3546 illo
1457 3480 1525 3546 in
1570 3485 1857 3567 tempore
1902 3480 2240 3547 commissa
2284 3484 2424 3546 erat
2464 3499 2620 3546 cura
2652 3495 2759 3551 813

273 3595 563 3678 maxima,
610 3593 907 3661 videlicet
949 3599 1023 3662 ut
1064 3616 1330 3680 regnum
1361 3594 1925 3679 Longobardorum
1954 3596 2306 3680 gubernare
2337 3596 2616 3681 deberet,

273 3710 463 3776 donec
516 3709 685 3776 filius
739 3706 1031 3797 Pippini⁸
1076 3708 1518 3780 Bernhardus⁴
1560 3713 1816 3779 nomine
1875 3716 2214 3795 cresceret;
2273 3733 2423 3778 nam
2476 3712 2615 3798 ipse

271 3824 571 3914 Pippinus
588 3876 609 3912 ,
655 3825 875 3893 Karoli
919 3828 1087 3911 regis
1132 3825 1330 3912 filius,
1377 3833 1524 3896 ante
1568 3828 1828 3895 triennii
1872 3832 2123 3914 tempus
2168 3825 2456 3895 obierat.⁵
2529 3828 2616 3894 Et

404 4009 447 4042 a.
475 3996 536 4043 ad
566 3997 752 4044 addidi.
861 3996 908 4043 b.
940 3994 1229 4056 disciplinam
1260 4013 1347 4043 on.
1372 3997 1416 4042 1.
1437 3998 1482 4043 3.
1585 4009 1626 4043 c.
1657 4014 1744 4043 om.
1767 3998 1811 4043 2.
1915 3997 1961 4044 d.
1994 3997 2077 4044 sod
2108 4014 2194 4043 on.
2218 3999 2261 4044 1.
2284 3999 2328 4043 3.
2433 4011 2473 4043 e.
2504 4009 2612 4043 con·

273 4073 461 4122 §lintion
491 4078 537 4123 2.
659 4074 693 4122 f.
725 4089 754 4122 a
784 4078 827 4123 2.
851 4077 895 4122 3.
1020 4089 1063 4134 g.
1096 4076 1310 4123 suscitari
1340 4078 1385 4123 2.
1510 4075 1556 4123 h.
1589 4090 1671 4123 eos
1703 4093 1787 4122 oa.
1813 4077 1855 4122 1.
1879 4078 1924 4123 3.

409 4181 458 4234 1.
493 4179 730 4236 corbeia
763 4180 993 4250 antiqua
1028 4179 1271 4248 (Corbio)
1307 4180 1379 4234 ad
1415 4177 1712 4237 Somonam
1748 4179 1821 4249 fl.,
1859 4180 1916 4235 in
1953 4179 2196 4236 dioecesi
2229 4177 2609 4235 Ambianensi.

273 4267 324 4320 2.
358 4273 565 4335 patrem
600 4270 748 4325 enim
785 4268 980 4325 habuit
1001 4268 1402 4341 Bernhardum,
1438 4270 1621 4326 Caroli
1644 4269 1883 4326 Martelli
1919 4267 2110 4338 filium,
2146 4272 2405 4337 patruum
2429 4266 2611 4324 Caroli

271 4353 466 4424 lag-ni.
604 4359 660 4413 3.
699 4357 847 4428 regis
882 4358 1073 4414 Italiae
1110 4358 1454 4428 (806-810),
1491 4357 1592 4413 filii
1627 4359 1810 4415 Caroli
1845 4357 2046 4427 Magni.
2189 4358 2244 4413 4.
2286 4372 2384 4413 rex
2419 4355 2610 4411 Italiae

273 4442 562 4501 sla—817.
690 4447 745 4502 5.
768 4448 876 4502 810
900 4447 1004 4502 Iul.
1029 4448 1093 4518 ὃς
1117 4447 1305 4517 itaque
1328 4448 1485 4518 regni
1508 4447 1999 4519 Longobardorum
2022 4445 2424 4503 administratio
2440 4443 2609 4500 Adai-

273 4528 438 4590 hudo
469 4550 614 4593 anno
650 4536 757 4591 813
793 4536 1089 4593 commissa
1122 4551 1244 4592 esse
1278 4536 1516 4592 videtur.
