3319 5242
763 415 899 482 400
1434 434 1733 483 wreum
1774 433 2148 484 unsa-om
2186 435 2294 482 272.
2326 435 2433 482 m.

546 579 686 635 1150
761 575 966 643 bitum
1029 573 1223 642 robur
1290 575 1571 661 optineat
1627 581 1693 643 et
1747 576 2123 643 christianus
2180 575 2450 664 populus
2506 575 2780 642 iocunda
2828 594 2974 662 pace
3021 580 3075 640 et

500 666 541 700 ε’
556 652 652 700 1¹²²
670 655 731 700 ²⁴
763 696 947 776 grata
986 689 1442 776 tranquillitate
1483 691 1732 760 letetur.
1882 693 2226 778 Negocium
2260 713 2409 760 vero
2454 691 2879 760 Morbocensis
2920 710 3074 757 mon·

765 807 1010 892 asterii,
1067 808 1231 874 unde
1286 828 1400 874 nos
1459 810 1765 876 attencius
1823 829 2083 877 exorare
2128 808 2414 893 voluisti,
2472 814 2812 895 antequam
2862 808 2940 874 ad
2979 826 3077 872 nos

764 928 912 990 tuae
963 945 1078 1010 reg

767 1042 1061 1109 saunensi

765 1156 1078 1224 confidimt

764 1273 914 1340 dum
959 1278 1024 1341 et
1066 1281 1078 1339 1

761 1390 1062 1458 fratribus

763 1511 945 1594 parte
997 1508 1075 1575 ab

768 1621 881 1690 Set
944 1624 1024 1690 ad

768 1739 899 1824 qui,
942 1745 1078 1826 tane.

766 1855 868 1922 nis
912 1855 1078 1943 perl

766 1992 911 2037 rum
965 1972 1078 2039 eim

766 2084 958 2155 finem
986 2088 1078 2157 De

769 2204 877 2290 qni
931 2211 1282 2295 postfuturae
1335 2243 1457 2275 υυι
1517 2243 1872 2275 ιὐνυιυιιωη
1937 2243 2162 2276 nusum
2216 2243 2543 2276 uuluuuum
2597 2243 2815 2276 υιυιιυι
2871 2243 3096 2274 ιιωαιιυ

769 2334 958 2390 ausu⁶
991 2329 1317 2412 amputare
1346 2324 1605 2391 minime
1632 2325 2019 2410 formidavit,
2042 2326 2168 2392 nisi
2191 2327 2628 2393 satisfacturus
2658 2326 2738 2392 de
2767 2330 2907 2392 tam
2933 2320 3095 2409 gravi

770 2459 1029 2507 excessu
1059 2441 1401 2528 apostolico
1431 2442 1792 2529 conspectui
1815 2463 1884 2510 se
1912 2448 2322 2529 representet,
2353 2441 2718 2511 absolvendi
2750 2441 2833 2509 ab
2863 2458 3099 2508 excom-

768 2557 1192 2627 municatione
1235 2557 1566 2626 consilium
1594 2556 1827 2627 habere
1857 2579 2254 2647 nequaquam
2282 2559 2622 2648 potuimus.
2693 2557 2770 2625 In
2799 2576 2991 2646 quem
3013 2554 3103 2621 ui·

768 2674 1001 2742 mirum
1028 2677 1202 2761 rigor
1230 2676 1440 2761 regiae
1469 2675 1804 2763 potestatis
1834 2678 2011 2764 prius
2045 2677 2262 2744 debuit
2294 2677 2524 2744 acriter
2555 2675 2893 2759 exarsisse,
2928 2691 3104 2760 quam

770 2790 853 2857 ad
897 2810 1079 2859 aures
1123 2793 1324 2860 nostri
1370 2791 1755 2880 apostolatus
1803 2793 2061 2880 querela
2103 2794 2267 2861 tanti
2309 2793 2607 2861 facinoris
2652 2792 3060 2880 pervenisset.

778 3038 954 3112 273.
999 3043 1207 3111 Guido
1262 3045 1421 3109 diac.
1469 3044 1637 3109 card.
1689 3042 1757 3109 S.
1798 3044 2048 3111 Mariae
2097 3046 2166 3110 in
2198 3046 2449 3131 porticu
2492 3043 2774 3110 wibaldo
2821 3042 3103 3121 resa-ibit,

992 3162 1153 3225 inter
1197 3160 1552 3225 Com-adum
1596 3170 1655 3225 et
1681 3161 2023 3247 Roqerium
2064 3183 2238 3247 reyes
2281 3183 2442 3249 quae
2473 3158 2885 3225 Bernhardm
2930 3160 3107 3225 abbas

1000 3277 1505 3342 Claraevallemu's
1550 3286 1609 3342 et
1639 3275 2083 3344 Theodewn‘nus
2127 3279 2448 3365 episcopus
2495 3275 2561 3342 S.
2591 3276 2872 3365 Rufinae
2916 3273 3107 3339 conei-

995 3392 1213 3457 licmda
1255 3394 1671 3480 suscepissent,
1721 3416 1797 3459 ea
1836 3395 2028 3459 inscio
2059 3415 2243 3479 papa
2281 3394 2527 3480 incepta
2568 3415 2711 3457 esse.
2802 3387 2914 3471 (M.
2941 3386 3107 3467 259.)

558 3533 700 3589 1150
956 3522 1212 3608 G(uido)
1244 3522 1366 3590 Dei
1410 3525 1617 3609 gratia
1648 3529 1902 3592 sanctae
1929 3523 2250 3591 Romanae
2282 3524 2619 3591 aecclesiae
2648 3522 2952 3590 diaconus
2983 3542 3108 3589 car·

518 3620 558 3654 ⁶·
572 3609 669 3656 ¹¹²²
686 3606 749 3653 ²⁴
781 3635 1043 3705 dinalis²
1098 3639 1324 3707 dilecto
1381 3659 1456 3707 ae
1498 3640 1842 3709 venerabili
1883 3641 2067 3708 fratri
2111 3639 2451 3723 wabaido)
2499 3639 2862 3707 stabulensi
2906 3636 3108 3706 abbati

781 3754 1047 3822 salutem
1093 3761 1157 3822 et
1200 3755 1617 3824 dilectionem.

961 3870 1374 3960 Comparata‘¹
1428 3874 1609 3942 nobis
1655 3878 1904 3941 vestrae
1957 3872 2308 3940 dilectionis
2364 3873 2431 3940 in
2487 3871 2665 3938 brevi
2708 3870 3108 3939 collocutione

781 3988 1044 4074 noticia,
1100 3994 1165 4056 et
1218 3989 1552 4076 probitatis
1565 4001 1586 4026 ·
1634 3994 1699 4056 et
1753 3989 2101 4056 industriae
2154 3994 2402 4056 vestrae
2456 3986 2673 4055 multis
2732 3986 3107 4072 argumentis

780 4106 962 4173 nobis
1005 4106 1273 4194 probata
1317 4106 1707 4194 experientia
1749 4105 1841 4172 ita
1885 4107 2163 4171 animum
2207 4110 2493 4171 nostrum
2536 4109 2785 4171 vestrae
2827 4101 3108 4171 fraterni·

781 4224 901 4289 tati
941 4222 1244 4291 reddidit‘
1288 4221 1602 4289 affabilem
1653 4226 1718 4288 et
1759 4221 2129 4308 benignum,
2182 4227 2256 4288 ut
2298 4221 2418 4287 sim
2464 4238 2578 4304 ego
2619 4240 2808 4305 unus,
2854 4235 3107 4306 quocum

926 4397 968 4430 a.
1006 4383 1352 4445 procederemus
1387 4402 1433 4430 c.
1571 4381 1617 4429 b.
1657 4381 1903 4440 corrigeret
1944 4400 1982 4429 c.
2131 4395 2172 4431 c.
2214 4396 2327 4429 ausu
2367 4381 2551 4429 addidi.
2686 4381 2732 4429 d.
2774 4380 3037 4440 comparate
3073 4392 3110 4421 c·

783 4476 826 4510 0.
866 4463 1116 4524 probabitis
1149 4481 1190 4510 e.
1344 4462 1377 4510 f.
1417 4462 1588 4511 redidit
1618 4480 1659 4509 c.
1898 4480 1901 4483 >

927 4550 979 4605 1.
1013 4549 1279 4606 Amadeo.
1423 4551 1476 4605 2.
1512 4548 1570 4606 S.
1594 4547 1798 4605 Mariae
1833 4546 1892 4603 in
1927 4547 2165 4617 porticu.
