3319 5242
718 418 850 488 384
1383 440 1681 487 wmAnm
1722 438 2095 488 anamma
2136 438 2244 485 268.
2281 438 2387 485 2⁵9.

545 586 683 641 1150
719 581 1097 667 quebantur,
1149 585 1365 668 captos
1421 582 1813 665 gravissimis
1858 583 2079 668 poenis
2124 580 2504 648 afflixerunt.
2688 580 2883 668 Super
2920 592 3039 666 quo

717 716 860 764 cum
904 703 1180 765 vestram
1237 703 1531 784 expetere
1585 700 1796 785 parati
1839 719 2119 766 essemus
2162 700 2478 766 iusticiam
2495 748 2515 783 ,
2572 698 2825 765 tandem
2866 717 3041 764 causa

716 814 930 880 domni
975 814 1330 880 cancellarii
1350 810 1383 898 ¹,
1443 814 1551 899 qui
1597 814 1869 901 dampno
1914 822 2130 882 nostro
2174 817 2278 902 pie
2323 814 2887 897 condescendebat,
2936 814 3044 879 ho-

715 931 917 996 mines
960 936 1208 998 nostros
1252 951 1413 1017 pene
1458 930 1659 997 nudos
1706 936 1771 997 et
1815 931 2090 1017 aliquam
2132 937 2379 1019 partem
2427 933 2671 1019 accepti
2700 931 2834 997 vini
2871 938 3045 1016 atque

717 1046 1081 1113 animalium
1126 1047 1307 1114 nobis
1353 1046 1780 1131 reddiderunt,
1824 1047 2287 1134 promittentes,
2334 1068 2403 1115 se
2445 1049 2515 1114 in
2562 1048 2739 1116 brevi
2778 1055 3049 1135 tempore

715 1179 926 1229 coram
971 1164 1199 1230 domno
1231 1162 1601 1230 cancellario
1647 1164 1861 1229 omnia
1902 1163 2276 1231 reddituros.
2431 1164 2567 1231 Hac
2611 1165 2826 1251 itaque
2871 1185 3049 1251 spon·

715 1280 889 1345 sione
944 1286 1231 1367 accepta,
1288 1280 1606 1367 hucusque
1662 1281 2061 1347 frustratoria
2120 1301 2233 1368 spe
2277 1280 2517 1347 seducti
2564 1284 3053 1369 expectavimus,

714 1416 880 1463 nunc
924 1397 1174 1464 demum
1218 1403 1386 1485 post'
1407 1397 1661 1481 longam
1702 1418 1947 1464 moram
1983 1404 2048 1465 et
2074 1418 2297 1481 graves
2328 1416 2637 1484 expensas
2666 1400 2848 1483 certi,
2896 1398 3056 1485 quod

713 1512 906 1578 nichil
951 1514 1030 1580 ab
1077 1514 1169 1581 eis
1215 1514 1610 1600 recipiemuS,
1656 1514 1782 1579 nisi
1829 1515 1910 1580 ad
1955 1514 2073 1580 hoc
2119 1535 2224 1581 eos
2269 1533 2384 1600 per
2414 1511 2730 1580 efficacem
2759 1515 3056 1581 nuncium

714 1634 927 1695 vestra
969 1632 1148 1714 regia
1190 1629 1525 1716 compellat
1570 1632 1931 1698 auctoritas.
2013 1630 2192 1709 Quod
2236 1635 2308 1696 ut
2350 1637 2640 1716 respectu
2684 1631 2809 1698 Dei
2853 1632 3057 1698 facere

712 1744 1078 1831 dignemini,
1123 1746 1493 1835 suppliciter
1537 1746 1876 1815 aecclesiae
1923 1752 2167 1813 vestrae
2211 1747 2497 1834 deposcit
2538 1747 2941 1814 universitas.

719 1974 894 2045 259.
931 1978 1247 2045 Wibaldas
1300 1979 1687 2045 Hartwioum
1744 1980 2272 2067 archiepiscopum
2318 1981 2715 2045 Bremensem
2763 1980 3065 2047 corbeiae

920 2096 1124 2184 sui-sse
1148 2098 1396 2182 yaadet.
1446 2096 1700 2185 Synodo
1724 2097 2037 2162 Mindensi
2063 2098 2349 2161 interesse
2370 2097 2512 2161 vult.
2558 2098 2842 2161 Adonem
2864 2099 3063 2162 abba·

936 2225 1055 2277 tem
1083 2211 1624 2300 Rosmfeldensem
1668 2213 1797 2276 iam
1836 2223 2027 2311 totam
2056 2214 2314 2278 arbitrio
2346 2215 2477 2277 eius
2495 2215 2813 2299 penniuit.
2870 2213 3064 2291 Pede,

934 2329 1210 2394 hortetur
1237 2327 1666 2393 Hermannum
1695 2330 1990 2405 comitem,
2038 2341 2107 2392 ut
2132 2328 2251 2393 sibi
2277 2328 2639 2416 satisfaciat.
2740 2324 2847 2407 (Μ.
2875 2328 3067 2409 241.)

540 2480 679 2536 1150
769 2530 774 2537 Α
890 2461 1252 2528 Reverendo
1289 2461 1459 2546 patri
1490 2480 1602 2526 suo
1633 2465 1700 2526 et
1727 2460 1980 2526 domino
2012 2460 2379 2542 H(artwico)
2410 2465 2667 2526 sanctae
2696 2457 3067 2526 Bremensis

714 2577 1050 2646 aecclesiae
1073 2576 1416 2645 venerabili
1451 2576 1918 2664 archiepiscopo
1953 2577 2151 2644 frater
2173 2574 2549 2658 W(ibaldus)
2580 2576 2700 2644 Dei
2730 2576 2934 2660 gratia
2970 2577 3069 2661 id,

711 2695 877 2781 quod
900 2695 1092 2761 estin
1123 2695 1425 2760 aecclesia
1443 2693 1769 2777 catholica,
1796 2695 2054 2776 exiguas
2079 2693 2393 2760 orationes
2427 2698 2489 2760 et
2517 2693 2743 2760 devota
2772 2693 3068 2760 servitia.

889 2810 1153 2879 Gratum
1198 2810 1378 2877 nobis
1407 2810 1591 2876 valde
1621 2816 1720 2875 est
1749 2815 1814 2875 et
1842 2809 2040 2894 dulce,
2088 2809 2254 2894 quod
2282 2812 2733 2876 monasterium
2764 2817 3073 2878 nostrum

710 2928 947 2995 intrare
993 2933 1057 2994 et
1099 2928 1324 2995 fratres
1369 2932 1619 2993 nostros
1657 2926 1916 2992 visitare
1930 2937 1953 2962 ⁸
1998 2933 2064 2991 et
2106 2927 2416 2992 consolari
2459 2933 2824 3012 nostrasque
2869 2947 3076 2995 man-

711 3046 939 3128 sioneS,
986 3064 1141 3130 quas
1186 3064 1301 3130 pro
1346 3042 1463 3121 hoc
1506 3043 1645 3128 ipso
1680 3044 1952 3110 cariores
1986 3043 2305 3128 habemus,
2351 3044 2620 3127 ingredi,
2658 3063 2730 3109 ac
2764 3049 3075 3111 nostrum

712 3161 990 3228 studium
1034 3160 1302 3243 benigno
1347 3161 1640 3246 preconio
1686 3158 1943 3226 laudare
1990 3160 2248 3243 dignata
2293 3167 2389 3227 est
2425 3165 2638 3226 vestra
2674 3158 3070 3227 sublimitas.

713 3277 825 3344 Set
867 3278 986 3343 hoc
1029 3276 1209 3342 nobis
1252 3277 1683 3359 gratissimum
1730 3281 1794 3342 et
1838 3277 2092 3342 omnino
2123 3277 2298 3342 cordi
2328 3282 2442 3360 est,
2491 3276 2658 3362 quod
2688 3274 2766 3340 ad
2796 3274 3075 3342 easdem

713 3395 857 3461 edes
888 3414 1000 3459 vos
1030 3391 1191 3459 velle
1223 3393 1436 3459 venire
1482 3398 1545 3459 et
1574 3393 1924 3476 longiorem
1960 3392 2115 3459 inibi
2146 3393 2596 3458 habitationem
2624 3392 2829 3457 facere
2862 3396 3075 3476 atque

713 3510 971 3576 armarii
1022 3509 1223 3574 nostri
1276 3528 1401 3575 non
1448 3508 1650 3575 solum
1696 3508 2018 3575 volumina
2060 3514 2158 3575 set
2203 3510 2393 3574 etiam
2439 3507 2723 3575 scedulas
2768 3512 3074 3575 evertere

713 3630 778 3692 et
819 3625 1202 3711 perscrutari
1244 3625 1644 3710 promisistis.
1738 3623 1994 3690 Utinam
2037 3626 2356 3709 vivamuS,
2415 3625 2658 3690 utinam
2701 3623 3072 3710 videamus,

710 3742 954 3808 utinam
999 3761 1153 3828 pace
1198 3742 1407 3828 quiete
1453 3747 1517 3807 et
1560 3742 1696 3807 ocio
1740 3741 1868 3807 frui
1914 3741 2254 3825 valeamus,
2302 3746 2367 3807 et
2409 3741 2475 3806 in
2521 3740 2618 3805 his
2664 3739 2889 3806 studiis
2932 3760 3073 3808 nos

707 3858 980 3925 invicem
1037 3877 1329 3925 exercere
1385 3878 1689 3925 exacuere
1747 3863 1810 3924 et
1865 3863 1976 3923 aut
2029 3857 2237 3923 doceri
2280 3856 2380 3923 vel
2435 3856 2655 3923 docere
2714 3856 3071 3942 possimus.

710 3973 880 4052 Quae
909 3975 1043 4041 vita
1089 3978 1264 4040 tanto
1312 3980 1476 4040 esset
1518 3973 1781 4057 beatior,
1830 3978 2061 4059 quanto
2108 3979 2273 4040 esset
2318 3973 2396 4039 ad
2427 3972 2765 4038 videndum
2810 3976 2875 4037 et
2904 3992 3073 4056 pro-

703 4091 1076 4171 merendum
1106 4090 1310 4157 Deum
1353 4091 1768 4177 propinquior
1813 4095 1876 4157 et
1920 4089 1998 4156 ab
2043 4089 2228 4155 huius
2264 4090 2482 4155 mundi
2512 4087 2840 4154 cenulenta
2868 4107 3072 4156 vora-

709 4208 855 4291 gine
896 4207 1214 4274 remotior.
1293 4206 1517 4274 Venite
1559 4208 1755 4291 igitur
1800 4211 1863 4272 et
1905 4206 2145 4293 pascite
2191 4206 2466 4271 animam
2510 4210 2808 4286 vestram,
2855 4203 3071 4271 hono-

709 4331 845 4391 rate
890 4323 1342 4407 sacerdotium,
1399 4324 1694 4390 instruite
1739 4323 2006 4408 clerum,
2054 4323 2299 4390 firmate
2343 4321 2657 4405 ordinem,
2701 4329 3071 4405 propagato

852 4481 893 4512 ι.
934 4466 1108 4512 visitari
1141 4467 1243 4511 cod.

851 4553 900 4609 1.
937 4548 1187 4607 Arnoldi.
