3319 5242
836 486 1133 534 wmanm
1177 483 1549 533 Eprs'romm
1594 484 1700 531 147.
1738 484 1841 531 148.
2378 469 2507 536 229

210 622 341 692 rico¹
382 626 519 693 duci
575 626 875 712 Suaviae‚
931 626 1163 694 Enrico
1220 627 1363 694 duci
1411 626 1753 711 Saxoniae,
1808 624 2086 693 Bretolfo
2142 623 2272 693 filio
2330 628 2506 694 ducis
2547 633 2683 691 1148

208 740 471 827 Conradi,
542 743 829 811 Conrado
896 743 1041 810 duci
1108 744 1184 810 de
1241 739 1584 827 Cebering²
1639 763 1756 830 pro
1825 742 2098 830 dampno
2164 748 2230 810 et
2280 765 2509 829 guerra

207 857 383 925 domni
424 860 591 944 reg-is
639 859 913 926 Conradi
958 858 1370 944 defferebant,
1426 860 1650 945 quibus
1699 860 2252 926 commonebantur
2299 866 2362 927 et
2406 882 2506 928 ro-

204 974 474 1057 gabantur
519 977 560 1043 a
604 972 834 1060 Sicu10‚
881 982 972 1060 ut,
1020 997 1179 1062 quae
1222 976 1351 1043 illis
1383 975 1642 1043 Guelfus
1687 977 1764 1043 de
1797 996 1910 1042 suo
1940 975 2215 1061 proficuo
2249 977 2504 1062 diceret,

203 1090 459 1159 facerent.
532 1091 850 1160 Studeatis
909 1113 1056 1176 ergo
1113 1091 1242 1159 filio
1298 1094 1465 1177 regis
1524 1098 1587 1159 et
1642 1093 1835 1159 etiam
1888 1092 2117 1158 domno
2161 1094 2297 1177 regi
2341 1092 2505 1160 Con-

203 1207 327 1273 rado
368 1213 429 1274 et
469 1205 757 1276 fidelibus
805 1209 935 1275 suis
982 1209 1107 1275 ista
1137 1206 1479 1292 notificare,
1527 1215 1600 1274 ut
1642 1209 1771 1274 sint
1815 1207 1961 1274 inde
2005 1209 2254 1293 muniti,
2303 1213 2368 1276 et
2410 1209 2501 1276 illi

200 1323 524 1409 capiantur,
593 1325 650 1391 si
703 1322 839 1391 fieri
893 1329 1121 1412 potest.
1291 1325 1624 1392 Caeterum
1681 1324 1894 1391 sciatis
1909 1374 1927 1409 ‚
1986 1324 2135 1409 quia
2185 1324 2502 1409 C(encius)

200 1435 545 1526 Fraiapane,
604 1447 907 1526 quantum
951 1446 1192 1528 potest,
1251 1442 1430 1509 vobis
1475 1461 1702 1507 nocere
1749 1440 1990 1525 studet,
2051 1446 2113 1506 et
2155 1461 2324 1528 papa
2368 1442 2502 1509 eius

197 1555 452 1637 consili03
512 1562 577 1623 et
620 1557 739 1623 hoc
781 1557 875 1625 ita
918 1578 1138 1625 verum
1184 1563 1312 1642 est,
1367 1558 1533 1644 quod
1580 1557 1930 1623 cardinales
1977 1556 2390 1624 laudaverunt
2434 1578 2502 1625 se

196 1688 375 1737 coram
405 1670 682 1755 G(encio)
714 1672 1066 1761 Fraiapane
1114 1679 1177 1742 et
1222 1675 1538 1758 dixerunt,
1586 1694 1653 1740 se
1699 1673 2079 1740 conclusisse
2108 1694 2220 1740 vos
2256 1678 2318 1739 et
2347 1672 2502 1741 Gre-

195 1804 281 1852 cos
312 1787 603 1856 Venetiae
648 1794 973 1876 tamquam
1018 1811 1203 1857 canes
1251 1795 1314 1858 et
1356 1790 1662 1857 mastinos
1674 1784 1716 1873 ⁸,
1765 1790 1920 1856 adeo
1968 1795 2041 1856 ut
2067 1791 2259 1856 nichil
2292 1790 2501 1859 Siculo

191 1922 388 1970 nocere
427 1905 687 1992 possitis
733 1927 810 1972 ex
855 1907 973 1973 hac
1016 1912 1217 1994 parte.
1287 1905 1430 1992 Ipse
1475 1927 1643 1994 papa
1687 1906 1948 1972 nuncios
1994 1907 2169 1973 misit
2214 1907 2293 1973 ad
2326 1906 2503 1974 Sicu-

193 2015 302 2084 lum
350 2041 462 2107 pro
508 2027 717 2089 vestro
763 2023 1066 2110 dampno,
1116 2023 1172 2088 si
1216 2042 1359 2089 cum
1407 2043 1478 2089 eo
1525 2027 1735 2109 potest
1780 2022 1947 2108 quod
1990 2023 2127 2089 vult
2169 2022 2500 2110 perficere3

191 2139 242 2199 et
277 2140 519 2222 treugas
565 2158 708 2204 cum
765 2159 838 2205 eo
896 2139 1087 2207 habet
1143 2160 1341 2224 usque
1398 2139 1477 2205 ad
1523 2139 2005 2224 quadriennium
2051 2139 2270 2205 adhuc.
2349 2139 2502 2206 Pro-

191 2255 381 2335 pterea
421 2255 491 2320 in
536 2274 609 2321 eo
656 2275 781 2321 non
827 2254 1173 2339 confidatis,
1220 2275 1338 2322 nec
1382 2255 1459 2321 de
1504 2255 1733 2322 vestris
1777 2275 1888 2322 vos
1937 2261 2046 2321 aut
2074 2236 2260 2322 Greci
2298 2255 2357 2320 ei
2386 2256 2499 2321 tri—

190 2366 390 2454 buatis,
436 2371 732 2457 quoniam
776 2375 979 2437 totum
1023 2371 1181 2438 illud
1226 2371 1604 2455 ammittitis‚
1654 2376 1719 2437 et
1762 2371 1987 2437 melius
2032 2372 2217 2455 foret,
2264 2372 2319 2437 si
2355 2393 2499 2437 san-

188 2481 332 2551 dalia
385 2487 767 2574 pauperibus
822 2493 932 2553 aut
975 2487 1333 2554 hominibus
1378 2488 1606 2554 vestris
1652 2487 2003 2553 dedissetis.
2074 2487 2233 2554 Cum
2278 2494 2498 2554 senatu

187 2598 355 2684 igitur
399 2610 461 2671 et
502 2604 738 2692 populo
767 2602 1048 2671 Romano
1095 2604 1501 2688 conveniatis,
1557 2604 1853 2690 quoniam
1900 2625 2014 2692 per
2056 2604 2198 2672 illos
2242 2605 2500 2672 iuvante
2543 2683 2550 2690 ,

185 2715 298 2784 Deo
341 2722 589 2788 vincere
634 2721 942 2807 poteritis,
1014 2719 1199 2787 Greci
1246 2725 1456 2787 autem
1500 2721 1676 2805 large
1722 2721 2102 2788 distribuant
2148 2743 2292 2806 sua,
2348 2742 2499 2807 quo-

183 2833 333 2901 niam
378 2838 624 2904 dicente
671 2836 1033 2904 Salomone:
1083 2842 1395 2925 pecuniae
1453 2839 1746 2904 obediunt
1793 2843 2004 2905 omnia
2016 2834 2055 2903 ⁴.
2124 2838 2212 2905 Et
2252 2837 2498 2905 Siculus

185 2947 237 3013 in
265 2954 532 3021 avaricia
561 2953 905 3021 Grecorum
947 2952 1222 3037 confidit,
1268 2954 1499 3020 idcirco
1532 2958 1816 3041 tempore
1862 2960 2170 3042 oportuno
2217 2974 2332 3020 sua
2370 2953 2498 3023 dis-

182 3069 369 3150 pettit.
443 3071 541 3138 Ita
586 3077 651 3137 et
695 3070 818 3157 ipsi
861 3069 1117 3154 faciant,
1164 3070 1217 3135 si
1263 3071 1513 3136 vincere
1558 3070 1796 3136 volunt.

193 3295 337 3369 148.
379 3302 703 3390 Euqem‘us
733 3302 845 3368 ΙΠ
858 3327 1041 3391 papa
1077 3302 1357 3368 Wibaldo
1393 3312 1450 3365 et
1477 3305 1747 3389 capitulo
1782 3303 2129 3369 Cor-beiemi
2155 3302 2491 3393 εἰρηξῇοαι,

377 3443 443 3484 se
490 3419 880 3485 ecclesiarum
918 3421 1221 3508 praelatis
1264 3420 1622 3500 mandasse,
1682 3444 1759 3485 ne
1805 3418 2166 3485 Ham-ioum
2210 3417 2255 3482 I
2300 3440 2492 3505 quon-

376 3536 527 3600 dam
574 3537 853 3601 abbatem
900 3536 1163 3602 ecclesiis
1206 3538 1332 3600 suis
1374 3538 1733 3623 reciperent.
2175 3530 2282 3614 (M.
2323 3533 2494 3612 120.)

335 3667 657 3753 Eugenius
716 3671 1045 3756 episcopus
1099 3689 1317 3736 servus
1364 3689 1687 3735 servorum
1734 3667 1853 3734 Dei
1899 3667 2125 3734 dilecto
2169 3665 2297 3732 filio
2339 3664 2497 3747 W(i-·
2536 3684 2672 3739 1149

182 3778 364 3865 boldo)
435 3785 647 3851 abbati
723 3790 786 3851 et
853 3785 1126 3873 capitulo
1195 3785 1556 3853 Corbeiensi
1624 3784 1889 3851 salutem
1958 3788 2021 3850 et
2088 3782 2496 3870 apostolicam

185 3894 674 3968 benedictionem.

334 4016 653 4096 Quantum
698 4018 784 4084 sit
824 4019 1246 4085 necessarium
1305 4018 1739 4102 religiosorum
1795 4016 2241 4083 monachorum
2299 4017 2494 4101 quieti

185 4134 520 4219 prospicere
565 4141 627 4201 et
672 4135 750 4200 de
794 4135 1076 4222 ipsorum
1123 4134 1394 4202 utilitate
1439 4134 1705 4201 sollicite
1750 4133 2046 4217 cogitare,
2095 4136 2238 4198 ante
2284 4137 2489 4198 actum

188 4244 462 4336 officium,
528 4250 695 4336 quod
738 4251 802 4316 in
851 4251 1138 4318 abbatiae
1182 4251 1488 4337 regimine
1533 4250 1872 4334 gessimus,
1930 4267 2045 4314 nos
2090 4248 2386 4313 informat
2430 4255 2493 4314 et

187 4371 396 4433 creator
443 4367 727 4435 omnium
759 4366 930 4433 Deus
975 4388 1089 4455 per
1133 4368 1270 4453 hoc,
1318 4368 1483 4454 quod
1514 4366 1752 4434 Mariae
1795 4384 2050 4432 causam
2079 4368 2297 4430 contra
2324 4363 2490 4431 Mar-

307 4506 349 4560 1.
396 4506 506 4577 111,
556 4512 686 4578 post
732 4507 865 4578 regi.
1028 4509 1080 4563 2.
1128 4508 1199 4564 de
1244 4507 1531 4579 Zeringen.
1692 4506 1745 4561 3.
1792 4520 1957 4563 canes
2004 4504 2317 4576 pecuarios,
2366 4504 2487 4561 Ital.

191 4594 471 4655 „mutini“.
619 4593 672 4653 4.
719 4595 903 4652 Eccle.
943 4597 1026 4666 10,
1065 4596 1151 4653 19.

2470 3785 2477 3786 ff
2530 3758 2670 3805 Ian-l
