<?xml version="1.0" encoding="UTF-8"?>
<!DOCTYPE html PUBLIC "-//W3C//DTD XHTML 1.0 Transitional//EN"
    "http://www.w3.org/TR/xhtml1/DTD/xhtml1-transitional.dtd">
<html xmlns="http://www.w3.org/1999/xhtml" xml:lang="en" lang="en">
 <head>
  <title>
</title>
<meta http-equiv="Content-Type" content="text/html;charset=utf-8" />
  <meta name='ocr-system' content='tesseract 3.04.00' />
  <meta name='ocr-capabilities' content='ocr_page ocr_carea ocr_par ocr_line ocrx_word'/>
</head>
<body>
  <div class='ocr_page' id='page_1' title='image "./monumentacorbei00corvgoog_0432.png"; bbox 0 0 3319 5242; ppageno 0'>
   <div class='ocr_carea' id='block_1_1' title="bbox 707 456 2302 525">
    <p class='ocr_par' dir='ltr' id='par_1_1' title="bbox 707 456 2302 525">
     <span class='ocr_line' id='line_1_1' title="bbox 707 456 2302 525; baseline -0.006 0"><span class='ocrx_word' id='word_1_1' title='bbox 707 456 840 525; x_wconf 82' lang='lat'><strong>422</strong></span> <span class='ocrx_word' id='word_1_2' title='bbox 1471 470 1772 519; x_wconf 68' lang='lat' dir='ltr'><strong>mum</strong></span> <span class='ocrx_word' id='word_1_3' title='bbox 1815 467 2147 518; x_wconf 69' lang='lat' dir='ltr'><strong>nms‘rom</strong></span> <span class='ocrx_word' id='word_1_4' title='bbox 2191 467 2302 515; x_wconf 73' lang='lat'><strong>2⁹4.</strong></span> 
     </span>
    </p>
   </div>
   <div class='ocr_carea' id='block_1_2' title="bbox 374 609 3056 1055">
    <p class='ocr_par' dir='ltr' id='par_1_2' title="bbox 374 609 3053 940">
     <span class='ocr_line' id='line_1_2' title="bbox 464 609 3048 707; baseline -0.005 -20"><span class='ocrx_word' id='word_1_5' title='bbox 464 623 603 678; x_wconf 82' lang='lat'>1150</span> <span class='ocrx_word' id='word_1_6' title='bbox 709 622 972 707; x_wconf 81' lang='lat' dir='ltr'><strong>propter</strong></span> <span class='ocrx_word' id='word_1_7' title='bbox 1023 615 1368 683; x_wconf 78' lang='lat' dir='ltr'><strong>multarum</strong></span> <span class='ocrx_word' id='word_1_8' title='bbox 1425 633 1641 681; x_wconf 88' lang='lat' dir='ltr'><strong>rerum</strong></span> <span class='ocrx_word' id='word_1_9' title='bbox 1688 613 1727 679; x_wconf 73' lang='grc' dir='ltr'>ά</span> <span class='ocrx_word' id='word_1_10' title='bbox 1768 612 2014 678; x_wconf 81' lang='lat' dir='ltr'><strong>ratione</strong></span> <span class='ocrx_word' id='word_1_11' title='bbox 2061 615 2125 677; x_wconf 91' lang='lat' dir='ltr'><strong>et</strong></span> <span class='ocrx_word' id='word_1_12' title='bbox 2169 609 2545 677; x_wconf 72' lang='lat' dir='ltr'><strong>auctoritate</strong></span> <span class='ocrx_word' id='word_1_13' title='bbox 2591 615 2659 676; x_wconf 84' lang='lat' dir='ltr'><strong>et</strong></span> <span class='ocrx_word' id='word_1_14' title='bbox 2701 630 2824 676; x_wconf 81' lang='lat' dir='ltr'><strong>usu</strong></span> <span class='ocrx_word' id='word_1_15' title='bbox 2866 609 3048 675; x_wconf 80' lang='lat' dir='ltr'><strong>disso-</strong></span> 
     </span>
     <span class='ocr_line' id='line_1_3' title="bbox 374 696 3052 819; baseline -0.006 -13"><span class='ocrx_word' id='word_1_16' title='bbox 374 696 502 758; x_wconf 71' lang='lat' dir='ltr'><strong>sept.</strong></span> <span class='ocrx_word' id='word_1_17' title='bbox 519 722 569 730; x_wconf 63' lang='grc'><strong>’“</strong></span> <span class='ocrx_word' id='word_1_18' title='bbox 584 696 685 746; x_wconf 54' lang='grc' dir='ltr'><strong>ω’</strong></span> <span class='ocrx_word' id='word_1_19' title='bbox 709 735 1014 804; x_wconf 67' lang='lat' dir='ltr'><strong>nuntiam.</strong></span> <span class='ocrx_word' id='word_1_20' title='bbox 1074 733 1239 799; x_wconf 82' lang='lat' dir='ltr'><strong>Nam</strong></span> <span class='ocrx_word' id='word_1_21' title='bbox 1281 731 1552 819; x_wconf 69' lang='lat' dir='ltr'><strong>paginae</strong></span> <span class='ocrx_word' id='word_1_22' title='bbox 1594 729 1796 816; x_wconf 88' lang='lat' dir='ltr'><strong>ipsius</strong></span> <span class='ocrx_word' id='word_1_23' title='bbox 1836 728 2031 795; x_wconf 89' lang='lat' dir='ltr'><strong>limen</strong></span> <span class='ocrx_word' id='word_1_24' title='bbox 2067 733 2290 795; x_wconf 80' lang='lat' dir='ltr'><strong>contra</strong></span> <span class='ocrx_word' id='word_1_25' title='bbox 2317 727 2763 794; x_wconf 75' lang='lat' dir='ltr'><strong>auctoritatem</strong></span> <span class='ocrx_word' id='word_1_26' title='bbox 2792 731 2859 792; x_wconf 88' lang='lat' dir='ltr'><strong>et</strong></span> <span class='ocrx_word' id='word_1_27' title='bbox 2883 743 3052 791; x_wconf 82' lang='lat' dir='ltr'><strong>usum</strong></span> 
     </span>
     <span class='ocr_line' id='line_1_4' title="bbox 711 842 3053 940; baseline -0.005 -21"><span class='ocrx_word' id='word_1_28' title='bbox 711 853 990 940; x_wconf 84' lang='lat' dir='ltr'><strong>positum</strong></span> <span class='ocrx_word' id='word_1_29' title='bbox 1035 855 1160 935; x_wconf 86' lang='lat' dir='ltr'><strong>est,</strong></span> <span class='ocrx_word' id='word_1_30' title='bbox 1208 869 1352 916; x_wconf 82' lang='lat' dir='ltr'><strong>eum</strong></span> <span class='ocrx_word' id='word_1_31' title='bbox 1395 848 1544 914; x_wconf 84' lang='lat' dir='ltr'><strong>illae</strong></span> <span class='ocrx_word' id='word_1_32' title='bbox 1586 846 1838 912; x_wconf 77' lang='lat' dir='ltr'><strong>litterae</strong></span> <span class='ocrx_word' id='word_1_33' title='bbox 1884 894 1920 925; x_wconf 89' lang='lat'><strong>,‚</strong></span> <span class='ocrx_word' id='word_1_34' title='bbox 1938 847 2154 911; x_wconf 80' lang='lat' dir='ltr'><strong><em>abbati</em></strong></span> <span class='ocrx_word' id='word_1_35' title='bbox 2197 845 2595 911; x_wconf 58' lang='lat' dir='ltr'><strong>Hasta-{ensi</strong></span> <span class='ocrx_word' id='word_1_36' title='bbox 2608 845 2642 876; x_wconf 86' lang='lat'>“</span> <span class='ocrx_word' id='word_1_37' title='bbox 2693 842 3053 926; x_wconf 73' lang='lat' dir='ltr'><strong>diriganttu,</strong></span> 
     </span>
    </p>

    <p class='ocr_par' dir='ltr' id='par_1_3' title="bbox 714 957 3056 1055">
     <span class='ocr_line' id='line_1_5' title="bbox 714 957 3056 1055; baseline -0.006 -19"><span class='ocrx_word' id='word_1_38' title='bbox 714 968 883 1055; x_wconf 88' lang='lat' dir='ltr'>quod</span> <span class='ocrx_word' id='word_1_39' title='bbox 914 967 1288 1034; x_wconf 79' lang='lat' dir='ltr'>vocabulum</span> <span class='ocrx_word' id='word_1_40' title='bbox 1330 985 1449 1032; x_wconf 80' lang='lat' dir='ltr'><strong>nec</strong></span> <span class='ocrx_word' id='word_1_41' title='bbox 1494 963 1837 1030; x_wconf 73' lang='lat' dir='ltr'><strong>‘auotoritas</strong></span> <span class='ocrx_word' id='word_1_42' title='bbox 1882 962 2140 1028; x_wconf 79' lang='lat' dir='ltr'><strong>roborat</strong></span> <span class='ocrx_word' id='word_1_43' title='bbox 2183 980 2301 1027; x_wconf 80' lang='lat' dir='ltr'><strong>nee</strong></span> <span class='ocrx_word' id='word_1_44' title='bbox 2344 981 2496 1026; x_wconf 87' lang='lat' dir='ltr'><strong>usus</strong></span> <span class='ocrx_word' id='word_1_45' title='bbox 2541 957 2893 1025; x_wconf 73' lang='lat' dir='ltr'><strong>confirmat.</strong></span> <span class='ocrx_word' id='word_1_46' title='bbox 2971 957 3056 1024; x_wconf 90' lang='lat' dir='ltr'><strong>Si-</strong></span> 
     </span>
    </p>
   </div>
   <div class='ocr_carea' id='block_1_3' title="bbox 735 3412 3082 4087">
    <p class='ocr_par' dir='ltr' id='par_1_4' title="bbox 735 3412 3082 4087">
     <span class='ocr_line' id='line_1_6' title="bbox 735 3412 3071 3507; baseline -0.004 -19"><span class='ocrx_word' id='word_1_47' title='bbox 735 3445 863 3488; x_wconf 73' lang='lat' dir='ltr'><strong>eem</strong></span> <span class='ocrx_word' id='word_1_48' title='bbox 894 3424 1255 3507; x_wconf 72' lang='lat' dir='ltr'><strong>episcopum</strong></span> <span class='ocrx_word' id='word_1_49' title='bbox 1285 3421 1395 3483; x_wconf 80' lang='lat' dir='ltr'><strong>aut</strong></span> <span class='ocrx_word' id='word_1_50' title='bbox 1436 3418 1756 3483; x_wconf 79' lang='lat' dir='ltr'><strong>Vicensem</strong></span> <span class='ocrx_word' id='word_1_51' title='bbox 1785 3415 2153 3504; x_wconf 79' lang='lat' dir='ltr'><strong>appellaret.</strong></span> <span class='ocrx_word' id='word_1_52' title='bbox 2335 3412 2472 3480; x_wconf 77' lang='lat' dir='ltr'><strong>Hoc</strong></span> <span class='ocrx_word' id='word_1_53' title='bbox 2500 3412 2695 3479; x_wconf 81' lang='lat' dir='ltr'><strong>etiam</strong></span> <span class='ocrx_word' id='word_1_54' title='bbox 2736 3433 2858 3481; x_wconf 81' lang='lat' dir='ltr'><strong>nec</strong></span> <span class='ocrx_word' id='word_1_55' title='bbox 2900 3432 3071 3480; x_wconf 77' lang='lat' dir='ltr'><strong>eano-</strong></span> 
     </span>
     <span class='ocr_line' id='line_1_7' title="bbox 737 3529 3073 3621; baseline -0.004 -16"><span class='ocrx_word' id='word_1_56' title='bbox 737 3557 849 3605; x_wconf 87' lang='lat' dir='ltr'><strong>nes</strong></span> <span class='ocrx_word' id='word_1_57' title='bbox 908 3535 1224 3621; x_wconf 82' lang='lat' dir='ltr'><strong>recipiunt</strong></span> <span class='ocrx_word' id='word_1_58' title='bbox 1278 3553 1397 3601; x_wconf 82' lang='lat' dir='ltr'><strong>nee</strong></span> <span class='ocrx_word' id='word_1_59' title='bbox 1450 3533 1622 3617; x_wconf 85' lang='lat' dir='ltr'><strong>leges</strong></span> <span class='ocrx_word' id='word_1_60' title='bbox 1678 3532 2053 3616; x_wconf 77' lang='lat' dir='ltr'><strong>admittunt,</strong></span> <span class='ocrx_word' id='word_1_61' title='bbox 2110 3535 2185 3596; x_wconf 90' lang='lat' dir='ltr'><strong>ut</strong></span> <span class='ocrx_word' id='word_1_62' title='bbox 2236 3530 2425 3597; x_wconf 86' lang='lat' dir='ltr'><strong>rebus</strong></span> <span class='ocrx_word' id='word_1_63' title='bbox 2476 3531 2609 3596; x_wconf 85' lang='lat' dir='ltr'><strong>suis</strong></span> <span class='ocrx_word' id='word_1_64' title='bbox 2653 3529 2962 3617; x_wconf 76' lang='lat' dir='ltr'><strong>spoliatus</strong></span> <span class='ocrx_word' id='word_1_65' title='bbox 3003 3529 3073 3595; x_wconf 78' lang='lat' dir='ltr'><strong>ad</strong></span> 
     </span>
     <span class='ocr_line' id='line_1_8' title="bbox 739 3647 3074 3737; baseline -0.004 -16"><span class='ocrx_word' id='word_1_66' title='bbox 739 3653 1042 3721; x_wconf 80' lang='lat' dir='ltr'>iudicium</span> <span class='ocrx_word' id='word_1_67' title='bbox 1075 3656 1354 3735; x_wconf 77' lang='lat' dir='ltr'><strong>vocetur,</strong></span> <span class='ocrx_word' id='word_1_68' title='bbox 1400 3650 1700 3737; x_wconf 78' lang='lat' dir='ltr'><strong>quoniam</strong></span> <span class='ocrx_word' id='word_1_69' title='bbox 1742 3670 1872 3716; x_wconf 89' lang='lat' dir='ltr'><strong>non</strong></span> <span class='ocrx_word' id='word_1_70' title='bbox 1917 3653 2015 3715; x_wconf 83' lang='lat' dir='ltr'><strong>est</strong></span> <span class='ocrx_word' id='word_1_71' title='bbox 2055 3647 2478 3735; x_wconf 80' lang='lat' dir='ltr'><strong>privilegium,</strong></span> <span class='ocrx_word' id='word_1_72' title='bbox 2526 3666 2649 3731; x_wconf 88' lang='lat' dir='ltr'><strong>quo</strong></span> <span class='ocrx_word' id='word_1_73' title='bbox 2693 3647 2902 3734; x_wconf 83' lang='lat' dir='ltr'><strong>possit</strong></span> <span class='ocrx_word' id='word_1_74' title='bbox 2945 3666 3074 3733; x_wconf 83' lang='lat' dir='ltr'><strong>spo-</strong></span> 
     </span>
     <span class='ocr_line' id='line_1_9' title="bbox 738 3762 3076 3854; baseline -0.004 -17"><span class='ocrx_word' id='word_1_75' title='bbox 738 3770 884 3837; x_wconf 78' lang='lat' dir='ltr'>liari</span> <span class='ocrx_word' id='word_1_76' title='bbox 928 3770 1060 3835; x_wconf 79' lang='lat' dir='ltr'><strong>iam</strong></span> <span class='ocrx_word' id='word_1_77' title='bbox 1103 3768 1396 3834; x_wconf 84' lang='lat' dir='ltr'><strong>nudatus.</strong></span> <span class='ocrx_word' id='word_1_78' title='bbox 1489 3765 1670 3845; x_wconf 84' lang='lat' dir='ltr'>Quod</span> <span class='ocrx_word' id='word_1_79' title='bbox 1713 3772 2052 3854; x_wconf 80' lang='lat' dir='ltr'><strong>propterea</strong></span> <span class='ocrx_word' id='word_1_80' title='bbox 2095 3764 2393 3849; x_wconf 80' lang='lat' dir='ltr'>dicimus,</span> <span class='ocrx_word' id='word_1_81' title='bbox 2451 3763 2602 3849; x_wconf 81' lang='lat' dir='ltr'><strong>quia</strong></span> <span class='ocrx_word' id='word_1_82' title='bbox 2641 3762 2815 3829; x_wconf 87' lang='lat' dir='ltr'><strong>idem</strong></span> <span class='ocrx_word' id='word_1_83' title='bbox 2861 3763 3076 3830; x_wconf 78' lang='lat' dir='ltr'><strong>abbas·</strong></span> 
     </span>
     <span class='ocr_line' id='line_1_10' title="bbox 739 3879 3082 3973; baseline -0.003 -21"><span class='ocrx_word' id='word_1_84' title='bbox 739 3888 809 3954; x_wconf 86' lang='lat' dir='ltr'><strong>in</strong></span> <span class='ocrx_word' id='word_1_85' title='bbox 863 3885 1182 3973; x_wconf 83' lang='lat' dir='ltr'><strong>proxima·</strong></span> <span class='ocrx_word' id='word_1_86' title='bbox 1210 3884 1448 3972; x_wconf 83' lang='lat' dir='ltr'><strong>synodo</strong></span> <span class='ocrx_word' id='word_1_87' title='bbox 1504 3879 1752 3951; x_wconf 81' lang='lat' dir='ltr'><strong>vestra⁶</strong></span> <span class='ocrx_word' id='word_1_88' title='bbox 1808 3883 1890 3949; x_wconf 83' lang='lat' dir='ltr'><strong>ad</strong></span> <span class='ocrx_word' id='word_1_89' title='bbox 1943 3882 2331 3970; x_wconf 79' lang='lat' dir='ltr'><strong>presentiam</strong></span> <span class='ocrx_word' id='word_1_90' title='bbox 2388 3884 2667 3947; x_wconf 81' lang='lat' dir='ltr'><strong>vestram</strong></span> <span class='ocrx_word' id='word_1_91' title='bbox 2721 3880 2936 3947; x_wconf 85' lang='lat' dir='ltr'><strong>iussus</strong></span> <span class='ocrx_word' id='word_1_92' title='bbox 2994 3883 3082 3946; x_wconf 73' lang='lat' dir='ltr'><strong>est</strong></span> 
     </span>
     <span class='ocr_line' id='line_1_11' title="bbox 742 3998 3080 4087; baseline -0.003 -17"><span class='ocrx_word' id='word_1_93' title='bbox 742 4003 977 4087; x_wconf 79' lang='lat' dir='ltr'><strong>venire,</strong></span> <span class='ocrx_word' id='word_1_94' title='bbox 1023 4000 1534 4069; x_wconf 86' lang='lat' dir='ltr'><strong>Hasteriensibus</strong></span> <span class='ocrx_word' id='word_1_95' title='bbox 1578 4000 1903 4067; x_wconf 77' lang='lat' dir='ltr'><strong>monachis</strong></span> <span class='ocrx_word' id='word_1_96' title='bbox 1950 4000 2027 4066; x_wconf 87' lang='lat' dir='ltr'><strong>de</strong></span> <span class='ocrx_word' id='word_1_97' title='bbox 2071 3998 2499 4065; x_wconf 65' lang='lat' dir='ltr'><strong>eoum-eversis</strong></span> <span class='ocrx_word' id='word_1_98' title='bbox 2542 3998 2673 4063; x_wconf 77' lang='lat' dir='ltr'><strong>iam</strong></span> <span class='ocrx_word' id='word_1_99' title='bbox 2717 3998 2933 4084; x_wconf 78' lang='lat' dir='ltr'><strong>sopita</strong></span> <span class='ocrx_word' id='word_1_100' title='bbox 2974 3999 3080 4062; x_wconf 79' lang='lat' dir='ltr'><strong>ite-</strong></span> 
     </span>
    </p>
   </div>
   <div class='ocr_carea' id='block_1_4' title="bbox 741 4113 3082 4206">
    <p class='ocr_par' dir='ltr' id='par_1_5' title="bbox 741 4113 3082 4206">
     <span class='ocr_line' id='line_1_12' title="bbox 741 4113 3082 4206; baseline -0.005 -17"><span class='ocrx_word' id='word_1_101' title='bbox 741 4141 882 4189; x_wconf 88' lang='lat' dir='ltr'><strong>rum</strong></span> <span class='ocrx_word' id='word_1_102' title='bbox 929 4139 1365 4206; x_wconf 81' lang='lat' dir='ltr'><strong>responsurus.</strong></span> <span class='ocrx_word' id='word_1_103' title='bbox 1437 4117 1736 4185; x_wconf 84' lang='lat' dir='ltr'><strong>Preterea</strong></span> <span class='ocrx_word' id='word_1_104' title='bbox 1778 4136 1925 4183; x_wconf 83' lang='lat' dir='ltr'><strong>cum</strong></span> <span class='ocrx_word' id='word_1_105' title='bbox 1978 4116 2098 4182; x_wconf 81' lang='lat' dir='ltr'><strong>hoo</strong></span> <span class='ocrx_word' id='word_1_106' title='bbox 2143 4115 2364 4182; x_wconf 87' lang='lat' dir='ltr'><strong>eodem</strong></span> <span class='ocrx_word' id='word_1_107' title='bbox 2409 4134 2572 4181; x_wconf 81' lang='lat' dir='ltr'><strong>anno</strong></span> <span class='ocrx_word' id='word_1_108' title='bbox 2616 4118 2753 4179; x_wconf 76' lang='lat' dir='ltr'><strong>tam</strong></span> <span class='ocrx_word' id='word_1_109' title='bbox 2799 4113 3082 4179; x_wconf 78' lang='lat' dir='ltr'><strong>abbatem</strong></span> 
     </span>
    </p>
   </div>
   <div class='ocr_carea' id='block_1_5' title="bbox 887 4244 1472 4306">
    <p class='ocr_par' dir='ltr' id='par_1_6' title="bbox 887 4244 1472 4306">
     <span class='ocr_line' id='line_1_13' title="bbox 887 4244 1472 4306; baseline -0.005 -14"><span class='ocrx_word' id='word_1_110' title='bbox 887 4260 929 4292; x_wconf 71' lang='grc' dir='ltr'><strong>ι.</strong></span> <span class='ocrx_word' id='word_1_111' title='bbox 971 4245 1031 4291; x_wconf 66' lang='grc' dir='ltr'><strong>αἱ</strong></span> <span class='ocrx_word' id='word_1_112' title='bbox 1061 4246 1261 4306; x_wconf 70' lang='lat' dir='ltr'><strong>sequitur</strong></span> <span class='ocrx_word' id='word_1_113' title='bbox 1290 4246 1336 4289; x_wconf 79' lang='grc' dir='ltr'><strong>ἰιι</strong></span> <span class='ocrx_word' id='word_1_114' title='bbox 1369 4244 1472 4290; x_wconf 76' lang='lat' dir='ltr'><strong>cod.</strong></span> 
     </span>
    </p>
   </div>
   <div class='ocr_carea' id='block_1_6' title="bbox 744 4323 3078 4668">
    <p class='ocr_par' dir='ltr' id='par_1_7' title="bbox 744 4323 3078 4668">
     <span class='ocr_line' id='line_1_14' title="bbox 887 4323 3078 4397; baseline -0.007 -8"><span class='ocrx_word' id='word_1_115' title='bbox 887 4332 938 4389; x_wconf 87' lang='lat'><strong>1.</strong></span> <span class='ocrx_word' id='word_1_116' title='bbox 982 4330 1150 4393; x_wconf 71' lang='lat' dir='ltr'>immo</span> <span class='ocrx_word' id='word_1_117' title='bbox 1196 4329 1507 4386; x_wconf 83' lang='lat' dir='ltr'><strong>Deoderieo</strong></span> <span class='ocrx_word' id='word_1_118' title='bbox 1543 4330 1571 4385; x_wconf 91' lang='grc' dir='ltr'>Ι</span> <span class='ocrx_word' id='word_1_119' title='bbox 1620 4327 1989 4397; x_wconf 80' lang='grc'><strong>(964-984).</strong></span> <span class='ocrx_word' id='word_1_120' title='bbox 2047 4324 2133 4382; x_wconf 83' lang='lat' dir='ltr'><strong>Of.</strong></span> <span class='ocrx_word' id='word_1_121' title='bbox 2170 4324 2482 4382; x_wconf 81' lang='lat' dir='ltr'>Chronioon</span> <span class='ocrx_word' id='word_1_122' title='bbox 2517 4323 2957 4381; x_wconf 76' lang='lat' dir='ltr'><strong>Valeiodorense</strong></span> <span class='ocrx_word' id='word_1_123' title='bbox 2997 4337 3078 4390; x_wconf 74' lang='lat' dir='ltr'><strong>ap.</strong></span> 
     </span>
     <span class='ocr_line' id='line_1_15' title="bbox 744 4411 3076 4491; baseline -0.005 -15"><span class='ocrx_word' id='word_1_124' title='bbox 744 4418 1233 4491; x_wconf 81' lang='lat' dir='ltr'><strong>D’Achery’Spie.</strong></span> <span class='ocrx_word' id='word_1_125' title='bbox 1281 4418 1353 4473; x_wconf 93' lang='lat'><strong>11.</strong></span> <span class='ocrx_word' id='word_1_126' title='bbox 1401 4419 1524 4474; x_wconf 79' lang='lat'><strong>713.</strong></span> <span class='ocrx_word' id='word_1_127' title='bbox 1703 4418 1756 4472; x_wconf 77' lang='lat'><strong>2.</strong></span> <span class='ocrx_word' id='word_1_128' title='bbox 1812 4416 1918 4471; x_wconf 83' lang='lat'><strong>969</strong></span> <span class='ocrx_word' id='word_1_129' title='bbox 1965 4416 2099 4471; x_wconf 84' lang='lat' dir='ltr'><strong>Dee.</strong></span> <span class='ocrx_word' id='word_1_130' title='bbox 2140 4416 2226 4470; x_wconf 88' lang='grc'><strong>16.</strong></span> <span class='ocrx_word' id='word_1_131' title='bbox 2292 4415 2530 4469; x_wconf 70' lang='grc' dir='ltr'>Βὸὴωθι·</span> <span class='ocrx_word' id='word_1_132' title='bbox 2585 4414 2832 4483; x_wconf 78' lang='lat' dir='ltr'><strong>Regesta.</strong></span> <span class='ocrx_word' id='word_1_133' title='bbox 2878 4431 2933 4468; x_wconf 90' lang='lat' dir='ltr'><strong>n.</strong></span> <span class='ocrx_word' id='word_1_134' title='bbox 2966 4411 3076 4466; x_wconf 87' lang='grc'><strong>363.</strong></span> 
     </span>
     <span class='ocr_line' id='line_1_16' title="bbox 745 4502 3073 4577; baseline -0.005 -11"><span class='ocrx_word' id='word_1_135' title='bbox 745 4511 798 4566; x_wconf 87' lang='grc'><strong>3.</strong></span> <span class='ocrx_word' id='word_1_136' title='bbox 835 4510 862 4565; x_wconf 94' lang='lat' dir='ltr'>I</span> <span class='ocrx_word' id='word_1_137' title='bbox 899 4509 1245 4577; x_wconf 80' lang='lat'>(929—964).</span> <span class='ocrx_word' id='word_1_138' title='bbox 1386 4508 1440 4563; x_wconf 80' lang='lat'><strong>4.</strong></span> <span class='ocrx_word' id='word_1_139' title='bbox 1476 4508 1548 4564; x_wconf 89' lang='lat' dir='ltr'><strong>V.</strong></span> <span class='ocrx_word' id='word_1_140' title='bbox 1575 4506 1851 4577; x_wconf 83' lang='lat' dir='ltr'><strong>Sigeberti</strong></span> <span class='ocrx_word' id='word_1_141' title='bbox 1875 4505 2290 4561; x_wconf 75' lang='lat' dir='ltr'><strong>Gemblaeensie</strong></span> <span class='ocrx_word' id='word_1_142' title='bbox 2312 4504 2415 4560; x_wconf 77' lang='lat' dir='ltr'><strong>vit.</strong></span> <span class='ocrx_word' id='word_1_143' title='bbox 2438 4502 2731 4560; x_wconf 84' lang='lat' dir='ltr'><strong>Deoderioi</strong></span> <span class='ocrx_word' id='word_1_144' title='bbox 2757 4503 2784 4557; x_wconf 90' lang='lat'>1</span> <span class='ocrx_word' id='word_1_145' title='bbox 2820 4518 2910 4573; x_wconf 87' lang='lat' dir='ltr'><strong>ep.</strong></span> <span class='ocrx_word' id='word_1_146' title='bbox 2934 4502 3073 4557; x_wconf 71' lang='lat' dir='ltr'><strong>nett-</strong></span> 
     </span>
     <span class='ocr_line' id='line_1_17' title="bbox 748 4593 2152 4668; baseline -0.005 -12"><span class='ocrx_word' id='word_1_147' title='bbox 748 4600 914 4668; x_wconf 75' lang='lat' dir='ltr'>(Mon.</span> <span class='ocrx_word' id='word_1_148' title='bbox 940 4599 1127 4655; x_wconf 86' lang='lat' dir='ltr'><strong>Germ.</strong></span> <span class='ocrx_word' id='word_1_149' title='bbox 1149 4596 1248 4653; x_wconf 84' lang='lat' dir='ltr'><strong>SS.</strong></span> <span class='ocrx_word' id='word_1_150' title='bbox 1272 4597 1369 4654; x_wconf 85' lang='lat' dir='ltr'><strong>IV.</strong></span> <span class='ocrx_word' id='word_1_151' title='bbox 1394 4598 1541 4664; x_wconf 84' lang='grc'><strong>467).</strong></span> <span class='ocrx_word' id='word_1_152' title='bbox 1683 4596 1737 4651; x_wconf 86' lang='grc'><strong>5.</strong></span> <span class='ocrx_word' id='word_1_153' title='bbox 1773 4595 1912 4651; x_wconf 79' lang='lat' dir='ltr'>Nov.</span> <span class='ocrx_word' id='word_1_154' title='bbox 1938 4593 2152 4650; x_wconf 79' lang='lat'>5—11.</span> 
     </span>
    </p>
   </div>
  </div>
 </body>
</html>
