3319 5242
738 413 824 480 58
1360 433 1963 483 onnonocmrnns
2003 435 2449 513 *connmnsrs

545 574 683 631 1147
737 573 1157 642 continentiae
1210 596 1362 642 suae
1414 575 1589 642 nulla
1641 583 1859 663 posset
1912 576 2129 644 haberi
2175 579 2448 666 suspicio
2463 628 2483 663 ,
2540 586 2605 645 et
2646 580 2815 646 vitae
2858 598 3068 647 neces-

738 689 921 755 sariis
934 700 956 725 ·
1001 690 1348 759 abundaret
1389 693 1479 759 eis
1526 694 2030 761 amministratio.

910 805 1066 873 Post
1107 806 1280 892 baec,
1325 808 1698 895 interposito
1745 808 2065 894 aliquanto
2097 810 2402 897 temporis
2430 810 2803 894 intersticio,
2851 811 2934 877 ad
2976 810 3068 877 in·

492 931 702 981 Mart-19
736 924 968 990 dictam
1024 923 1189 990 diem
1244 960 1327 971 —
1388 925 1542 991 haec
1597 945 1735 991 esse
1791 930 2079 992 censetur
2133 927 2202 991 in
2265 928 2345 992 14
2402 926 2540 993 Kal.
2583 926 2940 1013 Aprilium*
2986 962 3066 974 —

737 1039 928 1106 abbas
973 1039 1459 1106 Frankenvorde
1502 1041 1679 1107 venit
1732 1045 1797 1107 et
1840 1042 1972 1125 agit
2026 1061 2096 1107 se
2148 1042 2218 1107 in
2272 1042 2636 1129 principum
2678 1043 3068 1126 consistorio,

736 1155 982 1242 quando
1037 1161 1102 1222 et
1156 1156 1359 1223 denuo
1405 1155 1671 1222 duarum
1727 1156 2132 1224 ecclesiarum
2176 1156 2458 1242 illarum,
2513 1159 2643 1225 iam
2690 1157 3072 1243 aliquociens

732 1271 1181 1359 prelibatarum
1195 1320 1214 1357 ,
1269 1273 1439 1339 facta
1495 1276 1593 1339 est
1645 1272 1792 1339 huic
1849 1272 2146 1341 ecclesiae
2201 1273 2466 1340 tradicio
2524 1278 2635 1340 aut
2687 1274 2880 1340 etiam
2926 1294 3072 1341 con-

730 1386 1001 1455 firmatio
1019 1384 1054 1453 ¹.

907 1503 1092 1571 Multi
1136 1504 1307 1570 enim
1351 1503 1709 1591 principum
1761 1525 1842 1571 ex
1885 1506 2057 1572 omni
2099 1524 2261 1592 pene
2307 1505 2477 1572 orbis
2523 1504 2714 1592 plaga
2754 1504 3073 1571 confluxe-

730 1624 904 1704 rant,
964 1625 1039 1686 ut
1093 1620 1486 1706 oportunitas
1543 1640 1694 1686 sane
1749 1621 2154 1708 deposcebat,
2219 1621 2453 1708 quippe
2495 1626 2666 1688 tum⁶
2710 1642 2824 1689 rex
2867 1642 3073 1689 novus

732 1736 1053 1821 eligendus
1100 1740 1254 1802 erat.
1344 1734 1510 1801 Nam
1554 1735 1843 1803 dominus
1900 1741 2115 1804 noster
2158 1757 2272 1803 rex
2317 1736 2715 1822 Counradus,
2772 1737 3075 1804 Hieroso·

728 1852 948 1919 limam
993 1852 1157 1917 sicut
1183 1845 1384 1917 infra²
1415 1851 1650 1918 dictum
1694 1858 1792 1919 est
1819 1853 2044 1937 iturus,
2092 1853 2363 1920 obtinuit
2392 1873 2431 1919 a
2459 1854 2868 1941 principibus,
2918 1874 3075 1940 quae
3159 1832 3163 1836 Δ

728 1970 900 2036 tinus
946 1969 1036 2034 eis
1084 1966 1419 2051 eligeretur
1460 1967 1528 2032 in
1571 1989 1784 2052 regern
1830 1969 2163 2036 Heinricus
2208 1990 2359 2035 suus
2402 1968 2588 2035 filius.

907 2079 1238 2169 Utrisque⁸
1282 2083 1476 2167 igitur
1518 2082 1588 2148 in
1629 2083 1750 2149 hac
1804 2084 2150 2152 tradicione
2198 2084 2296 2153 vel
2330 2082 2810 2163 'confirmatione
2855 2104 3076 2152 assen-

726 2199 1028 2268 tientibus
1042 2250 1062 2284 ,
1107 2198 1465 2287 presulibus
1510 2198 1842 2267 abbatibus
1884 2199 2342 2288 principalibus
2385 2220 2502 2268 nec
2543 2220 2672 2267 non
2717 2205 2783 2266 et
2824 2202 3077 2268 cunctis

725 2316 1124 2405 presentibus
1169 2314 1530 2402 proceribus
1574 2315 1643 2381 in
1687 2315 1786 2381 his
1833 2316 2389 2404 applaudentibus,
2436 2322 2579 2383 rata
2620 2317 2934 2401 sancitur,
2985 2318 3081 2385 sic

725 2439 940 2500 tamen
985 2432 1334 2515 ordinarie,
1379 2436 1453 2497 ut
1496 2430 1981 2516 investigaretur
2023 2431 2275 2519 publice
2320 2453 2360 2498 a
2402 2431 2631 2499 domno
2675 2431 3079 2518 Burghardo,

725 2548 978 2639 presule
1018 2547 1292 2615 civitatis
1322 2547 1672 2632 Argentine
1685 2543 1724 2632 ⁴,
1773 2566 2074 2615 censurae
2118 2548 2477 2615 iudiciario:
2524 2548 2582 2614 si
2622 2553 2884 2636 possent
2930 2548 3081 2615 dari

725 2665 1005 2750 legitime
1034 2663 1257 2732 cellule
1283 2662 1528 2749 regales
1557 2664 1757 2748 regali
1787 2670 1852 2731 et
1877 2665 2103 2731 maiori
2134 2664 2413 2750 ecclesie,
2448 2665 2527 2731 de
2556 2684 2682 2749 qua
2710 2670 2775 2731 et
2799 2684 3081 2748 regnum

726 2786 1002 2849 sumeret
1046 2801 1172 2847 non
1216 2779 1393 2847 nulla
1436 2780 1755 2865 obsequia,
1801 2798 1945 2846 cum
1975 2785 2040 2848 et
2069 2781 2147 2848 de
2176 2779 2523 2848 minoribus
2551 2785 2766 2868 preter
2791 2782 3081 2849 nominis

724 2897 926 2965 solam
956 2897 1221 2982 gloriam
1249 2896 1426 2963 nulla
1451 2896 1858 2983 provenirent
1884 2916 2078 2981 regno
2108 2897 2457 2984 profutura.
2516 2896 3041 2964 Assentientibus
3056 2897 3082 2933 ‘¹

726 3035 874 3099 ergo
895 3013 1204 3081 universis
1229 3012 1666 3079 assistentibus
1694 3012 2098 3098 primoribus,
2130 3012 2358 3080 domno
2380 3012 2748 3098 Burghardo
2771 3013 3082 3101 episcopo
3110 3101 3119 3109 ·

725 3129 795 3197 id
836 3131 1171 3213 iudicante,
1218 3129 1570 3213 domnoque
1614 3126 1980 3195 Bernhardo
2026 3128 2476 3197 Clarevallensi
2521 3129 2746 3196 abbate
2788 3129 2855 3194 id
2897 3130 3084 3196 nihi-

723 3245 996 3312 lominus
1042 3246 1375 3328 suadente,
1421 3241 1888 3327 magnificentia
1932 3244 2257 3329 signorum
2300 3245 2432 3312 iam
2473 3245 2601 3312 late
2643 3245 2856 3331 ipsum
2897 3246 3085 3313 noti-

724 3359 951 3429 ficante
994 3380 1068 3428 ac
1111 3365 1488 3443 exornante,
1544 3357 1712 3444 quod
1757 3363 1820 3425 et
1862 3358 2299 3428 inconvulsum
2341 3360 2511 3428 infra
2599 3410 2615 3426 .
2711 3409 2727 3425 .
2822 3409 2838 3425 .
2935 3410 2956 3427 .
3065 3412 3083 3428 .

726 3523 2405 3543 ................
2493 3476 2560 3543 id
2606 3481 2702 3543 est
2743 3475 3085 3564 principes

722 3592 1086 3680 prelibatos,
1132 3592 1301 3679 apud
1344 3590 1683 3658 nobiliores
1720 3596 1936 3658 tamen
1961 3596 2175 3679 preter
2202 3590 2507 3658 Adulfum
2536 3592 2614 3659 de
2646 3590 3089 3678 Scowenburg

723 3730 931 3793 nemo,
977 3710 1079 3776 cui
1122 3708 1443 3793 negotium
1486 3706 1674 3773 huius
1718 3707 2031 3792 largitatis
2075 3708 2286 3791 regiae
2328 3706 2654 3775 offensioni
2680 3708 2783 3776 vel
2815 3713 3086 3776 contra-

725 3825 987 3893 dictioni
1028 3824 1238 3893 fuerit.
1332 3823 1443 3890 Ille
1488 3822 1820 3908 siquidem,
1866 3827 2166 3909 quantum
2217 3822 2535 3890 facultatis
2578 3822 2797 3890 habuit
2840 3821 3090 3893 effectu

868 4017 910 4048 ι.
935 4002 1257 4050 necessasariis
1283 4019 1322 4049 e.
1393 4000 1438 4047 b.
1462 3998 1600 4062 Aplff
1622 4019 1663 4047 c.
1681 4000 1928 4062 (perperam
1956 4004 2000 4047 ιίι
2027 4001 2220 4047 editione
2239 4003 2510 4046 sziana:
2533 3999 2676 4060 April.
2691 3999 2775 4057 ut).
2838 4014 2879 4046 c.
2906 4015 3020 4049 cum
3041 4022 3088 4050 e.

724 4082 771 4129 d.
804 4082 897 4129 enti
926 4086 1139 4141 seriptum
1170 4091 1237 4129 ut
1266 4099 1398 4140 cuper
1427 4080 1711 4137 assantibus3
1755 4097 1847 4142 qua
1879 4098 1925 4126 re
1956 4090 2101 4127 motus
2134 4096 2230 4126 cue
2260 4081 2436 4127 videtur
2465 4083 2671 4127 pertzius
2703 4090 2752 4126 nt
2775 4096 2862 4140 pro
2894 4081 3086 4130 Assen-

723 4162 943 4209 fientibus
973 4175 1081 4220 ergo
1111 4161 1337 4208 universis
1364 4179 1599 4221 perperam
1630 4162 1868 4209 scriberet.-
1897 4159 2265 4207 Assentientibus
2297 4159 2505 4206 omnibus
2538 4172 2643 4217 ergo
2676 4161 2723 4205 et
2751 4159 3006 4207 universis.

866 4268 918 4322 1.
964 4265 1107 4322 Vide
1153 4265 1391 4323 conradi
1425 4266 1508 4321 111
1550 4266 1796 4336 diploma
1828 4265 1885 4320 d.
1913 4264 2048 4320 1147
2096 4263 2539 4335 Frankenevort3
2584 4279 2676 4333 ap.
2711 4262 2927 4319 Erhard
2964 4265 3010 4319 l.
3040 4265 3085 4322 1.

723 4357 774 4411 2.
814 4356 954 4412 Fere
987 4370 1203 4425 semper
1234 4353 1453 4426 „infra“
1484 4354 1674 4424 posuit
1695 4354 1931 4423 scriptor
1957 4368 2058 4422 pro
2080 4352 2351 4423 „supra“;
2387 4352 2575 4422 itaque
2603 4352 2769 4421 periit
2791 4367 2857 4408 ea
2880 4368 3086 4411 narra-

721 4444 891 4502 tionis
923 4459 1068 4514 pars,
1105 4442 1201 4499 ubi
1234 4449 1426 4514 egerat
1458 4443 1528 4499 de
1563 4443 1712 4499 bello
1746 4441 2243 4513 Hierosolymitano
2275 4457 2311 4497 a
2338 4440 2591 4497 Conrado
2625 4456 2756 4513 rege
2782 4448 3086 4512 suscepto.

724 4535 778 4589 3.
813 4533 1056 4605 regibus.
1164 4531 1218 4588 4.
1259 4532 1646 4588 1140—1162.
