3319 5242
1047 448 1478 500 msmmo
1524 449 1580 499 s.
1609 450 1754 499 vm
2490 430 2572 499 13

226 590 400 658 hardi
456 590 713 676 confisi,
772 588 1041 678 eligunt¹
1090 590 1213 659 sibi
1264 592 1555 660 abbatem
1599 592 1730 657 iam
1776 592 2015 659 dictum
2058 592 2266 659 virum
2314 610 2575 657 venera·
2644 594 2751 650 826
2855 632 2856 639 κ

227 707 408 776 bilem
447 706 784 775 Warinum
798 758 817 792 ,
879 709 1022 794 qui·
1054 707 1420 796 proficiebat
1475 708 1755 795 quotidie
1813 714 1879 775 et
1921 714 2214 796 acceptus
2260 712 2397 774 erat
2440 711 2573 773 tam
2607 668 2718 729 ’Ψ
2734 668 2795 716 ²⁶

229 823 353 891 Deo
400 845 597 910 quam
639 824 1017 892 hominibus.

395 940 519 1007 His
563 961 713 1008 vero
758 941 974 1025 gestis,
1020 946 1167 1028 post
1203 940 1456 1026 aliquod
1484 941 1790 1028 temporis
1820 940 2098 1028 spatium
2128 939 2358 1006 accidit
2385 958 2576 1024 quae-

230 1056 367 1123 dam
414 1057 791 1144 disceptatio
834 1056 1003 1125 inter
1046 1055 1455 1124 Ludowicum
1506 1058 1953 1143 imperatorem
1999 1061 2063 1123 et
2106 1056 2422 1143 principes
2468 1054 2578 1140 qui

231 1177 404 1240 erant
451 1174 518 1239 in
563 1194 778 1258 regno.
861 1172 983 1239 Pro
1031 1193 1157 1258 qua
1197 1194 1269 1241 re
1312 1173 1381 1239 in
1425 1178 1674 1240 tantum
1718 1172 2068 1258 indignatio
2112 1172 2421 1259 principis
2466 1191 2577 1238 ex-

230 1290 440 1373 crevit,
488 1295 563 1355 ut
606 1294 671 1357 et
696 1288 1026 1357 Walonem
1040 1288 1084 1374 ¹⁹,
1125 1310 1315 1376 quem
1346 1289 1495 1355 olim
1533 1294 1680 1356 ante
1711 1310 1926 1356 omnes
1958 1288 2285 1372 dilexerat,
2330 1288 2399 1355 in
2444 1288 2578 1356 exi-
2613 1298 2720 1353 830

229 1404 377 1472 lium
422 1406 741 1490 mitteret,
796 1411 861 1474 et
903 1405 1336 1472 Hilduwinum
1347 1400 1392 1490 ²,
1450 1406 1657 1472 virum
1705 1425 1900 1490 aeque
1945 1404 2452 1488 devotissimum,
2509 1404 2578 1470 in
2613 1371 2711 1419 ⁰⁶¹*

234 1521 543 1589 Saxoniae
597 1521 884 1610 partibus
898 1572 917 1608 ‚
977 1522 1218 1591 scilicet
1273 1522 1342 1589 in
1396 1522 1779 1589 monasterio
1825 1520 2092 1589 Corbeia
2141 1526 2468 1607 tamquam
2510 1520 2580 1585 in

234 1638 414 1706 exilio
427 1650 450 1675 ⁶
496 1637 850 1706 collocaret.

401 1754 668 1837 Interim
710 1754 1087 1821 venerabilis
1135 1753 1298 1821 abba
1339 1752 1636 1820 Warinus
1694 1753 1920 1820 maiori
1965 1752 2201 1820 honore
2248 1751 2418 1840 apud
2459 1752 2580 1818 im-

230 1875 587 1957 peratorem
641 1870 1005 1937 habebatur.
1097 1870 1188 1936 At
1239 1890 1389 1937 vero
1448 1890 1720 1954 memor,
1776 1869 1944 1954 quod
2000 1869 2122 1936 sibi
2176 1868 2581 1934 commissum

235 1993 383 2072 erat,
432 1987 677 2054 scilicet
717 1991 791 2054 ut
829 1987 996 2053 inter
1024 1986 1440 2053 barbarorum
1468 1991 1686 2070 gentes
1718 1986 2171 2053 monasterium
2202 1983 2580 2068 aedificaret,

230 2104 433 2189 petiit,
479 2108 556 2169 ut
600 2103 678 2171 de
724 2103 1090 2191 corporibus
1137 2107 1528 2187 sanctorum,
1576 2123 1845 2187 quorum
1888 2101 2148 2190 plurimi
2190 2102 2584 2169 habebantur

233 2218 294 2284 in
335 2218 631 2304 Francia,
679 2220 802 2286 sibi
847 2219 1119 2305 aliquot*¹
1164 2218 1509 2286 transferre
1553 2219 1622 2285 in
1666 2218 1998 2306 proprium
2040 2218 2322 2285 licuisset
2363 2236 2584 2284 mona-

233 2337 513 2402 sterium.
587 2335 939 2422 Statimque
966 2337 1333 2423 imperator,
1369 2341 1441 2401 ut
1468 2333 1668 2420 fieret,
1714 2336 1918 2402 iussit.
1990 2335 2110 2414 Qui
2140 2354 2284 2400 cum
2311 2334 2583 2400 multum

233 2452 449 2519 eodem
522 2472 687 2518 anno
743 2450 1126 2536 laborasset,
1194 2457 1269 2518 ut
1330 2456 1618 2518 sanctum
1673 2450 2058 2517 Victoricum
2116 2451 2194 2517 de
2250 2450 2582 2517 Ambianis

231 2568 487 2636 civitate
533 2568 939 2654 transferret,
998 2568 1118 2636 hoc
1173 2567 1438 2656 implere
1492 2568 1809 2655 nequivit,
1871 2568 2019 2655 quia
2075 2566 2323 2635 accolae
2377 2572 2584 2634 terrae

229 2683 399 2751 illius
446 2684 569 2750 hoc
613 2686 889 2769 graviter
917 2686 1220 2753 ferebant.
1292 2685 1467 2751 Tunc
1494 2705 1786 2751 reversus
1831 2690 1928 2751 est
1973 2685 2054 2751 ad
2097 2685 2377 2772 propria,
2423 2681 2586 2749 mul-

230 2805 443 2867 torum
487 2806 703 2868 tamen
749 2807 1109 2869 sanctorum
1151 2800 1451 2887 reliquias
1496 2820 1708 2867 secum
1755 2800 2062 2867 adferens.

405 2917 560 2983 1110·
589 2937 742 2984 vero
781 2917 876 2984 in‘
906 2922 1190 3004 tempore
1221 2916 1595 2984 venerabilis
1628 2917 1792 2984 abba
1817 2915 2214 2983 Hilduwinus
2254 2916 2323 2981 in
2369 2915 2587 2982 eodem

229 3035 619 3100 monasterio
663 3034 841 3100 iussu
884 3025 1211 3101 habitabat
1253 3033 1653 3121 imperatoris
1669 3082 1688 3116 ,
1747 3037 2004 3118 eratque
2063 3031 2352 3098 omnibus
2405 3050 2589 3097 carus

230 3154 421 3236 atque
486 3149 954 3216 dilectissimus.
1048 3149 1199 3228 Quis
1256 3149 1423 3216 enim
1484 3169 1552 3215 se
1609 3148 1930 3214 continere
1989 3152 2206 3235 posset
2249 3147 2328 3214 ab
2376 3167 2588 3214 amore

227 3265 396 3351 cius,
476 3266 585 3351 qui
642 3264 1019 3332 Dominum⁸
1077 3285 1322 3331 summo
1389 3265 1700 3331 desiderio
1758 3265 2011 3332 amabat
2067 3269 2132 3330 et
2184 3264 2253 3330 in
2308 3263 2590 3330 eiusdem

227 3381 401 3449 cultu
467 3381 761 3448 assiduus
817 3383 991 3449 erat?
1081 3381 1204 3447 Hic
1257 3402 1400 3448 cum
1459 3381 1854 3465 cognovisset
1898 3380 2275 3446 desiderium
2321 3380 2591 3468 praefati

228 3497 487 3566 abbatis
532 3503 598 3565 et
633 3498 899 3564 fratrum
914 3547 933 3581 ,
981 3496 1130 3581 quia
1175 3496 1468 3564 volebant
1513 3498 1591 3564 ob
1638 3501 2044 3581 augmentum
2089 3495 2415 3563 christiani
2460 3495 2591 3562 cul-

227 3620 327 3681 tus
358 3615 651 3700 aliquem
682 3618 1044 3680 sanctorum
1073 3614 1141 3679 in
1169 3614 1621 3680 monasterium
1651 3633 1836 3680 suum
1866 3612 2230 3697 transferre,
2276 3612 2589 3701 promisit,

229 3732 431 3817 quod,
495 3731 552 3797 si
597 3751 666 3797 se
710 3729 1020 3797 Dominus
1063 3729 1134 3795 in
1177 3729 1477 3797 honorem
1533 3725 1875 3817 pristinum
1933 3729 2299 3814 collocaret,
2357 3729 2592 3814 absque

366 3942 412 3974 a.
451 3928 626 3988 quique
659 3928 703 3973 2.
726 3928 771 3972 3.
895 3925 940 3971 b.
971 3924 1102 3972 Walo
1142 3949 1191 3957 —
1227 3925 1482 3973 mitteretur
1513 3928 1556 3974 1.
1579 3928 1623 3973 3.
1745 3940 1784 3972 c.
1818 3925 2001 3973 exilium
2031 3927 2076 3972 2.
2098 3927 2142 3972 3.
2251 3925 2298 3972 d.
2330 3925 2516 3986 aliquod
2547 3926 2590 3971 1.

226 4019 264 4052 c.
296 4006 506 4054 Eodem.
538 4009 584 4053 2.
708 4006 741 4052 f.
773 4006 821 4052 in
853 4022 939 4052 om.
962 4005 1006 4051 2.
1132 4018 1176 4063 g.
1206 4004 1354 4052 Deum
1386 4008 1429 4052 2.

370 4114 426 4168 1.
486 4111 594 4165 826
631 4109 769 4178 Apr.
792 4109 879 4164 26.
935 4107 1086 4164 Obiit
1130 4108 1276 4164 enim
1314 4109 1572 4165 Warinus
1617 4126 1669 4165 a.
1706 4110 1812 4165 856
1859 4108 2012 4179 Sept.
2039 4109 2136 4177 20,
2185 4123 2310 4164 cum
2357 4108 2613 4187 sedisset

226 4214 405 4257 anno·
446 4199 544 4268 30,
583 4213 801 4254 menses
834 4197 886 4266 4,
924 4197 1044 4253 dies
1073 4199 1161 4254 25.
1213 4198 1285 4254 V.
1311 4198 1456 4255 infra
1477 4198 1725 4255 Annales
1749 4198 2110 4256 corbeienses
2145 4197 2250 4253 856
2287 4202 2346 4253 et
2381 4198 2595 4254 Catalo·

228 4304 359 4360 gum
397 4288 698 4345 abbatum.
817 4289 867 4343 2.
908 4287 1163 4344 abbatem
1200 4286 1256 4342 S.
1283 4287 1554 4360 Dionysii,
1591 4304 1756 4359 quem
1793 4287 2041 4359 „iussum
2067 4303 2189 4343 esse
2214 4287 2371 4341 iuxta
2392 4286 2595 4342 Patris-

228 4378 519 4435 bmnnam
545 4377 602 4432 in
627 4375 1023 4447 expeditionali
1044 4375 1156 4432 hie
1171 4392 1347 4432 mare
1370 4377 1727 4433 tabernaculo
1739 4376 1781 4447 “,
1819 4376 1984 4432 docet
2007 4376 2140 4433 Vita
2168 4375 2439 4432 Ludovici
2461 4375 2594 4444 imp.

230 4482 277 4523 c.
296 4468 377 4524 45
415 4467 599 4535 (Mon.
625 4465 725 4523 SS.
749 4466 820 4523 11.
846 4467 1001 4538 633),
1049 4465 1219 4535 idque
1257 4463 1464 4521 factum
1512 4482 1634 4523 esse
1682 4483 1753 4521 m.
1778 4465 2002 4522 Octobri
2037 4481 2088 4521 a.
2114 4465 2244 4533 830,
2295 4462 2597 4520 ostendunt

230 4558 493 4615 Annales
535 4556 832 4612 Mettenses
865 4557 973 4612 830
1010 4556 1178 4618 (Mon.
1203 4553 1297 4612 SS.
1326 4555 1369 4610 1.
1394 4556 1539 4624 336),
1577 4555 1882 4611 Bertiniani
1917 4556 2024 4611 830
2059 4553 2217 4621 (ibid.
2241 4554 2387 4621 424).
