3319 5242
897 477 1196 526 wmAnm
1235 477 1611 527 nms'rom
1650 477 1760 524 459.
1793 477 1901 525 4⁶0.
2434 459 2569 527 593

226 619 393 685 iuste
436 618 620 685 nobis
665 619 1081 704 suggesserim
1131 625 1196 687 et
1239 621 1405 706 quod
1449 640 1565 707 per
1605 619 1991 686 iniusticiam
2034 624 2143 686 tue
2172 618 2397 686 ditioni
2428 639 2570 685 eum
2643 623 2780 678 1157
2809 697 2820 708 ·

226 734 604 802 subdideris.
662 733 876 821 Atque
905 756 1021 823 per
1050 737 1545 821 consanguineos
1577 736 1857 803 eiusdem
1886 735 2159 801 hominis
2205 740 2270 802 et
2310 756 2425 823 per
2450 735 2573 802 mi-
2602 696 2713 757 apr.
2731 696 2838 744 ’ω’

233 2368 448 2430 autem
493 2361 786 2449 episcopo
832 2361 965 2446 die,
1025 2382 1213 2448 quam
1258 2361 1771 2429 determinaverit
1815 2362 1934 2429 tibi
1977 2382 2092 2449 pro
2137 2361 2259 2428 hoc
2300 2363 2574 2447 negotio,

232 2485 297 2548 te
352 2477 749 2565 presentabis
798 2482 894 2563 et,
951 2478 1246 2564 quicquid
1289 2478 1565 2546 dictante
1607 2479 1862 2545 iusticia
1903 2479 2305 2563 iudicaverit,
2364 2478 2577 2547 obser-

230 2595 434 2664 vabis.

232 2896 420 2969 460.
459 2900 816 2967 Fridericus
850 2895 904 2966 ‘I
957 2903 1297 2988 imperator
1363 2901 1686 2966 Fridert'co
1755 2901 2041 2989 episcopo
2110 2901 2582 2967 Monosterierm'

461 3018 735 3098 mandat,
781 3028 850 3082 ut
894 3018 970 3082 de
1013 3018 1310 3083 Mam-ino
1355 3017 1582 3082 iudicet
1622 3018 1784 3082 inter
1830 3016 2219 3083 Corbeiences
2263 3027 2321 3082 et
2352 3016 2578 3083 Fal-'ce-

459 3156 617 3197 rum.
2256 3128 2364 3212 (M.
2395 3130 2577 3214 440.)

415 3263 824 3348 F(ridericus)
856 3264 979 3332 Dei
1019 3264 1226 3349 gratia
1250 3262 1678 3331 Romanorum
1705 3263 2051 3351 imperator
2081 3268 2382 3348 augustus
2411 3262 2579 3347 F(ri-
2651 3275 2789 3331 1157

233 3382 474 3464 derico)
520 3380 1002 3447 Monasteriensi
1047 3381 1339 3468 episcopo
1384 3380 1656 3463 gratiam
1701 3400 1883 3446 suam
1928 3384 1993 3447 et
2035 3399 2220 3447 omne
2263 3379 2517 3448 bonum.
2609 3347 2720 3410 ΔΨ·
2736 3349 2843 3397 ’ω’

416 3496 795 3583 Accepimus
851 3495 1172 3582 querelam
1227 3495 1441 3563 dilecti
1498 3500 1564 3562 et
1615 3494 1818 3563 fidelis
1872 3497 2074 3563 nostri
2129 3496 2374 3564 abbatis
2425 3496 2579 3564 Cor-

235 3613 513 3682 beiensis
560 3632 635 3679 ac
676 3611 1185 3680 ministerialium
1227 3612 1428 3698 ipsius
1472 3631 1588 3698 pro
1635 3611 1909 3697 quodam
1936 3613 2073 3679 viro
2118 3613 2372 3680 nomine
2400 3611 2579 3680 Mau-

234 3731 401 3813 rino,
448 3749 637 3816 quem
679 3729 999 3816 captivum
1041 3733 1216 3794 tenet
1256 3727 1745 3814 homoquidam
1789 3728 1949 3796 liber
1992 3728 2247 3796 nomine
2274 3728 2580 3797 Folkerus

237 3847 320 3913 de
363 3851 537 3924 terra
577 3850 708 3928 tua,
763 3864 950 3929 quem
993 3842 1400 3910 Corbeienses
1447 3848 1738 3911 asserunt
1778 3844 2255 3912 ministerialem
2299 3864 2437 3913 esse
2480 3863 2580 3912 ec-

236 3961 470 4028 clesiae
514 3981 682 4027 suae.
745 3959 907 4039 Quia
951 3979 1098 4042 ergo
1143 3959 1398 4045 imperii
1440 3960 1643 4026 nostri
1687 3959 2060 4044 dignitatem
2102 3960 2172 4026 in
2201 3979 2274 4027 eo
2304 3960 2581 4028 maxime

240 4076 615 4160 exaltamus,
661 4075 718 4141 si
760 4074 1065 4141 iudicium
1108 4080 1173 4141 et
1214 4074 1531 4142 iusticiam
1574 4075 2075 4160 confugientibus
2120 4075 2203 4141 ad
2240 4095 2355 4142 nos
2386 4075 2580 4143 facia-

239 4212 385 4258 mus
398 4241 419 4277 ‚
466 4195 703 4258 attente
746 4190 1095 4257 industriae
1138 4194 1284 4257 tuae
1327 4190 1745 4275 iniungimus,
1792 4191 2117 4277 quatinus,
2164 4192 2438 4279 acceptis
2479 4190 2580 4259 his

236 4307 472 4375 litteris
516 4307 770 4391 nostriS,
818 4306 986 4373 diem
1029 4306 1279 4391 utrique
1318 4306 1492 4393 parti
1537 4305 1807 4394 prefigas
1853 4311 1936 4390 et,
1982 4305 2212 4373 auditis
2252 4307 2581 4394 utriusque

237 4424 446 4511 partis
492 4422 969 4507 allegationibus
1011 4426 1075 4488 et
1102 4421 1436 4508 disquisita
1463 4422 1798 4507 diligenter
1828 4422 2112 4507 veritate,
2158 4422 2216 4489 si
2245 4422 2579 4491 Corbeien-

393 4583 440 4636 1.
477 4579 768 4637 Friderico.
910 4582 961 4636 2.
997 4596 1052 4637 v.
1077 4594 1163 4651 ep.
1186 4580 1295 4637 460
1329 4577 1486 4636 iufra.

335 4677 494 4731 suni.
526 4680 810 4727 Bibliotheca
837 4680 873 4723 1.
2086 4678 2158 4733 33
