3319 5242
727 416 859 486 418
1393 438 1693 486 wmanm
1735 437 2110 487 nprsrom
2151 438 2258 487 που.
2296 439 2403 486 291.

481 584 623 641 1150
725 577 907 644 iuxta
951 577 1117 664 quod
1162 578 1231 645 in
1274 579 1626 666 privilegiis
1671 581 2127 667 imperatorum
2170 586 2239 648 et
2265 600 2488 666 regum
2515 582 2735 650 videre
2762 581 3044 670 poteritis,

390 658 707 719 ⁸⁸⁸⁶*Sq't'
728 715 866 762 esse
909 699 977 762 et
1003 716 1376 782 permanere
1402 697 1693 764 iubeatis.
1763 698 1982 784 Neque
2023 700 2194 766 enim
2224 700 2582 766 sanctitatis
2610 705 2864 767 vestr-ae
2891 719 3047 766 aures

723 812 1286 897 pseudomonachis
1337 813 1848 882 Hasterieusibus
1904 817 2377 883 accommodare
2437 822 2720 903 oportet,
2776 817 2888 901 qui
2943 816 3049 881 otio

723 933 1017 995 vacantes
1060 928 1289 996 fabulis
1334 930 1608 1014 student,
1656 950 1824 997 vana
1866 937 1932 997 et
1975 932 2296 1019 superflua
2339 934 2730 1000 meditantur
2760 938 2827 999 et
2853 951 3050 1019 pacem

724 1044 1023 1112 eeclesiae
1065 1044 1463 1112 conturbant.
1535 1046 1862 1132 Siquidem
1893 1048 2159 1116 ecclesia
2186 1048 2719 1118 walciodorensis
2762 1049 2845 1115 ab
2891 1049 3052 1115 initio

719 1160 1105 1228 fundationis
1151 1182 1305 1230 suae
1351 1162 1657 1229 aecclesia
1702 1164 2099 1232 Hasteriensi
2144 1172 2208 1234 et
2236 1167 2391 1234 villa
2420 1172 2486 1234 et
2515 1165 2807 1232 omnibus
2837 1184 3055 1252 appen-

719 1277 893 1345 ditiis
950 1279 1085 1345 eius
1144 1299 1259 1365 per
1325 1279 1662 1366 privilegia
1717 1301 1938 1365 regum
2008 1289 2074 1350 et
2126 1284 2585 1371 imperatorum
2657 1288 2723 1348 et
2776 1283 3057 1369 precipue

718 1392 968 1462 decreto
1012 1393 1339 1462 Benedicti
1383 1417 1587 1483 papae
1628 1398 1889 1482 septimi
1938 1404 2126 1466 aucta
2170 1406 2290 1485 est,
2344 1404 2408 1467 et
2452 1398 2612 1467 inibi
2656 1398 2810 1465 ordo
2853 1416 3056 1464 mona-

715 1512 910 1579 sticus
955 1513 1036 1579 ab
1081 1512 1309 1580 abbate
1337 1511 1837 1581 walciodorensi
1880 1492 2232 1583 institutus.
2319 1515 2503 1594 Quod
2557 1534 2703 1581 cum
2744 1516 2838 1581 ita
2882 1514 2970 1580 sit
3006 1516 3060 1578 et

713 1628 784 1694 in
826 1629 1136 1696 memoria
1166 1630 1336 1716 apud
1364 1630 1699 1717 plerosque
1728 1631 2060 1717 habeatur,
2108 1633 2276 1719 quod
2307 1633 2588 1700 defuncti
2620 1632 2812 1699 etiam
2841 1631 3057 1697 fratroe

715 1746 794 1813 de
838 1744 1137 1813 Hasteria
1179 1747 1246 1811 in
1291 1747 1601 1815 cimiterio
1631 1746 2132 1815 walciodorensi
2189 1749 2540 1835 antiquitus
2586 1747 3059 1835 sepeliebantur,

713 1882 1011 1945 rogamus
1059 1863 1458 1930 sanctitatem
1503 1871 1803 1951 vestram,
1849 1873 1923 1933 ut
1952 1866 2376 1933 temeritatem
2409 1865 2866 1933 insanientium
2894 1883 3063 1930 mon-

715 1977 1015 2045 achorum
1070 1978 1573 2048 Hasteriensium
1641 1984 2037 2050 auctoritatis
2105 1987 2356 2049 vestrae
2419 1982 2601 2066 virga
2656 1980 3060 2068 compescatis

715 2101 812 2179 et,
859 2101 931 2162 ut
976 2096 1057 2162 ad
1100 2116 1324 2183 pacem
1372 2103 1436 2164 et
1480 2100 1883 2166 concordiam
1925 2099 2195 2166 fratrum
2242 2118 2502 2164 suorum
2546 2097 2843 2182 redeant,
2902 2117 3063 2164 com-

712 2211 995 2299 pellatis3
1044 2219 1173 2297 aut,
1220 2214 1277 2280 si
1323 2221 1752 2300 contemnunt,
1799 2221 2103 2302 tanquam
2133 2214 2399 2282 rebelles
2442 2219 2507 2281 et
2552 2213 2915 2301 apostolicis
2965 2213 3061 2280 de-

713 2329 901 2396 cretis
925 2329 1379 2414 inobedienteS,
1405 2332 1483 2397 de
1506 2334 1890 2399 monasterio
1916 2334 2035 2399 eici
2057 2332 2326 2399 faciatis.
2372 2331 2769 2418 Responsum
2791 2335 3063 2396 vestrum

711 2447 1107 2532 tempestive,
1153 2446 1477 2514 humiliter
1524 2453 1587 2515 et
1631 2449 1863 2516 obnixe
1895 2447 2260 2532 flagitando,
2308 2453 2737 2535 expectamus.
2810 2447 2976 2514 Nam
3003 2447 3064 2511 in

711 2563 1002 2650 proximo
1049 2582 1166 2650 pro
1211 2563 1525 2648 legatione
1571 2565 1814 2633 domini
1857 2566 2061 2633 nostri
2103 2565 2272 2650 regis
2320 2570 2385 2632 et
2412 2565 2593 2649 regni
2621 2563 2891 2632 Romam
2920 2583 3064 2651 pro·

711 2678 906 2745 ficisci
951 2680 1359 2765 intendimuS,
1406 2682 1514 2748 ubi
1561 2683 1755 2749 etiam
1785 2681 2312 2750 walciodorensis
2359 2682 2606 2749 abbatis
2638 2701 2894 2748 causam
2922 2700 3065 2766 pro·

711 2815 965 2863 movere
1011 2797 1387 2864 omnimodis
1434 2804 1813 2883 satagemus.

715 3008 811 3080 29
827 3010 861 3079 1
876 3062 892 3079 .
938 3013 1291 3099 Stephanus
1323 3017 1645 3102 episcopus
1674 3016 1967 3080 Metensis
2004 3015 2284 3083 Wibaldo
2317 3014 2576 3100 deleqat,
2615 3025 2683 3078 ut
2710 3012 3064 3078 Hasta-ien-

934 3155 1028 3196 ses
1060 3132 1148 3195 ad
1176 3133 1532 3219 obsequium
1563 3132 1853 3196 ecclesiae
1878 3131 2391 3196 Walciodorensis
2417 3131 2691 3194 reducat.
2765 3127 2875 3209 (M.
2892 3126 3062 3206 272.)

464 3269 606 3325 1150
893 3260 1251 3349 Stephanus
1323 3263 1445 3330 Dei
1511 3263 1722 3347 gratia
1783 3262 1933 3329 licet
1996 3263 2293 3347 indignus
2351 3260 2652 3329 Metensis
2737 3263 3062 3349 episcopus

376 3344 551 3402 Aug.-
566 3344 694 3403 sept'
712 3374 1054 3461 wibaldo)
1101 3379 1448 3446 venerabili
1496 3378 1857 3446 Stabulensi
1904 3379 2118 3446 abbati
2163 3379 2430 3445 salutem
2476 3384 2542 3444 et
2586 3377 3004 3444 dilectionem.

893 3495 1073 3573 Quod
1118 3496 1196 3563 de
1242 3495 1577 3563 dilectione
1624 3517 1698 3562 ac
1741 3495 2175 3563 familiaritate
2221 3515 2366 3562 mea
2397 3514 2510 3561 vos
2556 3492 2872 3562 confidere
2915 3492 3063 3559 dici-

711 3612 817 3696 tis,
863 3612 1079 3678 sciatis
1124 3632 1240 3699 pro
1288 3618 1477 3697 certo,
1527 3613 1695 3698 quod
1737 3613 1887 3679 inde
1934 3633 2124 3699 quam
2167 3611 2513 3698 plurimum
2548 3608 2866 3677 confidere
2892 3613 3062 3697 pote-

712 3729 848 3795 stiS.
951 3728 1050 3795 De
1104 3728 1428 3795 monachis
1486 3749 1634 3797 vero
1693 3728 2205 3796 Hasteriensibus
2264 3727 2432 3813 quod
2487 3726 2835 3813 scripsistis
2891 3723 3061 3806 mihi,

713 3845 864 3931 quia
908 3845 1090 3931 quasi
1136 3846 1407 3931 quadam
1453 3846 1744 3912 taurinae
1789 3845 2053 3912 cervicis
2096 3845 2351 3912 feritate
2386 3842 2685 3910 ecclesiae
2716 3841 3061 3911 walciodo-

709 3962 882 4029 rensi
926 3961 1182 4029 subesse
1228 3961 1648 4046 reluctantur,
1696 3962 2029 4046 sagacitati
2074 3967 2322 4028 vestrae
2367 3959 2725 4043 committo,
2775 3959 3062 4045 quatinus

710 4078 778 4144 in
836 4079 1057 4146 eodem
1113 4084 1331 4146 tenore
1390 4085 1455 4146 et
1506 4078 1726 4162 mod0,
1790 4098 1911 4163 quo
1966 4097 2072 4143 eos
2120 4076 2468 4162 antiquitus
2512 4075 2710 4141 fuisse
2757 4072 3060 4142 didicistis

712 4200 777 4262 et
830 4196 1036 4280 scitis,
1100 4196 1294 4262 etiam
1348 4214 1516 4260 nunc
1569 4198 1870 4281 precepto
1918 4213 1992 4259 ac
2037 4192 2360 4259 voluntate
2407 4212 2553 4259 mea
2594 4212 2856 4259 manere
2898 4208 3059 4257 com·

709 4311 981 4400 pellatis.
1055 4289 1132 4379 Si'
1171 4312 1340 4378 enim
1384 4312 1452 4377 in
1496 4320 1833 4398 compage·
1878 4311 2161 4396 corporis
2207 4310 2434 4397 capitis
2478 4307 2649 4376 illius
2681 4308 2906 4376 volunt
2930 4323 3056 4376 1118·

709 4449 879 4513 nere,
927 4429 1095 4515 quod
1127 4428 1415 4495 Christus
1462 4432 1578 4512 est,
1627 4432 1877 4514 oportet
1923 4447 2049 4511 eos,
2095 4427 2261 4493 sicut
2302 4425 2588 4493 membra
2631 4423 2915 4513 corporis
2954 4438 3056 4486 ca-

854 4583 896 4618 a.
935 4584 1151 4632 cumpace
1183 4588 1222 4617 c.
