3319 5242
559 861 695 915 1137

530 934 627 981 Oet.
653 935 716 980 in.

755 450 841 516 84
1535 467 1835 514 wmALm
1880 467 2209 515 nrrs'rom
2253 468 2327 512 11.

762 608 796 677 1
815 608 882 677 l.·
945 608 1263 676 Wibaldus
1307 632 1347 673 a
1377 609 1682 676 Lothan'o
1713 613 2087 699 imperatore
2107 613 2285 698 petit,
2331 622 2401 675 ut
2425 612 2545 675 sibu·
2581 635 2621 676 a
2648 610 2925 697 Roqen'o
2960 633 3103 697 φερε

822 790 827 794 ,
929 728 996 791 in
1039 749 1311 792 summae
1356 730 1673 813 onya-stiae
1719 729 1984 793 adducto
2037 726 2386 792 subveniat·
2406 719 2439 790 ¹.
2870 719 2980 804 (Μ.
3020 725 3105 804 1.)

927 857 1228 924 Lothario
1251 857 1372 924 Dei
1399 860 1604 942 gratia
1633 858 2061 925 Romanorum
2090 858 2506 925 invictissimo
2538 859 2799 941 caesari,
2832 858 3108 945 impera«

749 971 874 1040 tori
920 979 1184 1059 augusto
1217 994 1293 1041 ac
1319 975 1766 1061 triumphatori
1802 981 2130 1063 perpetue,
2163 973 2509 1041 Guibaldus
2539 973 2662 1041 Dei
2691 974 2899 1057 gratia
2927 973 3105 1040 Casi-

749 1092 962 1158 nensis
1008 1090 1292 1158 coenobii
1336 1091 1627 1158 minister
1673 1091 1969 1175 indignus
2018 1091 2266 1158 debitae
2310 1089 2634 1157 fidelitatis
2682 1090 3073 1175 obsequium.

925 1205 1080 1274 Post
1143 1207 1509 1274 innumeras
1580 1207 2033 1274 sollicitudines
2047 1257 2066 1292 ,
2137 1208 2361 1293 quibus
2429 1208 2738 1273 nimirum
2805 1213 3108 1273 oneratur

746 1321 1098 1389 Romanum
1165 1324 1566 1413 imperatoris
1633 1324 1990 1408 fastigium,
2059 1323 2374 1390 laudabile
2430 1323 2799 1390 clementiae
2855 1329 3105 1389 vestrae

748 1440 1182 1524 cognoscimus
1196 1492 1215 1525 ,
1273 1439 1799 1508 christianissime
1856 1439 2203 1527 imperator
2259 1459 2332 1506 ac
2376 1440 2802 1526 triumphator
2846 1438 3103 1522 invicte,

750 1576 887 1632 esse
931 1558 1364 1643 propositum,
1421 1577 1539 1645 per
1585 1557 1783 1641 quod,
1833 1556 2139 1623 submotis
2187 1556 2478 1623 omnibus
2526 1555 2986 1622 discordiarum
3033 1576 3106 1621 ac

751 1672 1287 1757 querimoniarum
1334 1673 1682 1740 seminibus
1729 1694 1888 1759 quae
1933 1673 2002 1739 in
2035 1693 2185 1757 agro
2217 1672 2532 1738 dominico
2563 1672 2822 1738 humani
2852 1672 3106 1756 generis

750 1787 1043 1855 inimicus
1091 1795 1483 1876 asperserat,
1535 1794 1792 1856 sanctae
1836 1788 2180 1856 catholicae
2225 1788 2556 1855 Casinensi
2602 1788 2902 1855 ecclesiae
2948 1787 3107 1875 piis-

750 1905 911 1971 simo
965 1906 1197 1974 mentis
1259 1905 1485 1973 affectu
1544 1906 1869 1973 consulere
1926 1904 2234 1972 voluistis.
2305 1905 2378 1972 In
2436 1925 2557 1991 quo
2614 1904 2856 1971 scilicet
2907 1902 3108 1970 animi

749 2026 897 2087 voto
954 2041 1027 2088 ac
1083 2022 1396 2089 desiderio
1411 2072 1430 2107 ‚
1492 2027 1799 2108 quantum
1854 2022 2042 2088 rebus
2098 2021 2390 2087 humanis
2447 2021 2660 2088 favere
2703 2020 3108 2108 providentia

750 2136 967 2204 divina
1022 2137 1350 2222 dignetur,
1411 2138 1767 2206 sollicitudo
1827 2138 2199 2206 clementiae
2255 2143 2503 2204 vestrae
2561 2137 2794 2224 spiritu
2837 2136 2963 2203 Dei
3009 2138 3106 2201 in-

752 2252 947 2320 citata
991 2254 1412 2338 demonstrat3
1462 2276 1621 2340 quae
1668 2275 1843 2321 more
1872 2253 2296 2320 Romanorum
2343 2255 2799 2341 imperatorum
2831 2252 3106 2336 benigna

751 2369 922 2437 circa
966 2390 1184 2438 omnes
1232 2371 1467 2438 existit.
1540 2371 1686 2438 Ideo
1733 2375 1818 2455 et,
1866 2370 2048 2455 quasi
2084 2369 2218 2436 Deo
2264 2369 2751 2456 contemplante,
2797 2367 3106 2455 populum

750 2485 1010 2552 Domini
1056 2487 1178 2553 sibi
1223 2488 1629 2556 commissum
1674 2486 1844 2553 felici
1888 2491 2070 2570 regat
2113 2506 2365 2572 semper
2410 2490 2475 2552 et
2509 2486 2815 2569 gubernet
2843 2484 3105 2567 intuitu,

751 2620 869 2669 nec
915 2601 1184 2690 amplius
1229 2604 1530 2691 patiatur,
1579 2624 1686 2669 eos
1733 2601 2046 2689 aliquibus
2093 2602 2327 2669 saeculi
2371 2602 2556 2688 hujus
2602 2600 2897 2689 procellis
2943 2600 3109 2668 illidi

752 2725 863 2785 aut
917 2719 1211 2803 malignis
1263 2719 1843 2807 perturbationibus
1892 2721 2169 2801 concuti3
2229 2725 2535 2805 quatenus
2581 2724 2728 2805 post
2771 2718 2890 2784 hoc
2937 2718 3109 2785 vitae

751 2836 1104 2921 praesentis
1163 2836 1500 2923 imperium
1563 2857 1828 2919 regnum
1884 2835 2152 2903 coeleste
2208 2835 2474 2923 adipisci
2532 2841 2595 2901 et
2649 2836 2718 2901 in
2776 2840 3110 2901 aeternum

751 2971 895 3018 cum
926 2951 1199 3018 Domino
1246 2952 1520 3019 retinere
1565 2952 1848 3019 valeatis
1920 2952 2084 3018 Hinc
2127 2952 2341 3037 itaque
2386 2972 2502 3039 pro
2548 2955 2728 3018 tanta
2772 2951 3112 3019 devotione

752 3068 1070 3154 animique
1113 3069 1312 3135 vestri
1356 3067 1739 3153 sinceritate,
1788 3089 1978 3153 quam
2020 3088 2148 3133 non
2195 3067 2401 3134 solum
2446 3067 2654 3135 verbis
2693 3066 2805 3133 sed
2831 3065 3113 3133 lucifluis

752 3186 945 3251 etiam
1003 3185 1298 3272 operibus
1346 3185 1515 3251 circa
1559 3183 1969 3250 Casinensem
2013 3183 2342 3250 ecclesiam
2388 3189 2451 3250 et
2494 3189 2776 3250 nostram
2820 3184 3114 3269 parvita-

752 3306 884 3367 tem
929 3300 1324 3385 ostendistiS,
1386 3299 1617 3366 obnixe
1661 3300 1938 3386 petimus
1952 3349 1969 3383 ‚
2026 3306 2096 3365 ut
2140 3305 2349 3366 vestro
2395 3300 2641 3386 potenti
2686 3299 2909 3366 solatio
2957 3320 3115 3367 san-

755 3422 923 3482 ctam
968 3415 1375 3483 Casinensem
1421 3415 1769 3498 ecclesiam,
1815 3414 2085 3482 Romani
2130 3416 2382 3501 imperii
2413 3415 2751 3502 specialem
2783 3434 2855 3481 ac
2885 3415 3113 3500 singu-

752 3531 954 3599 larem
998 3551 1334 3615 cameram,
1381 3532 1448 3597 in
1493 3530 1613 3596 hoc
1654 3531 2008 3618 periculoso
2054 3536 2338 3619 tempore
2382 3532 2451 3597 in
2481 3532 2769 3598 omnibus
2802 3531 3114 3599 adiuvare

753 3646 1209 3733 defendereque
1253 3667 1383 3712 non
1429 3647 1832 3731 dedignetur3
1883 3653 2189 3733 quatenus
2236 3668 2316 3715 ex
2359 3647 2477 3714 hoc
2508 3654 2720 3715 vestra
2752 3648 3113 3734 imperialis

753 3763 985 3848 gloria,
1043 3763 1392 3829 beatissimi
1437 3764 1637 3850 patris
1684 3764 1888 3830 nostri
1929 3763 2257 3831 Benedicti
2302 3763 2787 3848 suffragantibus
2832 3766 3114 3850 meritiS,

752 3899 868 3967 per
914 3885 1169 3946 cunctas
1218 3878 1385 3946 orbis
1414 3878 1686 3945 Romani
1729 3885 1941 3966 partes
1987 3880 2190 3964 magis
2237 3900 2312 3947 ac
2354 3881 2558 3964 magis
2587 3881 2655 3946 in
2686 3880 2820 3946 dies
2852 3900 3116 3969 semper

755 4001 1071 4063 accrescat
1116 4001 1180 4062 et
1223 3997 1392 4082 apud
1436 3996 1932 4083 omnipotentem
1962 3996 2306 4063 Dominum
2335 3995 2593 4080 dignam
2624 3996 3115 4066 retributionem

752 4112 1081 4199 percipiat.

897 4250 939 4283 ι.
972 4240 1024 4284 In
1057 4237 1146 4282 hac
1175 4245 1218 4281 ee
1249 4238 1293 4282 ιίι
1325 4254 1396 4291 ια,
1420 4251 1549 4297 quae
1581 4238 1796 4297 uquam,
1827 4237 2022 4295 epistola
2057 4240 2269 4297 (quaru-
2300 4246 2533 4297 uemnque
2562 4239 2722 4283 Petrae
2755 4237 2983 4285 afeca-u·
3019 4242 3121 4287 Co·

753 4319 943 4364 cinensis
971 4319 1208 4372 formavit)
1244 4316 1423 4362 edenda
1457 4319 1663 4362 Murteae
1695 4325 1738 4360 ee
1767 4316 1965 4362 varona
1998 4317 2140 4364 (Cou.
2167 4319 2232 4363 11.
2262 4317 2353 4363 188
2378 4325 2422 4362 et
2452 4317 2562 4369 186)
2598 4319 2674 4363 αεὶ
2700 4325 2803 4362 sm
2832 4321 3045 4377 ene-plo
3079 4339 3119 4366 ιι

755 4397 953 4444 zonam
985 4396 1259 4443 masmana
1289 4413 1347 4441 ex
1379 4395 1536 4441 coaice
1570 4397 1813 4443 east-mx
1840 4403 2001 4441 tracto.

897 4483 948 4536 1.
983 4480 1217 4536 Ineunte
1254 4496 1442 4535 mense
1479 4479 1703 4535 Octobri
1728 4478 1990 4549 scriptam
2014 4479 2158 4536 hanc
2182 4481 2470 4550 epistolam
2498 4496 2637 4551 esse,
2673 4485 2829 4551 patet
2851 4497 2923 4538 ex
2949 4484 3116 4542 Petri

753 4569 893 4627 diac.
922 4569 1119 4627 Chron.
1146 4569 1330 4626 Oasin.
1366 4570 1429 4624 L.
1454 4568 1549 4624 1v.
1590 4584 1637 4623 c.
1669 4569 1790 4624 125.
1825 4584 1880 4637 p.
1909 4569 2031 4625 840.
