3319 5242
992 435 1288 483 wmALm
1330 433 1659 482 mss-ou
1708 434 1812 481 161.
2435 416 2562 483 267

235 577 351 645 Dei
378 576 590 662 gratia
618 577 707 661 id,
754 575 921 662 quod
966 581 1063 643 est
1090 576 1159 642 in
1189 574 1493 643 aeeclesia
1520 575 1848 659 catholica,
1878 581 2154 661 ungento
2184 577 2356 662 ungi,
2402 576 2566 662 quod
2605 579 2742 637 1149

234 694 311 761 de
351 693 564 780 eapite
611 692 937 760 deseendit
978 693 1047 758 in
1089 691 1373 774 barbam,
1421 691 1684 759 barbam
1725 693 1943 760 Aaron
1959 689 1994 758 ¹.

405 808 685 877 Veniens
741 809 822 876 ad
876 829 993 876 nos
1051 807 1427 875 venerabilis
1478 807 1677 875 frater
1732 814 1946 875 noster
1999 808 2193 891 A(do)
2238 807 2568 876 Hersevel-

233 920 479 993 densis'
527 925 751 1010 abbas,
797 925 1015 992 multis
1058 924 1362 991 stati-ibus
1408 930 1472 990 et
1513 924 1919 992 coabbatibus
1962 926 2216 1009 nostris,
2262 926 2372 1010 qui
2415 924 2567 991 Cor-

228 3714 685 3783 monaehorum
713 3721 897 3803 pater
942 3721 1007 3783 et
1034 3716 1162 3783 dux
1195 3715 1567 3784 Benedictus
1607 3718 1961 3803 inquietum
1989 3718 2367 3785 monaehum
2394 3719 2577 3802 virga

228 3834 619 3917 percusserit
627 3828 674 3916 ⁶,
717 3851 834 3898 neo
872 3838 1202 3918 sequentes
1232 3832 1543 3900 Libertini
1581 3834 1874 3901 monaehi
1905 3834 2283 3922 exemplum,
2329 3833 2406 3900 de
2452 3853 2574 3918 quo

227 3947 294 4014 in
323 3948 537 4035 primo
569 3948 962 4033 dialogorum
1002 3950 1173 4017 beati
1200 3945 1518 4034 Gregorii⁷
1546 3949 1800 4034 legitur,
1847 3951 2034 4037 quod,
2066 3971 2209 4018 eum
2241 3950 2319 4017 ab
2350 3949 2576 4016 abbate

230 4084 344 4130 suo
391 4085 506 4151 per
550 4086 809 4150 gravem
852 4066 1246 4135 iracundiam
1291 4066 1562 4133 scabello
1602 4067 2002 4154 subpedaneo
2035 4072 2200 4134 esset
2241 4085 2572 4152 percussus

229 4185 708 4268 tumentemque
766 4202 838 4249 ae
893 4182 1156 4250 lividam
1206 4184 1434 4250 faeiem
1484 4183 1774 4267 haberet,
1831 4203 1960 4250 non
2003 4182 2206 4249 solum
2250 4182 2572 4268 pacienter

231 4295 413 4380 tulit,
470 4304 568 4365 set
610 4304 675 4366 et
719 4300 1120 4385 querentibus
1133 4349 1152 4382 ,
1208 4301 1375 4366 unde
1430 4300 1553 4367 sibi
1597 4300 1960 4381 accidisset,
2016 4303 2197 4364 tanta
2236 4296 2573 4364 verborum

376 4413 433 4465 1.
469 4412 558 4467 Pe.
585 4413 706 4481 132,
730 4413 783 4467 2.
889 4413 940 4468 2.
979 4428 1025 4468 s.
1050 4411 1515 4468 Rosenfeldensis.
1623 4414 1677 4468 3.
1714 4412 1784 4468 V.
1810 4411 2034 4482 regulae
2057 4408 2114 4466 S.
2139 4409 2428 4467 Benedicti
2464 4425 2513 4464 e.
2537 4411 2569 4465 7

232 4503 289 4552 et
321 4513 372 4553 e.
402 4499 477 4553 54
508 4517 562 4569 p.
589 4502 658 4556 16
682 4506 741 4557 et
762 4502 850 4557 32.
989 4502 1040 4557 4.
1078 4501 1253 4557 Exod.
1278 4505 1328 4570 5,
1353 4504 1403 4557 8.
1550 4503 1600 4557 5.
1639 4503 1773 4556 Lno.
1803 4502 1854 4569 6,
1884 4500 1972 4555 41.
2115 4502 2168 4555 6.
2202 4500 2274 4556 V.
2309 4497 2366 4555 S.
2400 4499 2569 4570 (ἕως.

233 4585 364 4645 dial.
390 4587 451 4644 11
483 4602 530 4645 ο.
555 4591 608 4658 4,
644 4604 774 4659 opp.
798 4589 887 4646 ed.
909 4589 1117 4648 Bened.
1143 4591 1198 4646 11
1234 4606 1288 4660 p.
1314 4593 1440 4647 221.
1582 4592 1635 4646 7.
1672 4605 1794 4659 cap.
1819 4591 1872 4657 2,
1906 4604 2033 4659 opp.
2062 4589 2115 4644 11
2151 4605 2206 4659 p.
2234 4589 2353 4644 leo.
