3319 5242
896 448 1194 495 wmALm
1235 445 1610 495 npxsronm
1661 446 1764 492 ιω.
1798 445 1905 492 151.
2432 426 2559 493 251

240 591 530 677 producta
557 590 872 677 positione
900 589 1313 672 numerosior,
1359 594 1456 655 set
1484 609 1563 657 ex
1593 594 1830 672 nostra,
1877 588 1945 653 id
1974 592 2072 654 est
2098 586 2565 671 monachorum,
2603 590 2741 646 1149

240 706 673 774 consuetudine
728 705 846 771 hoc
901 705 1165 772 facimus
1179 755 1197 789 ‚
1256 706 1364 792 qui
1418 705 1578 772 nihil
1633 705 1852 771 dicunt
1905 703 2223 788 singulare
2269 708 2380 769 aut
2421 724 2567 790 pro-

239 824 456 909 prium,
502 823 659 889 nisi:
706 824 857 889 Mea
901 823 1089 910 culpa
1123 826 1406 910 peccavi.
1481 819 1878 908 Superfluam
1908 821 2176 887 fortasse
2217 824 2315 886 set
2356 826 2568 886 tamen

239 938 568 1005 officiosam
613 958 869 1025 operam
915 940 1293 1005 assumimus
1309 989 1327 1022 ‚
1375 937 1670 1005 videlicet
1713 936 2062 1003 Minervam
2110 937 2332 1003 docere
2378 942 2567 1020 artes,

242 2917 457 3002 quibus
502 2919 571 2985 in
615 2939 805 2986 curru
849 2923 1018 2986 retro
1066 2938 1273 2985 comes
1333 2919 1707 3004 adherebat,
1762 2939 1878 3005 per
1934 2916 2211 3001 singulas
2268 2916 2570 2983 acclama-

242 3034 435 3103 tiones
480 3037 714 3103 civium
760 3036 1005 3103 dicens:
1051 3037 1391 3103 Hominem
1434 3050 1491 3103 te
1534 3048 1853 3102 memento.
1924 3033 2161 3101 Valete.

254 3273 415 3343 151.
457 3278 843 3343 Corbeienses
880 3277 1253 3342 Bemhardo
1301 3279 1585 3363 episcopo
1631 3275 2143 3341 Hildesheimemi
2184 3255 2570 3360 respondent,

454 3392 818 3458 Heinn'cum
846 3392 892 3459 I
924 3394 1238 3481 quondam
1270 3415 1449 3457 sumn
1480 3394 1761 3458 abbatem
1807 3391 2202 3478 quamobrem
2247 3391 2313 3454 in
2356 3413 2574 3455 mona-

456 3510 706 3574 sterium
751 3510 1026 3595 recipere
1072 3511 1363 3575 abnuant.
2249 3503 2358 3584 (M.
2401 3505 2573 3586 132.)

416 3640 685 3707 Domino
733 3645 796 3707 et
838 3642 1008 3727 patri
1047 3641 1443 3707 sanctissimo
1473 3638 1859 3723 BernhardO,
1907 3637 2252 3704 venerabili
2282 3638 2575 3725 episcopo
2613 3643 2752 3700 1149

250 3762 490 3823 sanctae
535 3756 1175 3824 Hildenesheimensis
1230 3756 1596 3840 aecclesiae,
1653 3760 1996 3821 conventus
2042 3754 2378 3821 aecclesiae
2424 3754 2575 3822 Cor-

250 3869 505 3939 beiensis
564 3873 828 3941 devotae
885 3873 1185 3941 orationis
1238 3872 1607 3940 instantiam
1665 3877 1729 3938 et
1773 3869 2049 3938 debitam
2092 3871 2387 3938 karitatis
2432 3891 2575 3957 per-

252 3990 673 4055 severantiam.

418 4104 605 4172 Venit
659 4105 740 4171 ad
795 4126 910 4171 nos
968 4104 1344 4173 venerabilis
1402 4105 1594 4172 abbas
1652 4102 1869 4171 Sancti
1915 4099 2328 4187 Godehardi⁶‚
2388 4101 2573 4167 homo

255 4217 323 4283 in
366 4226 563 4288 nostro
608 4221 990 4288 monasterio
1038 4242 1116 4288 ex
1158 4219 1344 4304 longo
1389 4220 1518 4286 iam
1563 4225 1846 4307 tempore
1892 4220 2155 4287 dilectus
2202 4223 2265 4285 et
2302 4217 2573 4284 familia-

396 4378 439 4432 1.
471 4378 760 4435 Oculorum
800 4378 946 4433 enim
982 4377 1192 4432 lumina
1225 4378 1484 4433 amiserat
1513 4376 1865 4433 Bernhardus
1901 4376 2212 4445 episcopus.
2272 4374 2343 4430 V.
2370 4373 2572 4431 Chron.

261 4461 492 4525 Hildesh.
535 4468 712 4536 (Mon.
756 4466 851 4524 SS.
888 4467 1014 4523 VII.
1050 4468 1207 4534 856).
1403 4469 1457 4522 2.
1504 4468 1597 4522 Ps.
1643 4467 1740 4535 35,
1788 4466 1840 4520 7.
2036 4466 2086 4519 3.
2137 4465 2292 4521 Rom.
2344 4467 2436 4533 11,
2484 4464 2573 4519 33.

260 4550 315 4605 4.
349 4552 383 4606 2
413 4554 523 4611 cor.
563 4558 645 4626 12,
681 4558 733 4612 9.
877 4557 930 4611 5.
966 4557 1035 4613 v.
1074 4558 1108 4611 2
1133 4557 1257 4613 cor.
1285 4557 1368 4626 12,
1396 4555 1445 4611 7.
1589 4557 1643 4610 6.
1679 4554 2012 4610 Fridericus.
