<?xml version="1.0" encoding="UTF-8"?>
<!DOCTYPE html PUBLIC "-//W3C//DTD XHTML 1.0 Transitional//EN"
    "http://www.w3.org/TR/xhtml1/DTD/xhtml1-transitional.dtd">
<html xmlns="http://www.w3.org/1999/xhtml" xml:lang="en" lang="en">
 <head>
  <title>
</title>
<meta http-equiv="Content-Type" content="text/html;charset=utf-8" />
  <meta name='ocr-system' content='tesseract 3.04.00' />
  <meta name='ocr-capabilities' content='ocr_page ocr_carea ocr_par ocr_line ocrx_word'/>
</head>
<body>
  <div class='ocr_page' id='page_1' title='image "./monumentacorbei00corvgoog_0605.png"; bbox 0 0 3319 5242; ppageno 0'>
   <div class='ocr_carea' id='block_1_1' title="bbox 952 446 2627 514">
    <p class='ocr_par' dir='ltr' id='par_1_1' title="bbox 952 446 2627 514">
     <span class='ocr_line' id='line_1_1' title="bbox 952 446 2627 514; baseline 0 0"><span class='ocrx_word' id='word_1_1' title='bbox 952 465 1251 514; x_wconf 56' lang='lat' dir='ltr'>msam</span> <span class='ocrx_word' id='word_1_2' title='bbox 1291 463 1667 514; x_wconf 67' lang='lat' dir='ltr'>ammom</span> <span class='ocrx_word' id='word_1_3' title='bbox 1706 464 1814 512; x_wconf 75' lang='lat'>462.</span> <span class='ocrx_word' id='word_1_4' title='bbox 1848 463 1957 511; x_wconf 75' lang='lat'><strong>46⁸.</strong></span> <span class='ocrx_word' id='word_1_5' title='bbox 2494 446 2627 514; x_wconf 84' lang='lat'>595</span> 
     </span>
    </p>
   </div>
   <div class='ocr_carea' id='block_1_2' title="bbox 280 601 2629 925">
    <p class='ocr_par' dir='ltr' id='par_1_2' title="bbox 280 601 2629 925">
     <span class='ocr_line' id='line_1_2' title="bbox 280 601 2629 698; baseline 0 -25"><span class='ocrx_word' id='word_1_6' title='bbox 280 601 463 673; x_wconf 78' lang='grc'><strong>462.</strong></span> <span class='ocrx_word' id='word_1_7' title='bbox 504 604 835 673; x_wconf 63' lang='grc' dir='ltr'><strong><em>Ηείπήοω</em></strong></span> <span class='ocrx_word' id='word_1_8' title='bbox 877 607 1014 673; x_wconf 84' lang='lat' dir='ltr'>Leo</span> <span class='ocrx_word' id='word_1_9' title='bbox 1058 607 1385 674; x_wconf 70' lang='lat' dir='ltr'>Friderico</span> <span class='ocrx_word' id='word_1_10' title='bbox 1428 609 1470 674; x_wconf 93' lang='lat' dir='ltr'><em>I</em></span> <span class='ocrx_word' id='word_1_11' title='bbox 1512 610 1877 696; x_wconf 72' lang='lat' dir='ltr'>imperatori</span> <span class='ocrx_word' id='word_1_12' title='bbox 1928 609 2243 698; x_wconf 55' lang='lat' dir='ltr'>siqmjficat</span> <span class='ocrx_word' id='word_1_13' title='bbox 2305 608 2382 673; x_wconf 79' lang='lat' dir='ltr'>de</span> <span class='ocrx_word' id='word_1_14' title='bbox 2424 607 2629 673; x_wconf 76' lang='lat' dir='ltr'>Wide-</span> 
     </span>
     <span class='ocr_line' id='line_1_3' title="bbox 501 722 2628 811; baseline 0 -24"><span class='ocrx_word' id='word_1_15' title='bbox 501 722 691 787; x_wconf 73' lang='lat' dir='ltr'>kindo</span> <span class='ocrx_word' id='word_1_16' title='bbox 738 725 815 788; x_wconf 76' lang='lat' dir='ltr'>de</span> <span class='ocrx_word' id='word_1_17' title='bbox 847 723 1231 811; x_wconf 76' lang='lat' dir='ltr'>Sualenberq</span> <span class='ocrx_word' id='word_1_18' title='bbox 1274 727 1342 789; x_wconf 78' lang='lat' dir='ltr'>in</span> <span class='ocrx_word' id='word_1_19' title='bbox 1387 725 1670 790; x_wconf 65' lang='lat' dir='ltr'>exsilium»</span> <span class='ocrx_word' id='word_1_20' title='bbox 1714 727 1901 791; x_wconf 73' lang='lat' dir='ltr'>eiecto</span> <span class='ocrx_word' id='word_1_21' title='bbox 1948 734 2007 789; x_wconf 73' lang='lat' dir='ltr'>et</span> <span class='ocrx_word' id='word_1_22' title='bbox 2041 725 2119 789; x_wconf 78' lang='lat' dir='ltr'>de</span> <span class='ocrx_word' id='word_1_23' title='bbox 2148 734 2347 790; x_wconf 68' lang='lat' dir='ltr'>castro</span> <span class='ocrx_word' id='word_1_24' title='bbox 2378 723 2628 789; x_wconf 75' lang='lat' dir='ltr'>Dasm-</span> 
     </span>
     <span class='ocr_line' id='line_1_4' title="bbox 505 835 2626 925; baseline -0 -22"><span class='ocrx_word' id='word_1_25' title='bbox 505 839 652 925; x_wconf 75' lang='lat' dir='ltr'>berq</span> <span class='ocrx_word' id='word_1_26' title='bbox 694 840 812 905; x_wconf 66' lang='lat' dir='ltr'>sibi</span> <span class='ocrx_word' id='word_1_27' title='bbox 855 842 1148 905; x_wconf 73' lang='lat' dir='ltr'>restituto.</span> <span class='ocrx_word' id='word_1_28' title='bbox 2304 835 2412 919; x_wconf 83' lang='lat' dir='ltr'>(M.</span> <span class='ocrx_word' id='word_1_29' title='bbox 2444 836 2626 920; x_wconf 84' lang='lat'>425.)</span> 
     </span>
    </p>
   </div>
   <div class='ocr_carea' id='block_1_3' title="bbox 2665 974 2803 1093">
    <p class='ocr_par' dir='ltr' id='par_1_3' title="bbox 2665 974 2803 1093">
     <span class='ocr_line' id='line_1_5' title="bbox 2665 974 2803 1028; baseline -0.007 0"><span class='ocrx_word' id='word_1_30' title='bbox 2665 974 2803 1028; x_wconf 78' lang='lat'>1157</span> 
     </span>
     <span class='ocr_line' id='line_1_6' title="bbox 2684 1046 2791 1093; baseline 0 0"><span class='ocrx_word' id='word_1_31' title='bbox 2684 1046 2791 1093; x_wconf 62' lang='lat' dir='ltr'>nai.</span> 
     </span>
    </p>
   </div>
   <div class='ocr_carea' id='block_1_4' title="bbox 2659 1551 2815 1610">
    <p class='ocr_par' dir='ltr' id='par_1_4' title="bbox 2659 1551 2815 1610">
     <span class='ocr_line' id='line_1_7' title="bbox 2659 1551 2815 1610; baseline 0.006 -1"><span class='ocrx_word' id='word_1_32' title='bbox 2659 1551 2815 1610; x_wconf 64' lang='lat' dir='ltr'>ffl5</span> 
     </span>
    </p>
   </div>
   <div class='ocr_carea' id='block_1_5' title="bbox 276 2361 2630 2568">
    <p class='ocr_par' dir='ltr' id='par_1_5' title="bbox 276 2361 2630 2568">
     <span class='ocr_line' id='line_1_8' title="bbox 276 2361 2630 2454; baseline 0 -22"><span class='ocrx_word' id='word_1_33' title='bbox 276 2364 388 2432; x_wconf 79' lang='lat' dir='ltr'>vel</span> <span class='ocrx_word' id='word_1_34' title='bbox 415 2364 605 2432; x_wconf 81' lang='lat' dir='ltr'>verbo</span> <span class='ocrx_word' id='word_1_35' title='bbox 651 2366 912 2449; x_wconf 82' lang='lat' dir='ltr'>gratiae,</span> <span class='ocrx_word' id='word_1_36' title='bbox 957 2365 1199 2450; x_wconf 79' lang='lat' dir='ltr'>recepi3</span> <span class='ocrx_word' id='word_1_37' title='bbox 1248 2364 1459 2450; x_wconf 83' lang='lat' dir='ltr'>sieque</span> <span class='ocrx_word' id='word_1_38' title='bbox 1497 2361 1574 2448; x_wconf 88' lang='lat' dir='ltr'>is,</span> <span class='ocrx_word' id='word_1_39' title='bbox 1622 2363 1732 2449; x_wconf 89' lang='lat' dir='ltr'>qui</span> <span class='ocrx_word' id='word_1_40' title='bbox 1756 2363 1935 2451; x_wconf 89' lang='lat' dir='ltr'>prius</span> <span class='ocrx_word' id='word_1_41' title='bbox 1965 2362 2270 2432; x_wconf 79' lang='lat' dir='ltr'>beneficia</span> <span class='ocrx_word' id='word_1_42' title='bbox 2296 2384 2415 2454; x_wconf 85' lang='lat' dir='ltr'>sua</span> <span class='ocrx_word' id='word_1_43' title='bbox 2440 2365 2630 2433; x_wconf 86' lang='lat' dir='ltr'>bene-</span> 
     </span>
     <span class='ocr_line' id='line_1_9' title="bbox 277 2478 1985 2568; baseline 0 -21"><span class='ocrx_word' id='word_1_44' title='bbox 277 2479 475 2548; x_wconf 79' lang='lat' dir='ltr'>ficiali</span> <span class='ocrx_word' id='word_1_45' title='bbox 516 2482 654 2549; x_wconf 87' lang='lat' dir='ltr'>iure</span> <span class='ocrx_word' id='word_1_46' title='bbox 699 2502 738 2549; x_wconf 86' lang='lat' dir='ltr'>a</span> <span class='ocrx_word' id='word_1_47' title='bbox 781 2501 884 2549; x_wconf 90' lang='lat' dir='ltr'>me</span> <span class='ocrx_word' id='word_1_48' title='bbox 925 2480 1222 2568; x_wconf 80' lang='lat' dir='ltr'>perdidit,</span> <span class='ocrx_word' id='word_1_49' title='bbox 1266 2478 1388 2546; x_wconf 86' lang='lat' dir='ltr'>hoe</span> <span class='ocrx_word' id='word_1_50' title='bbox 1431 2499 1678 2567; x_wconf 86' lang='lat' dir='ltr'>quoque</span> <span class='ocrx_word' id='word_1_51' title='bbox 1724 2479 1985 2547; x_wconf 75' lang='lat' dir='ltr'><strong>dimisit.</strong></span> 
     </span>
    </p>
   </div>
   <div class='ocr_carea' id='block_1_6' title="bbox 1246 2614 1671 2625">
    <p class='ocr_par' dir='ltr' id='par_1_6' title="bbox 1246 2614 1671 2625">
     <span class='ocr_line' id='line_1_10' title="bbox 1246 2614 1671 2625; baseline 0 0"><span class='ocrx_word' id='word_1_52' title='bbox 1246 2614 1671 2625; x_wconf 95' lang='lat' dir='ltr'> </span> 
     </span>
    </p>
   </div>
   <div class='ocr_carea' id='block_1_7' title="bbox 277 2693 2805 4424">
    <p class='ocr_par' dir='ltr' id='par_1_7' title="bbox 279 2693 2632 2902">
     <span class='ocr_line' id='line_1_11' title="bbox 279 2693 2630 2783; baseline -0.001 -16"><span class='ocrx_word' id='word_1_53' title='bbox 279 2693 468 2766; x_wconf 84' lang='lat'><strong>463.</strong></span> <span class='ocrx_word' id='word_1_54' title='bbox 505 2698 820 2763; x_wconf 74' lang='lat' dir='ltr'>Wibaldus</span> <span class='ocrx_word' id='word_1_55' title='bbox 849 2698 1203 2762; x_wconf 73' lang='lat' dir='ltr'>Adrianum</span> <span class='ocrx_word' id='word_1_56' title='bbox 1230 2696 1584 2783; x_wconf 80' lang='lat' dir='ltr'>leapam</span> <span class='ocrx_word' id='word_1_57' title='bbox 1632 2697 1710 2762; x_wconf 79' lang='lat' dir='ltr'>de</span> <span class='ocrx_word' id='word_1_58' title='bbox 1742 2695 2018 2763; x_wconf 75' lang='lat' dir='ltr'>Gerardi</span> <span class='ocrx_word' id='word_1_59' title='bbox 2058 2695 2354 2763; x_wconf 71' lang='lat' dir='ltr'>scholaris</span> <span class='ocrx_word' id='word_1_60' title='bbox 2397 2707 2455 2763; x_wconf 73' lang='lat' dir='ltr'>et</span> <span class='ocrx_word' id='word_1_61' title='bbox 2486 2695 2630 2764; x_wconf 71' lang='lat' dir='ltr'>Gis-</span> 
     </span>
     <span class='ocr_line' id='line_1_12' title="bbox 509 2813 2632 2902; baseline 0 -23"><span class='ocrx_word' id='word_1_62' title='bbox 509 2814 721 2879; x_wconf 76' lang='lat' dir='ltr'>leberti</span> <span class='ocrx_word' id='word_1_63' title='bbox 763 2815 1176 2878; x_wconf 76' lang='lat' dir='ltr'>controversia</span> <span class='ocrx_word' id='word_1_64' title='bbox 1218 2815 1286 2878; x_wconf 79' lang='lat' dir='ltr'>in</span> <span class='ocrx_word' id='word_1_65' title='bbox 1313 2813 1546 2902; x_wconf 78' lang='lat' dir='ltr'>synodo</span> <span class='ocrx_word' id='word_1_66' title='bbox 1579 2813 1915 2879; x_wconf 70' lang='lat' dir='ltr'>Leodiensi</span> <span class='ocrx_word' id='word_1_67' title='bbox 1942 2814 2284 2900; x_wconf 70' lang='lat' dir='ltr'>disceptata</span> <span class='ocrx_word' id='word_1_68' title='bbox 2313 2814 2632 2879; x_wconf 77' lang='lat' dir='ltr'><strong><em>certiorem</em></strong></span> 
     </span>
    </p>

    <p class='ocr_par' dir='ltr' id='par_1_8' title="bbox 495 2925 2629 3017">
     <span class='ocr_line' id='line_1_13' title="bbox 495 2925 2629 3017; baseline -0.001 -22"><span class='ocrx_word' id='word_1_69' title='bbox 495 2929 679 3017; x_wconf 75' lang='lat' dir='ltr'>facit.</span> <span class='ocrx_word' id='word_1_70' title='bbox 2308 2925 2418 3010; x_wconf 89' lang='grc' dir='ltr'>(Μ.</span> <span class='ocrx_word' id='word_1_71' title='bbox 2449 2926 2629 3010; x_wconf 87' lang='grc'><strong>426.)</strong></span> 
     </span>
    </p>

    <p class='ocr_par' dir='ltr' id='par_1_9' title="bbox 277 3058 2805 3499">
     <span class='ocr_line' id='line_1_14' title="bbox 461 3058 2805 3147; baseline -0.002 -19"><span class='ocrx_word' id='word_1_72' title='bbox 461 3059 826 3128; x_wconf 81' lang='lat' dir='ltr'>Reverendo</span> <span class='ocrx_word' id='word_1_73' title='bbox 870 3060 940 3126; x_wconf 92' lang='lat' dir='ltr'>in</span> <span class='ocrx_word' id='word_1_74' title='bbox 970 3059 1219 3126; x_wconf 88' lang='lat' dir='ltr'>Christo</span> <span class='ocrx_word' id='word_1_75' title='bbox 1263 3061 1434 3147; x_wconf 86' lang='lat' dir='ltr'>patri</span> <span class='ocrx_word' id='word_1_76' title='bbox 1478 3080 1592 3127; x_wconf 88' lang='lat' dir='ltr'>suo</span> <span class='ocrx_word' id='word_1_77' title='bbox 1639 3065 1705 3126; x_wconf 92' lang='lat' dir='ltr'>et</span> <span class='ocrx_word' id='word_1_78' title='bbox 1748 3060 2002 3127; x_wconf 88' lang='lat' dir='ltr'>domino</span> <span class='ocrx_word' id='word_1_79' title='bbox 2030 3058 2365 3142; x_wconf 83' lang='lat' dir='ltr'>A(driano)</span> <span class='ocrx_word' id='word_1_80' title='bbox 2409 3062 2523 3127; x_wconf 90' lang='lat' dir='ltr'>uni</span> <span class='ocrx_word' id='word_1_81' title='bbox 2566 3066 2632 3128; x_wconf 84' lang='lat' dir='ltr'>et</span> <span class='ocrx_word' id='word_1_82' title='bbox 2667 3067 2805 3124; x_wconf 76' lang='lat'><strong>115⁷</strong></span> 
     </span>
     <span class='ocr_line' id='line_1_15' title="bbox 278 3175 2630 3264; baseline -0.001 -19"><span class='ocrx_word' id='word_1_83' title='bbox 278 3176 630 3245; x_wconf 84' lang='lat' dir='ltr'>universali</span> <span class='ocrx_word' id='word_1_84' title='bbox 682 3196 888 3264; x_wconf 86' lang='lat' dir='ltr'>papae</span> <span class='ocrx_word' id='word_1_85' title='bbox 941 3176 1137 3245; x_wconf 83' lang='lat' dir='ltr'>frater</span> <span class='ocrx_word' id='word_1_86' title='bbox 1180 3175 1557 3258; x_wconf 88' lang='lat' dir='ltr'>W(ibaldus)</span> <span class='ocrx_word' id='word_1_87' title='bbox 1602 3175 1725 3243; x_wconf 91' lang='lat' dir='ltr'>Dei</span> <span class='ocrx_word' id='word_1_88' title='bbox 1780 3177 1988 3260; x_wconf 86' lang='lat' dir='ltr'>gratia</span> <span class='ocrx_word' id='word_1_89' title='bbox 2041 3176 2139 3261; x_wconf 93' lang='lat' dir='ltr'>id,</span> <span class='ocrx_word' id='word_1_90' title='bbox 2195 3176 2365 3263; x_wconf 87' lang='lat' dir='ltr'>quod</span> <span class='ocrx_word' id='word_1_91' title='bbox 2418 3182 2517 3244; x_wconf 87' lang='lat' dir='ltr'>est</span> <span class='ocrx_word' id='word_1_92' title='bbox 2560 3177 2630 3243; x_wconf 91' lang='lat' dir='ltr'>in</span> 
     </span>
     <span class='ocr_line' id='line_1_16' title="bbox 280 3291 2630 3381; baseline -0.001 -19"><span class='ocrx_word' id='word_1_93' title='bbox 280 3293 593 3362; x_wconf 80' lang='lat' dir='ltr'>aeeclesia</span> <span class='ocrx_word' id='word_1_94' title='bbox 634 3292 961 3376; x_wconf 77' lang='lat' dir='ltr'>catholiea,</span> <span class='ocrx_word' id='word_1_95' title='bbox 1007 3291 1264 3359; x_wconf 87' lang='lat' dir='ltr'>filialem</span> <span class='ocrx_word' id='word_1_96' title='bbox 1307 3292 1378 3359; x_wconf 89' lang='lat' dir='ltr'>in</span> <span class='ocrx_word' id='word_1_97' title='bbox 1416 3292 1668 3359; x_wconf 86' lang='lat' dir='ltr'>Christo</span> <span class='ocrx_word' id='word_1_98' title='bbox 1714 3291 2112 3360; x_wconf 77' lang='lat' dir='ltr'>dilectionem</span> <span class='ocrx_word' id='word_1_99' title='bbox 2157 3297 2221 3359; x_wconf 87' lang='lat' dir='ltr'>et</span> <span class='ocrx_word' id='word_1_100' title='bbox 2264 3297 2630 3381; x_wconf 88' lang='lat' dir='ltr'>promptum</span> 
     </span>
     <span class='ocr_line' id='line_1_17' title="bbox 277 3408 1486 3499; baseline -0.004 -20"><span class='ocrx_word' id='word_1_101' title='bbox 277 3431 403 3499; x_wconf 86' lang='lat' dir='ltr'>per</span> <span class='ocrx_word' id='word_1_102' title='bbox 446 3410 662 3477; x_wconf 89' lang='lat' dir='ltr'>omnia</span> <span class='ocrx_word' id='word_1_103' title='bbox 705 3408 1052 3477; x_wconf 84' lang='lat' dir='ltr'>devotionis</span> <span class='ocrx_word' id='word_1_104' title='bbox 1099 3409 1486 3496; x_wconf 80' lang='lat' dir='ltr'><strong>obsequium.</strong></span> 
     </span>
    </p>

    <p class='ocr_par' dir='ltr' id='par_1_10' title="bbox 280 3519 2630 4424">
     <span class='ocr_line' id='line_1_18' title="bbox 467 3519 2629 3612; baseline -0.001 -19"><span class='ocrx_word' id='word_1_105' title='bbox 467 3526 628 3593; x_wconf 90' lang='lat' dir='ltr'>Cum</span> <span class='ocrx_word' id='word_1_106' title='bbox 672 3545 950 3592; x_wconf 80' lang='lat' dir='ltr'>essemus</span> <span class='ocrx_word' id='word_1_107' title='bbox 992 3526 1063 3591; x_wconf 92' lang='lat' dir='ltr'>in</span> <span class='ocrx_word' id='word_1_108' title='bbox 1106 3525 1346 3612; x_wconf 81' lang='lat' dir='ltr'>synodo</span> <span class='ocrx_word' id='word_1_109' title='bbox 1378 3525 1593 3593; x_wconf 87' lang='lat' dir='ltr'>domni</span> <span class='ocrx_word' id='word_1_110' title='bbox 1622 3522 1989 3592; x_wconf 87' lang='lat' dir='ltr'>Leodiensis</span> <span class='ocrx_word' id='word_1_111' title='bbox 2020 3523 2300 3612; x_wconf 79' lang='lat' dir='ltr'>episcopi</span> <span class='ocrx_word' id='word_1_112' title='bbox 2310 3519 2354 3608; x_wconf 81' lang='lat'>⁸,</span> <span class='ocrx_word' id='word_1_113' title='bbox 2401 3522 2629 3591; x_wconf 87' lang='lat' dir='ltr'>Gerar-</span> 
     </span>
     <span class='ocr_line' id='line_1_19' title="bbox 282 3638 2630 3728; baseline -0.001 -18"><span class='ocrx_word' id='word_1_114' title='bbox 282 3643 406 3711; x_wconf 88' lang='lat' dir='ltr'>dus</span> <span class='ocrx_word' id='word_1_115' title='bbox 451 3642 710 3728; x_wconf 88' lang='lat' dir='ltr'>quidam</span> <span class='ocrx_word' id='word_1_116' title='bbox 754 3640 1012 3708; x_wconf 76' lang='lat' dir='ltr'>scolaris</span> <span class='ocrx_word' id='word_1_117' title='bbox 1057 3646 1435 3727; x_wconf 77' lang='lat' dir='ltr'>conquestus</span> <span class='ocrx_word' id='word_1_118' title='bbox 1480 3646 1596 3726; x_wconf 87' lang='lat' dir='ltr'>est,</span> <span class='ocrx_word' id='word_1_119' title='bbox 1644 3640 1811 3727; x_wconf 87' lang='lat' dir='ltr'>quod</span> <span class='ocrx_word' id='word_1_120' title='bbox 1848 3640 2104 3727; x_wconf 89' lang='lat' dir='ltr'>quidam</span> <span class='ocrx_word' id='word_1_121' title='bbox 2134 3639 2521 3708; x_wconf 89' lang='lat' dir='ltr'>Gislebertus</span> <span class='ocrx_word' id='word_1_122' title='bbox 2550 3638 2630 3708; x_wconf 87' lang='lat' dir='ltr'>de</span> 
     </span>
     <span class='ocr_line' id='line_1_20' title="bbox 280 3756 2629 3845; baseline -0.002 -18"><span class='ocrx_word' id='word_1_123' title='bbox 280 3758 611 3827; x_wconf 83' lang='lat' dir='ltr'>Aiunkurt</span> <span class='ocrx_word' id='word_1_124' title='bbox 665 3757 1049 3845; x_wconf 88' lang='lat' dir='ltr'>prebendam</span> <span class='ocrx_word' id='word_1_125' title='bbox 1106 3778 1287 3824; x_wconf 90' lang='lat' dir='ltr'>suam</span> <span class='ocrx_word' id='word_1_126' title='bbox 1341 3757 1464 3824; x_wconf 92' lang='lat' dir='ltr'>sibi</span> <span class='ocrx_word' id='word_1_127' title='bbox 1508 3757 1814 3842; x_wconf 82' lang='lat' dir='ltr'>auferret,</span> <span class='ocrx_word' id='word_1_128' title='bbox 1872 3778 2061 3843; x_wconf 89' lang='lat' dir='ltr'>quam</span> <span class='ocrx_word' id='word_1_129' title='bbox 2107 3757 2169 3824; x_wconf 87' lang='lat' dir='ltr'>ei</span> <span class='ocrx_word' id='word_1_130' title='bbox 2212 3756 2471 3824; x_wconf 83' lang='lat' dir='ltr'>dederat</span> <span class='ocrx_word' id='word_1_131' title='bbox 2512 3756 2629 3823; x_wconf 88' lang='lat' dir='ltr'>sub</span> 
     </span>
     <span class='ocr_line' id='line_1_21' title="bbox 281 3872 2630 3943; baseline -0.002 -1"><span class='ocrx_word' id='word_1_132' title='bbox 281 3875 632 3943; x_wconf 86' lang='lat' dir='ltr'>multorum</span> <span class='ocrx_word' id='word_1_133' title='bbox 686 3873 1045 3940; x_wconf 83' lang='lat' dir='ltr'>testimonio</span> <span class='ocrx_word' id='word_1_134' title='bbox 1104 3873 1369 3939; x_wconf 90' lang='lat' dir='ltr'>domnus</span> <span class='ocrx_word' id='word_1_135' title='bbox 1414 3872 1730 3940; x_wconf 89' lang='lat' dir='ltr'>Walterus</span> <span class='ocrx_word' id='word_1_136' title='bbox 1778 3873 1972 3941; x_wconf 89' lang='lat' dir='ltr'>abbas</span> <span class='ocrx_word' id='word_1_137' title='bbox 2016 3872 2385 3940; x_wconf 88' lang='lat' dir='ltr'>monasterii</span> <span class='ocrx_word' id='word_1_138' title='bbox 2428 3872 2630 3938; x_wconf 84' lang='lat' dir='ltr'>saneti</span> 
     </span>
     <span class='ocr_line' id='line_1_22' title="bbox 280 3987 2628 4077; baseline -0.002 -19"><span class='ocrx_word' id='word_1_139' title='bbox 280 3990 634 4076; x_wconf 86' lang='lat' dir='ltr'>Laurentii,</span> <span class='ocrx_word' id='word_1_140' title='bbox 679 3990 790 4077; x_wconf 91' lang='lat' dir='ltr'>qui</span> <span class='ocrx_word' id='word_1_141' title='bbox 833 4009 1001 4056; x_wconf 84' lang='lat' dir='ltr'>nune</span> <span class='ocrx_word' id='word_1_142' title='bbox 1041 3989 1245 4056; x_wconf 90' lang='lat' dir='ltr'>eidem</span> <span class='ocrx_word' id='word_1_143' title='bbox 1273 3989 1655 4056; x_wconf 88' lang='lat' dir='ltr'>monasterio</span> <span class='ocrx_word' id='word_1_144' title='bbox 1685 3988 2057 4074; x_wconf 82' lang='lat' dir='ltr'>regulariter</span> <span class='ocrx_word' id='word_1_145' title='bbox 2085 3993 2318 4077; x_wconf 82' lang='lat' dir='ltr'>preest,</span> <span class='ocrx_word' id='word_1_146' title='bbox 2361 3987 2628 4075; x_wconf 87' lang='lat' dir='ltr'>preben-</span> 
     </span>
     <span class='ocr_line' id='line_1_23' title="bbox 284 4102 2627 4191; baseline -0.003 -17"><span class='ocrx_word' id='word_1_147' title='bbox 284 4108 438 4174; x_wconf 88' lang='lat' dir='ltr'>dam</span> <span class='ocrx_word' id='word_1_148' title='bbox 466 4106 760 4174; x_wconf 82' lang='lat' dir='ltr'>videlieet</span> <span class='ocrx_word' id='word_1_149' title='bbox 803 4111 1153 4189; x_wconf 84' lang='lat' dir='ltr'>vacantem,</span> <span class='ocrx_word' id='word_1_150' title='bbox 1198 4124 1360 4191; x_wconf 91' lang='lat' dir='ltr'>quae</span> <span class='ocrx_word' id='word_1_151' title='bbox 1401 4104 1524 4172; x_wconf 86' lang='lat' dir='ltr'>fuit</span> <span class='ocrx_word' id='word_1_152' title='bbox 1566 4125 1769 4191; x_wconf 89' lang='lat' dir='ltr'>nuper</span> <span class='ocrx_word' id='word_1_153' title='bbox 1808 4105 2087 4172; x_wconf 78' lang='lat' dir='ltr'>defuncti</span> <span class='ocrx_word' id='word_1_154' title='bbox 2115 4103 2428 4189; x_wconf 88' lang='lat' dir='ltr'>quondam</span> <span class='ocrx_word' id='word_1_155' title='bbox 2458 4102 2627 4169; x_wconf 88' lang='lat' dir='ltr'>Ruo-</span> 
     </span>
     <span class='ocr_line' id='line_1_24' title="bbox 282 4219 2627 4309; baseline -0.002 -17"><span class='ocrx_word' id='word_1_156' title='bbox 282 4223 453 4292; x_wconf 91' lang='lat' dir='ltr'>berti</span> <span class='ocrx_word' id='word_1_157' title='bbox 507 4222 747 4306; x_wconf 81' lang='lat' dir='ltr'>elerici3</span> <span class='ocrx_word' id='word_1_158' title='bbox 809 4228 873 4291; x_wconf 91' lang='lat' dir='ltr'>et</span> <span class='ocrx_word' id='word_1_159' title='bbox 926 4222 1093 4308; x_wconf 92' lang='lat' dir='ltr'>quod</span> <span class='ocrx_word' id='word_1_160' title='bbox 1137 4221 1176 4287; x_wconf 73' lang='lat' dir='ltr'>a</span> <span class='ocrx_word' id='word_1_161' title='bbox 1218 4220 1499 4309; x_wconf 80' lang='lat' dir='ltr'>predicto</span> <span class='ocrx_word' id='word_1_162' title='bbox 1546 4220 1771 4288; x_wconf 82' lang='lat' dir='ltr'>abbate</span> <span class='ocrx_word' id='word_1_163' title='bbox 1814 4240 1930 4305; x_wconf 90' lang='lat' dir='ltr'>per</span> <span class='ocrx_word' id='word_1_164' title='bbox 1971 4219 2215 4287; x_wconf 79' lang='lat' dir='ltr'>litteras</span> <span class='ocrx_word' id='word_1_165' title='bbox 2262 4223 2327 4287; x_wconf 87' lang='lat' dir='ltr'>et</span> <span class='ocrx_word' id='word_1_166' title='bbox 2367 4219 2627 4288; x_wconf 87' lang='lat' dir='ltr'>idoneos</span> 
     </span>
     <span class='ocr_line' id='line_1_25' title="bbox 281 4335 2625 4424; baseline -0.002 -16"><span class='ocrx_word' id='word_1_167' title='bbox 281 4340 548 4409; x_wconf 79' lang='lat' dir='ltr'>nuncios</span> <span class='ocrx_word' id='word_1_168' title='bbox 594 4339 802 4406; x_wconf 91' lang='lat' dir='ltr'>iussus</span> <span class='ocrx_word' id='word_1_169' title='bbox 845 4338 1070 4405; x_wconf 86' lang='lat' dir='ltr'>fuisset</span> <span class='ocrx_word' id='word_1_170' title='bbox 1112 4337 1585 4424; x_wconf 79' lang='lat' dir='ltr'>prenominatae</span> <span class='ocrx_word' id='word_1_171' title='bbox 1630 4335 1986 4424; x_wconf 88' lang='lat' dir='ltr'>prebendae</span> <span class='ocrx_word' id='word_1_172' title='bbox 2030 4336 2348 4423; x_wconf 87' lang='lat' dir='ltr'>stipendia</span> <span class='ocrx_word' id='word_1_173' title='bbox 2380 4356 2625 4424; x_wconf 79' lang='lat' dir='ltr'>capere,</span> 
     </span>
    </p>
   </div>
   <div class='ocr_carea' id='block_1_8' title="bbox 281 4473 2625 4717">
    <p class='ocr_par' dir='ltr' id='par_1_11' title="bbox 281 4473 2625 4717">
     <span class='ocr_line' id='line_1_26' title="bbox 435 4473 2625 4549; baseline -0.002 -14"><span class='ocrx_word' id='word_1_174' title='bbox 435 4482 482 4535; x_wconf 93' lang='lat'>1.</span> <span class='ocrx_word' id='word_1_175' title='bbox 520 4480 589 4535; x_wconf 88' lang='lat' dir='ltr'>V.</span> <span class='ocrx_word' id='word_1_176' title='bbox 628 4494 713 4549; x_wconf 90' lang='lat' dir='ltr'>ep.</span> <span class='ocrx_word' id='word_1_177' title='bbox 738 4479 844 4534; x_wconf 84' lang='lat'>446</span> <span class='ocrx_word' id='word_1_178' title='bbox 881 4493 1046 4548; x_wconf 87' lang='lat' dir='ltr'>supra</span> <span class='ocrx_word' id='word_1_179' title='bbox 1077 4494 1133 4547; x_wconf 90' lang='lat' dir='ltr'>p.</span> <span class='ocrx_word' id='word_1_180' title='bbox 1158 4478 1281 4534; x_wconf 81' lang='grc'><strong>578.</strong></span> <span class='ocrx_word' id='word_1_181' title='bbox 1434 4478 1486 4532; x_wconf 83' lang='grc'>2.</span> <span class='ocrx_word' id='word_1_182' title='bbox 1523 4474 1841 4531; x_wconf 81' lang='lat' dir='ltr'>Bernhardi.</span> <span class='ocrx_word' id='word_1_183' title='bbox 1999 4476 2051 4531; x_wconf 85' lang='lat'>3.</span> <span class='ocrx_word' id='word_1_184' title='bbox 2087 4473 2344 4532; x_wconf 76' lang='lat' dir='ltr'>wibaldo</span> <span class='ocrx_word' id='word_1_185' title='bbox 2380 4474 2625 4531; x_wconf 83' lang='lat' dir='ltr'>absente.</span> 
     </span>
     <span class='ocr_line' id='line_1_27' title="bbox 281 4566 1078 4627; baseline -0.009 0"><span class='ocrx_word' id='word_1_186' title='bbox 281 4571 342 4627; x_wconf 85' lang='lat'>4.</span> <span class='ocrx_word' id='word_1_187' title='bbox 379 4569 478 4624; x_wconf 74' lang='lat' dir='ltr'>Iul-</span> <span class='ocrx_word' id='word_1_188' title='bbox 505 4569 593 4625; x_wconf 82' lang='lat'>25.</span> <span class='ocrx_word' id='word_1_189' title='bbox 734 4568 785 4623; x_wconf 90' lang='grc'>5.</span> <span class='ocrx_word' id='word_1_190' title='bbox 824 4566 1078 4622; x_wconf 83' lang='lat' dir='ltr'>Heinriei.</span> 
     </span>
     <span class='ocr_line' id='line_1_28' title="bbox 2084 4659 2201 4717; baseline 0 -20"><span class='ocrx_word' id='word_1_191' title='bbox 2084 4659 2201 4717; x_wconf 60' lang='lat'>33*</span> 
     </span>
    </p>
   </div>
  </div>
 </body>
</html>
